1742 2989
551 240 903 283 EPISTOLA
934 241 1083 283 XIII.

118 336 284 364 secessu
321 317 646 363 contubernalis
682 335 692 362 ε
725 335 825 362 cum
858 320 942 364 hoe
979 319 1114 372 seria,
1148 335 1247 362 cum
1287 319 1377 380 hoc*
1396 320 1518 379 jocos

117 394 285 436 miscui.
320 391 439 449 Quid
464 392 580 435 enim
606 401 683 434 aut
708 390 784 435 illo
811 391 979 435 fidelius
999 391 1162 444 amico,
1185 398 1261 433 aut
1280 389 1425 433 sodale
1444 391 1518 450 ju·-

117 465 328 510 cundius?
355 465 471 509 Mira
498 466 543 508 in
568 481 797 520 sermone,
823 467 933 510 mira
965 466 1095 509 etiam
1123 464 1167 507 in
1195 480 1270 508 ore
1298 464 1391 526 ipso
1419 464 1519 508 vul-

116 549 253 600 tuque
272 539 482 593 suavita53
500 538 554 582 ad
572 539 656 582 hoe
674 539 900 599 ingenium
919 537 1155 591 excelsum,
1175 536 1350 592 subtile,
1373 536 1517 591 dulce,

116 612 241 656 facile
257 648 268 667 ,
295 612 515 656 eruditum
536 613 580 655 in
598 612 757 656 caussis
772 612 961 673 agendis.
981 609 1197 672 Epistolas
1217 609 1394 670 quidem
1413 610 1519 654 seri-

114 686 200 739 bit,
233 695 283 729 ut
310 688 458 730 Musas
492 686 606 746 ipsas
641 684 775 728 latine
814 684 934 746 loqui
969 683 1130 728 credas.
1167 684 1355 726 Amatur
1389 698 1414 726 a
1452 699 1521 726 me

114 758 379 819 plurimum,
411 775 492 803 nec
519 768 664 802 tamen
692 759 896 802 vincitur.
930 757 1146 818 Equidem
1175 756 1348 816 juvenis
1374 756 1522 799 statim

1430 256 1512 301 107

109 832 286 892 juveni,
320 842 534 893 quantum
563 833 688 893 potui
718 848 797 892 per
824 840 995 874 {etatem
1014 865 1025 885 ,
1059 829 1304 874 avidissime
1330 827 1522 883 contuli,

114 914 157 949 et
185 923 327 967 nuper
352 907 406 950 ab
438 907 606 968 optimo
632 906 831 966 principe
857 906 990 948 trium
1022 903 1260 947 liberorum
1286 902 1322 945 ei
1340 903 1411 962 jus
1436 903 1523 944 im-

113 980 310 1038 petravi3
343 979 461 1040 quod
495 995 748 1040 quanquam
778 995 930 1039 parce,
964 987 1007 1021 et
1042 994 1141 1021 cum
1180 975 1351 1020 delectu
1377 975 1522 1030 daret,

114 1052 222 1095 mihi
259 1062 428 1109 tamen,
465 1063 675 1113 tanquam
711 1051 916 1112 eligeret,
945 1049 1141 1094 indulsit.
1175 1053 1279 1093 Haec
1309 1049 1521 1093 beneficia

115 1141 212 1168 mea
235 1127 348 1169 tueri
374 1125 495 1169 nullo
518 1125 648 1169 modo
665 1124 845 1180 melius,
867 1141 999 1185 quam
1020 1133 1068 1167 ut
1091 1139 1273 1184 augeam
1288 1158 1298 1177 ,
1322 1139 1522 1183 possum3

115 1200 357 1258 praesertim
393 1215 528 1259 quum
558 1199 650 1258 ipse
691 1197 763 1241 illa
798 1207 887 1241 tam
921 1207 1043 1257 grate
1077 1197 1412 1256 interpretetur,
1450 1204 1523 1249 ut,

115 1270 220 1314 dum
248 1272 396 1332 priora
429 1272 609 1331 accipit,
637 1271 878 1331 posteriora
906 1279 1138 1313 mereatur.
1163 1269 1332 1322 Habes,
1357 1266 1522 1328 qualis,

116 1360 247 1404 quam
273 1344 508 1404 probatus,
532 1361 744 1405 carusque
774 1344 829 1387 sit
849 1344 987 1387 nobis.
1015 1344 1161 1399 Quem
1192 1358 1300 1402 rogo
1317 1377 1328 1397 ,
1347 1358 1428 1402 pro
1454 1342 1523 1384 in-

115 1417 265 1477 genio,
292 1433 372 1476 pro
393 1416 570 1460 fortuna
596 1427 671 1460 tua
696 1433 891 1460 exornes.
910 1419 960 1461 In
980 1417 1133 1477 primis
1152 1433 1250 1459 ama
1270 1416 1493 1459 hominem
1511 1431 1521 1459 ε

114 1507 216 1534 nam
246 1489 347 1534 licet
376 1490 542 1534 tribuas
573 1491 612 1534 ei
645 1500 860 1551 quantum
889 1489 1205 1550 amplissimum
1240 1498 1390 1549 potes,
1413 1487 1523 1532 nihil

115 1573 262 1607 tamen
288 1563 475 1625 amplius
502 1574 626 1625 potes
649 1565 839 1608 amicitia
862 1574 936 1608 tua
959 1580 968 1608 :
991 1563 1115 1624 cujus
1131 1579 1221 1607 esse
1239 1579 1361 1615 eum,
1383 1579 1522 1622 usque

114 1638 160 1680 in
195 1638 395 1681 intimam
429 1637 793 1694 familiaritatem,
832 1655 1035 1699 capacem
1075 1654 1161 1698 quo
1200 1637 1339 1697 magis
1366 1637 1523 1691 scires,

115 1711 305 1755 breviter
334 1712 415 1755 tibi
450 1712 619 1768 studia,
646 1729 815 1768 mores,
843 1729 1017 1755 onmem
1049 1711 1238 1772 denique
1267 1712 1400 1754 vitam
1432 1710 1523 1770 ejus

115 1784 317 1844 expressi.
346 1785 639 1828 Extenderem
665 1801 837 1845 preces,
859 1786 940 1828 nisi
964 1794 1007 1828 et
1027 1794 1075 1828 tu
1094 1785 1239 1845 rogari
1265 1783 1339 1827 diu
1360 1783 1497 1827 nolles
1511 1819 1522 1839 ,

164 1914 195 1948 6.
210 1913 297 1953 Quid
307 1913 389 1943 enim
403 1921 460 1943 aut
473 1913 661 1957 illofidelius
672 1913 785 1942 amico.

116 1965 215 1997 Rom.
233 1966 320 2006 Quid
329 1966 411 1996 enim
427 1967 481 1996 illo
495 1966 692 2009 autfidelius
709 1965 788 1994 anzi-

854 1909 1093 1943 Medic.be11e.
1107 1910 1151 1942 H.
1167 1931 1211 1935 ψ-
1225 1910 1281 1943 Me
1297 1922 1436 1955 quoque
1452 1909 1526 1942 vul-

853 1969 933 2006 gata
952 1961 1124 2001 offendit;
1144 1971 1182 1995 ut
1200 1975 1271 1995 11011
1290 1963 1397 1996 mirer
1411 1988 1419 2003 ,
1440 1963 1524 1995 Cor—

117 2030 166 2048 co.
193 2017 245 2049 Ita
266 2024 358 2049 recte
379 2016 516 2062 legitur.
543 2017 589 2049 H.
615 2037 660 2041 —
684 2015 786 2048 Hunc

117 2069 276 2102 ordinem
286 2069 511 2115 praetulerunt
521 2069 658 2102 Cortius
670 2076 701 2101 et
712 2068 788 2100 Gie-

118 2122 222 2167 rigius
252 2134 260 2155 z
287 2122 589 2168 praeferemlusquc
617 2129 666 2155 est
682 2146 690 2161 ‚
715 2133 785 2153 11011

119 2174 215 2219 quod
231 2175 367 2207 mollior
387 2175 446 2215 sit,
465 2175 524 2207 sed
541 2175 623 2220 quia
642 2177 695 2206 illo
711 2185 786 2219 par-

120 2227 261 2259 ticulam
274 2228 466 2260 necessario
482 2227 658 2273 prfecedit.
675 2228 708 2260 S.

168 2292 183 2319 7
194 2306 201 2312 .
211 2282 267 2311 Ad
274 2281 333 2311 hoc
343 2282 499 2323 ingenium
511 2284 679 2312 excelsum.
688 2282 784 2313 Rom.

122 2334 177 2363 Ad
185 2333 252 2363 luec
261 2334 419 2375 ingenium
427 2336 596 2365 eaecelsum.
605 2333 649 2365 H.
658 2354 703 2357 —-
710 2333 787 2365 Per-

118 2393 222 2430 petua
236 2383 405 2416 confusio.
421 2384 483 2417 Hic
498 2385 573 2417 libri
586 2385 730 2418 Romani
743 2386 787 2417 le-

125 2437 274 2470 ctionem
293 2437 492 2482 amplcctar.
510 2436 601 2470 Vide
618 2450 722 2483 supra
742 2437 787 2470 ad

123 2490 139 2521 Ι
154 2514 163 2529 ,
185 2502 225 2522 10
241 2515 249 2529 ,
268 2491 301 2522 6.
318 2490 352 2522 S.

183 2545 213 2574 8.
243 2544 399 2585 Equidem
419 2543 543 2585 juvenis
556 2567 563 2579 ‚
596 2549 660 2576 etc.
688 2543 786 2575 Rom.

123 2597 278 2636 Equidem
304 2596 429 2638 juvenis
453 2596 565 2637 juveni
587 2620 594 2631 ‚
635 2605 789 2636 quantum

118 2649 229 2687 potui,
250 2647 322 2680 sinc
341 2650 459 2680 statim.
475 2647 519 2680 H.

171 2718 214 2722 ——
239 2700 320 2730 sslilu'
341 2709 465 2737 tamen,
492 2707 556 2733 ete.
583 2700 679 2731 Rom.
711 2701 790 2731 Mihi

126 2759 247 2789 tamen,
266 2761 429 2795 tamquam
446 2755 551 2786 liceret
562 2778 570 2790 ‚
589 2754 717 2785 indulsit
728 2779 735 2791 ,
753 2761 789 2785 ut

853 2015 939 2047 tium
954 2018 1061 2047 liceret
1079 2014 1237 2049 edidisse.
1258 2014 1526 2060 Interpretando

852 2068 976 2100 minuit
989 2067 1232 2101 difficultatem
1247 2067 1418 2113 Gierigius
1428 2093 1436 2108 ,
1454 2080 1524 2100 11011

853 2120 941 2153 tollit
957 2131 965 2152 z
983 2121 1080 2165 cujus
1096 2120 1184 2153 ratio
1203 2121 1230 2153 si
1246 2121 1376 2154 valeret
1392 2145 1400 2160 ‚
1417 2120 1525 2154 corri-

851 2172 1005 2218 gendum
1020 2181 1106 2206 esset
1119 2184 1274 2216 tanquam
1289 2176 1352 2217 ipse
1369 2176 1522 2217 elegisset.

851 2225 917 2260 Sed
934 2239 997 2259 nec
1013 2227 1079 2259 hoc
1100 2226 1322 2259 satisfaceret.
1339 2227 1373 2260 S.

903 2291 954 2312 10.
974 2284 1076 2322 Usque
1095 2282 1125 2311 in
1150 2281 1295 2311 intimam
1308 2280 1524 2323 familiarita-

853 2341 927 2364 tem.
951 2333 1051 2366 Rom.
1081 2336 1184 2375 Usque
1203 2334 1250 2363 ad
1266 2334 1411 2363 intimam
1420 2332 1525 2374 jami-

855 2386 1040 2417 lim-itatem.
1055 2384 1099 2417 H.
1116 2406 1161 2410 -—
1175 2385 1207 2419 Si
1220 2384 1524 2427 Latinitatis'regu-

853 2436 923 2469 lam
949 2436 1114 2470 adhibeas
1130 2463 1138 2478 ,
1160 2445 1344 2482 utrumque
1364 2437 1495 2468 bonum
1513 2447 1523 2475 ;

854 2489 882 2521 si
902 2489 1036 2521 aurium
1060 2503 1198 2523 sensum
1218 2489 1377 2522 consulas
1392 2513 1400 2529 ‚
1422 2488 1524 2533 longe

854 2542 974 2575 melius
998 2544 1143 2576 Romani
1169 2543 1385 2586 aliorumque
1416 2541 1522 2573 libro-

853 2607 929 2628 rum
959 2610 1055 2639 usque
1075 2599 1142 2635 ad,
1163 2595 1278 2629 Cortio
1298 2595 1378 2639 jure
1400 2594 1524 2638 proha-

854 2654 941 2680 tuni.
965 2650 998 2681 S.
1025 2670 1070 2673 —
1096 2653 1200 2691 Usque
1227 2650 1258 2678 in
1283 2646 1522 2692 comprobavit

854 2701 990 2734 Cortins
1018 2701 1134 2735 inultis
1167 2702 1302 2735 Senecae
1323 2707 1356 2731 ct
1387 2698 1519 2732 Lucani

856 2753 1028 2798 exemplis.
1045 2754 1110 2787 En.

1543 405 1563 435 6

1544 559 1564 592 7

1546 693 1566 727 8

1546 1070 1567 1100 9

1551 1293 1591 1315 10

1553 1801 1590 1822 11
