1742 2989
185 177 242 237 78

602 180 649 221 C.
686 179 915 223 PLINII
949 179 1074 222 LIB.
1110 181 1176 222 ΙΙ.

134 264 153 295 8
182 274 362 302 noscere
381 259 679 322 concupiscis,
699 275 853 303 saxeus
873 259 1126 322 ferreusque
1146 277 1203 305 es.
1225 260 1436 318 Proinde,
1454 262 1488 304 si
1508 278 1597 305 non

180 331 237 375 ob
255 331 338 375 alia
351 366 361 386 ‚
381 348 550 393 nosque
568 333 707 394 ipsos,
731 342 776 377 at
797 343 914 378 certe
931 345 982 379 ut
1000 335 1121 379 hunc
1140 334 1290 379 audias
1305 371 1316 391 ,
1336 335 1450 379 veni.
1472 337 1597 380 Nun-

178 421 370 466 quamne
397 405 539 467 legisti
566 407 837 451 Gaditanum
867 409 1104 470 quemdam
1135 409 1225 453 Titi
1260 409 1375 453 Livii
1412 409 1597 452 nomine

177 478 406 542 gloriaque
432 490 706 524 commotum
732 481 788 524 ad
812 482 1044 527 visendum
1071 499 1173 527 eum
1199 483 1254 526 ab
1280 482 1438 527 ultimo
1465 491 1598 526 terra-

176 569 276 597 rum
296 553 402 596 orbe
421 554 589 598 venisse
605 589 617 610 ,
637 554 873 616 statimque
894 565 944 600 ut
962 555 1133 600 viderat
1147 590 1158 610 ,
1179 555 1370 599 abiisse?
1394 551 1598 618 Ᾱφιλόκα-

127 795 147 826 9

105 1226 144 1247 10

172 631 243 672 λον
259 663 270 683 ,
292 627 567 673 illitteratum
582 665 593 685 ,
612 630 754 686 iners,
775 646 825 674 ac
845 647 969 691 paene
991 632 1125 675 etiam
1146 641 1275 692 turpe
1296 639 1360 674 est
1375 665 1387 686 ,
1408 645 1499 673 non
1516 646 1597 690 pu-

173 710 267 745 tare
300 703 411 746 tanti
443 703 744 763 cognitionem
764 739 775 759 ,
807 721 894 765 qua
926 703 1049 748 nulla
1079 713 1143 748 est
1170 703 1412 764 jucundior
1431 737 1442 757 ,
1475 700 1596 745 nulla

172 774 426 834 pulchrior,
458 776 579 820 nulla
609 776 802 838 denique
833 778 1085 822 humanior.
1123 779 1256 822 Dices
1289 794 1298 820 :
1332 776 1494 821 Habeo
1523 777 1596 820 lzz‘c

171 864 285 907 quos
300 851 448 911 legam
461 885 474 906 ,
497 867 589 895 72072
608 855 756 896 mima<
773 852 976 897 dzkertos.
998 853 1143 896 Etiam
1164 868 1173 895 z
1195 852 1270 896 sed
1290 850 1464 912 legendi
1485 866 1595 893 sem·

172 936 251 980 per
267 924 437 967 occasio
454 933 536 979 est,
557 924 763 969 audiendi
783 943 874 969 non
893 942 1080 987 semper.
1105 927 1321 969 Praeterea
1341 923 1483 968 multo
1504 940 1594 967 ma-

171 994 235 1052 gis
251 1029 263 1049 ,
290 1004 339 1038 ut
363 995 497 1057 vulgo
523 996 708 1051 dicitur,
733 999 830 1042 viva
855 1015 939 1043 vox
966 998 1130 1043 adficit.
1154 1000 1271 1044 Nam
1297 997 1398 1042 licet
1422 997 1594 1041 acriora

169 1067 283 1123 sint,
307 1085 404 1128 quae
424 1068 542 1130 legas
558 1106 570 1126 ,
592 1070 722 1114 altius
747 1080 897 1115 tamen
923 1073 969 1115 in
996 1073 1145 1116 animo
1174 1071 1353 1126 sedent,
1377 1086 1474 1130 quae
1497 1085 1594 1129 pro-

169 1142 390 1185 nuntiatio
406 1178 417 1197 ,
444 1143 591 1187 vultus
608 1178 618 1197 ,
644 1144 822 1188 habitus
838 1180 850 1200 ,
882 1155 1028 1206 gestus
1054 1146 1186 1189 etiam
1213 1144 1398 1188 dicentis
1438 1141 1590 1202 affigit.

168 1215 264 1259 Nisi
288 1231 391 1258 vero
417 1215 574 1260 falsum
598 1227 805 1277 putamus
828 1217 939 1262 illud
961 1219 1178 1263 AEschinis
1201 1237 1210 1262 :
1236 1218 1339 1279 qui,
1365 1232 1503 1277 quum
1528 1214 1593 1258 le-

169 1288 299 1348 gisset
314 1289 501 1333 Rhodiis
519 1292 766 1335 orationem
781 1293 1111 1349 Demosthenis,
1128 1291 1451 1336 admirantibus
1465 1305 1593 1334 cunc—

169 1363 250 1417 tis,
275 1362 484 1423 adjecisse
504 1364 669 1409 fertur:
696 1367 750 1409 Τί
775 1361 820 1410 δὲ
839 1403 850 1423 ,
876 1369 908 1411 εἰ
934 1371 1059 1412 αὐτοῦ
1084 1376 1158 1412 τοῦ
1183 1367 1316 1428 θηρίου
1349 1364 1437 1421 [τὰ
1466 1369 1592 1409 αὑτοῦ

217 1539 250 1568 8.
276 1538 475 1568 Gaditanum
499 1539 682 1579 quemdum.
712 1538 844 1582 Repetit

166 1588 310 1622 Hieron.
335 1590 467 1635 praefat.
486 1590 629 1623 Biblior.
651 1588 695 1622 ad
714 1590 844 1622 Paulli-

166 1653 251 1673 num
268 1654 321 1686 pr.
340 1641 400 1674 scd
417 1655 564 1675 numero
580 1642 733 1687 plurium
745 1667 753 1682 ,
774 1659 787 1671 ι(
802 1641 846 1675 de

165 1693 296 1727 ultimis
315 1694 491 1740 Hispaniae
512 1695 777 1740 Galliarumque
804 1694 846 1727 fi-

165 1746 269 1779 nibus
289 1747 460 1793 quosdam
483 1747 617 1781 venisse
643 1747 777 1780 nobiles
800 1748 846 1781 le-

165 1799 278 1843 gimus
293 1825 301 1840 ‚
325 1808 388 1833 ctc.
408 1816 421 1828 π
448 1800 548 1833 Hanc
572 1800 755 1846 epistolam
775 1813 844 1846 prae

164 1852 326 1885 manibus
336 1853 552 1899 Hieronymo
562 1853 668 1886 fuisse
679 1878 687 1894 ‚
701 1861 845 1898 apparet

165 1905 269 1937 etiam
284 1905 366 1939 inde
381 1931 389 1946 ,
409 1905 505 1951 quod
519 1919 560 1939 ea
573 1931 582 1946 ,
608 1918 684 1951 quae
703 1905 747 1939 de
765 1906 844 1939 viva

164 1970 251 1991 voce
270 1983 278 1999 ‚
311 1958 466 2004 itemque
493 1957 536 1991 de
565 1958 734 1991 AEschine
764 1972 843 1991 mox

164 2009 269 2042 habet
284 2010 465 2044 Secundus
479 2036 487 2051 ,
502 2011 574 2056 ipse
589 2019 728 2045 sanctus
742 2011 843 2045 Pater

165 2061 248 2095 inde
264 2063 413 2108 repetiit.
433 2063 476 2095 G.

213 2126 246 2155 9.
263 2118 418 2159 Legendi.
435 2140 441 2146 .
458 2139 465 2147 .
482 2128 562 2146 ,non
575 2127 708 2158 semper.
728 2119 843 2148 Prcece<

165 2179 233 2199 rea.
248 2168 347 2199 Rom.
359 2170 500 2211 Legendi
508 2180 630 2209 semper
642 2180 769 2199 occasto
784 2178 839 2205 est,

165 2221 323 2252 audiendi
334 2234 410 2252 non.
427 2224 602 2252 Prceterea.
617 2218 661 2251 H.

212 2292 258 2296 —
280 2274 421 2304 Acrz'ora
443 2275 517 2304 sint.
543 2271 643 2304 Mens
671 2271 787 2304 acrius
809 2280 842 2305 et

166 2325 299 2370 plenius
318 2325 481 2370 perspicit
500 2331 534 2357 et
553 2322 671 2362 videt,
691 2336 767 2370 quse
794 2325 841 2357 le-

165 2378 292 2422 gimus.
313 2379 353 2411 E.

217 2451 271 2471 Io.
301 2437 339 2471 Τί
359 2435 415 2472 δὲ,
440 2438 466 2470 εἰ
486 2437 582 2469 αὐτοῦ
602 2442 666 2467 etc,
684 2436 782 2468 Rom.
803 2438 841 2471 Τί

167 2488 205 2523 δὲ
244 2492 269 2523 εἰ
305 2492 402 2524 αὐτοῦ
435 2490 539 2534 θηρίου
574 2489 740 2524 ἀκηκόειτε
789 2492 845 2520 vel

166 2544 340 2579 ἠκούσατε,
361 2543 492 2575 Desunt
518 2541 561 2574 τὰ
588 2543 685 2575 αὑτοῦ
709 2542 840 2586 ῥήματα

170 2598 321 2637 βοῶντος.
330 2593 573 2628 Desuntctiam
585 2617 594 2633 ,
607 2605 683 2638 quac
694 2606 842 2638 sequun-

170 2654 225 2679 tur
252 2659 259 2679 ;
299 2651 337 2679 Et
368 2658 438 2679 erat
465 2647 628 2680 AEsclzines
660 2658 768 2691 usquc
799 2646 843 2678 ad

171 2703 490 2746 μεγαλοφωνότατος.
524 2700 567 2732 Η.
594 2720 638 2724 —
666 2699 842 2731 Articulus

910 1544 990 1570 ante
1018 1541 1121 1586 θηρίου
1152 1539 1189 1572 in
1220 1540 1319 1572 Rom.
1351 1536 1442 1570 male
1479 1537 1588 1569 abest.

909 1592 1019 1624 Notus
1035 1591 1213 1636 particulae
1227 1594 1283 1624 vel
1294 1603 1376 1623 usus
1390 1591 1427 1622 in
1441 1588 1590 1622 lectione

910 1643 1040 1689 duplici
1050 1643 1244 1691 jungenda.
1256 1642 1340 1676 Vid.
1352 1641 1531 1676 Drakenb.
1545 1641 1591 1675 ad

911 1697 987 1729 Liv.
1003 1698 1041 1736 I,
1063 1699 1124 1737 16,
1142 1697 1233 1737 331,
1251 1709 1313 1737 20,
1329 1708 1362 1740 7.
1379 1696 1413 1729 S.
1428 1697 1589 1729 -Αὐτοῢ

913 1755 966 1785 τοῦ
978 1751 1094 1797 θηρίου.
1106 1749 1191 1783 Vid.
1207 1750 1347 1783 Jacobs.
1363 1750 1446 1782 Not.
1463 1746 1508 1780 ad
1521 1748 1590 1780 An-

911 1802 997 1835 thol.
1023 1803 1137 1836 Graec.
1163 1803 1216 1835 III
1231 1828 1240 1843 ,
1266 1816 1282 1835 2
1297 1814 1305 1842 ;
1329 1814 1410 1847 pag.
1443 1805 1519 1841 114.
1553 1800 1587 1834 S.

912 1873 961 1877 *-
988 1857 1038 1891 Τὰ
1061 1858 1157 1890 αὑτοῦ
1178 1857 1310 1902 ῥήματα
1328 1858 1479 1899 βοῶντος.
1508 1854 1587 1887 Non

910 1908 1021 1941 ausim
1043 1907 1211 1942 damnare
1234 1907 1307 1940 haec
1327 1908 1431 1941 verba
1448 1932 1456 1947 ,
1477 1918 1588 1952 quum

909 1961 1146 2007 Hieronymus
1157 1986 1166 2001 ‚
1177 1961 1237 2006 qui
1248 1968 1404 1994 nostrum
1417 1966 1496 1993 ante
1507 1971 1588 1991 ocu-

908 2014 959 2048 los
973 2014 1116 2054 habuit,
1139 2014 1266 2047 diserte
1283 2025 1291 2046 :
1311 2015 1397 2055 Quid
1408 2015 1437 2045 si
1447 2014 1586 2044 audisse-

909 2069 947 2098 tis
974 2070 1107 2099 bestiam
1134 2080 1193 2098 sua
1220 2068 1321 2098 verba
1350 2074 1554 2097 resonantem
1570 2071 1587 2096 ,⁷⁹

909 2119 1079 2153 Caeterum
1090 2119 1217 2152 mirum
1230 2127 1280 2152 est
1291 2144 1299 2158 ,
1313 2130 1420 2164 quam
1430 2117 1484 2151 vix
1494 2116 1584 2150 ullus

908 2173 1135 2217 scriptorum,
1163 2172 1224 2217 qui
1243 2172 1346 2218 hujus
1369 2171 1419 2203 rei
1442 2169 1586 2203 mentio-

909 2238 988 2258 nem
1007 2225 1137 2264 seeere,
1154 2236 1234 2256 cum
1254 2223 1322 2256 alio
1339 2223 1441 2268 plane
1457 2234 1584 2255 conve-

908 2277 992 2310 niat.
1016 2281 1213 2322 Compara,
1239 2276 1299 2322 qui
1326 2275 1458 2309 discere
1477 2274 1583 2308 fidem

907 2329 1150 2363 narrationum
1171 2328 1392 2373 vulgatarum
1409 2328 1560 2361 volueris
1574 2352 1582 2367 ‚

908 2382 980 2415 Cic.
1002 2381 1046 2415 de
1065 2383 1163 2415 Orat.
1182 2383 1235 2414 III
1251 2407 1259 2422 ,
1277 2383 1340 2422 563
1356 2380 1582 2413 Plutarchum

908 2435 942 2467 in
954 2435 1032 2468 vitis
1042 2435 1072 2466 X
1083 2433 1323 2479 Sophistarum
1334 2458 1343 2473 ,
1356 2445 1391 2478 p.
1409 2445 1420 2463 1
1429 2432 1494 2471 544
1506 2457 1515 2472 ,
1529 2445 1580 2478 sq.

907 2487 951 2520 H.
968 2487 1171 2532 Steph.Val.
1187 2486 1372 2519 Max-,VIII
1387 2510 1395 2525 ,
1415 2496 1454 2517 10
1468 2496 1477 2524 ;
1492 2485 1580 2517 Plin.

908 2541 1032 2586 major.
1046 2540 1114 2572 VII
1128 2565 1138 2580 ,
1160 2540 1203 2573 30
1218 2564 1226 2579 ,
1248 2551 1317 2583 seq.
1338 2539 1377 2571 31
1392 2549 1402 2578 ;
1420 2537 1579 2571 philostr.

908 2592 952 2625 de
964 2593 1042 2626 vitis
1055 2593 1205 2638 Sophist.
1220 2593 1236 2624 I
1250 2616 1259 2631 ‚
1281 2603 1319 2634 19
1335 2616 1344 2631 ,
1363 2590 1380 2623 5
1394 2602 1402 2629 ;
1419 2590 1579 2622 Photium

908 2646 998 2678 Bibl.
1016 2646 1060 2679 11⁰
1078 2648 1117 2678 61
1136 2670 1144 2684 ‚
1169 2658 1201 2690 p.
1223 2657 1263 2686 25)
1279 2656 1287 2683 3
1302 2642 1437 2675 Hoescli.
1460 2643 1582 2676 Noster

910 2699 1032 2731 iterum
1049 2704 1217 2730 memorat
1233 2696 1296 2735 lv,
1314 2697 1330 2729 5
1345 2721 1353 2734 ,
1375 2708 1401 2727 1.
1419 2694 1462 2727 G.
