1742 2989
158 232 165 258 ι
179 213 239 256 66

562 215 609 255 C.
648 211 872 254 PLINII
907 211 1026 254 LIB.
1062 209 1125 251 ΙΙ.

161 343 499 354 ι’νςιὶιιιιννυυιιω
505 342 641 352 nunus
646 333 1531 351 smsuoesxmsummmsunmsummmmwss

793 463 903 518 IX.

254 605 428 655 Singulos
452 613 556 640 actus
580 611 616 638 ct
638 610 816 638 eventum
838 600 1086 638 accusationis
1109 599 1263 637 Classici
1284 605 1445 634 enarrat.

372 737 680 766 C.PL1N1US
716 719 1095 764 MINUCIANO*
1131 734 1227 762 suo
1263 735 1296 761 s.

210 853 394 895 Possum
417 850 507 910 jam
532 848 801 910 perscribere
824 848 901 891 tibi
917 883 929 903 ‚
954 857 1169 909 quantum
1192 848 1236 889 in
1257 844 1433 906 publica
1452 861 1554 904 pro=

149 927 301 969 vinciae
326 925 493 968 Baetieae
519 939 668 968 caussa
692 922 852 966 laboris
876 922 1151 966 exhauserim
1175 937 1184 963 :
1213 936 1314 962 nam
1337 918 1420 961 fuit
1446 916 1557 960 mul-

111 1021 126 1038 ἰ
150 998 307 1058 tiplex,
337 1007 521 1058 actaque
558 1007 622 1040 est
657 997 814 1056 saepius
844 1012 943 1039 cum
981 1010 1142 1054 magna
1177 993 1400 1036 varietate.
1429 988 1557 1034 Unde

151 1070 367 1115 varietas?
392 1071 507 1114 uncle
528 1070 675 1132 plures
701 1068 926 1114 actiones?
949 1068 1148 1113 Caecilius
1167 1066 1406 1119 Classicus,
1424 1064 1559 1107 homo

152 1144 290 1187 foedus
317 1154 361 1188 et
389 1154 538 1204 aperte
565 1143 727 1199 malus,
754 1141 1115 1204 proconsulatum
1142 1141 1188 1183 in
1218 1156 1268 1183 ea
1294 1155 1384 1182 non
1416 1138 1560 1180 minus

153 1218 366 1261 violenter
403 1234 534 1278 quam
569 1217 742 1261 sordide
780 1226 992 1277 gesserat,
1029 1214 1182 1258 eodem
1220 1229 1363 1265 anno,
1392 1227 1480 1272 quo
1514 1211 1560 1253 in

113 1301 131 1332 3
160 1291 301 1334 Africa
320 1292 490 1334 Marius
516 1291 704 1334 Priscus.
733 1291 839 1333 Erat
864 1299 1012 1332 autem
1031 1288 1205 1332 Priscus
1231 1303 1284 1330 ex.
1310 1285 1490 1338 Baetica,
1509 1299 1562 1326 ex

153 1364 301 1407 Africa
328 1363 541 1408 Classicus
563 1382 570 1407 :
601 1364 701 1407 inde
725 1363 892 1407 dictum
914 1364 1174 1406 Baeticorum
1197 1360 1275 1422 (ut
1303 1358 1562 1420 plerumque

153 1436 278 1480 dolor
319 1437 449 1479 etiam
486 1447 691 1480 venustos
729 1437 858 1496 facit)
889 1453 979 1479 non
1022 1435 1248 1496 illepidum
1289 1431 1514 1477 ferebatur
1551 1447 1560 1473 ε

202 1564 262 1594 ΙΧ.
284 1562 298 1578 *
319 1563 378 1594 Est
400 1561 496 1594 haud
520 1561 626 1595 dubie
648 1561 740 1594 idem
771 1562 828 1595 ille

159 1617 320 1648 Cornelias
335 1617 536 1646 Minuciamts
554 1614 809 1659 transpadanus
821 1638 829 1652 ,

158 1680 262 1714 quem
276 1668 345 1700 VII
361 1693 370 1708 ‚
387 1680 440 1713 ep.
459 1680 498 1700 22
514 1692 523 1707 ‚
542 1679 561 1699 a
579 1668 716 1711 generis
730 1667 829 1699 nobi-

158 1721 252 1753 litate
266 1745 274 1760 ‚
297 1733 316 1753 a
337 1720 558 1754 facultatibus
572 1744 581 1759 ,
602 1732 622 1752 a
646 1719 788 1758 studiis,
809 1732 829 1751 a

159 1773 364 1806 fortitudine
382 1775 419 1806 in
441 1774 570 1806 caussis
591 1771 735 1818 agendis
748 1797 757 1811 ‚
783 1773 827 1804 ab

158 1827 315 1859 amicitiae
333 1826 401 1859 fide
417 1825 638 1859 commendat
652 1851 661 1866 ‚
675 1833 713 1858 ut
727 1826 757 1858 ei
772 1826 830 1857 tri-

160 1879 330 1912 bunatum
352 1892 371 1912 a
391 1879 540 1912 Falcone
562 1880 734 1925 impetret.
762 1879 828 1910 En.

211 1944 224 1962 1
234 1957 242 1964 .
257 1934 436 1975 Inpublica
447 1956 547 1964 .....
557 1945 681 1964 caussa.
697 1932 746 1964 De
760 1943 830 1976 qua

161 1996 264 2028 supra
277 1985 330 2016 III
343 2009 352 2024 ‚
376 1989 408 2024 ιῑ.
423 1984 467 2017 G.

211 2048 242 2067 2.
264 2038 353 2066 Unde
366 2039 475 2078 plures
499 2037 641 2068 actiones
655 2042 671 2067 ,³
693 2036 746 2067 Ab
764 2035 831 2068 hoc

165 2095 336 2120 commate
359 2088 477 2120 abesse
496 2087 621 2121 debere
642 2089 832 2134 interroga-

164 2140 266 2172 tionis
280 2147 399 2172 notam
411 2165 419 2179 ,
433 2141 569 2173 monuit
584 2141 830 2174 Casaubonus:

165 2192 224 2224 sed
248 2205 319 2225 non
341 2191 510 2237 judicavit
535 2205 705 2226 caussam.
727 2195 833 2227 Nobis

165 2243 345 2277 videbatur
358 2244 538 2278 retinenda
551 2271 560 2285 ‚
577 2254 613 2278 ut
631 2246 769 2291 gemina
786 2248 836 2280 in-

168 2297 400 2341 terrogatione
444 2307 687 2342 argumentum
731 2300 835 2333 totius

168 2342 376 2382 narrationis
388 2350 610 2383 indicaretur.
623 2352 667 2384 G.
680 2373 725 2376 b
736 2354 832 2385 Rom.

173 2405 262 2433 Unde
282 2405 391 2445 plures
417 2405 558 2434 acciones
568 2410 584 2434 :³
602 2405 679 2437 Non
698 2413 833 2437 mutan-

170 2454 254 2487 dum
272 2454 420 2487 videtur.
442 2455 487 2488 H.

218 2528 260 2531 —
276 2512 312 2538 ln
329 2521 376 2540 ea.
394 2511 445 2539 Ea
460 2507 504 2540 ad
516 2508 673 2541 Baeticam
688 2509 837 2541 reseren-

172 2559 256 2591 ‹lnm
276 2573 349 2593 esse
363 2585 371 2600 ‚
392 2569 515 2605 sponte
534 2568 675 2605 apparet
698 2572 705 2592 :
733 2568 769 2592 ut
789 2562 838 2592 in-

173 2619 287 2655 eptum
309 2612 348 2644 sit
372 2612 569 2645 Secundum
588 2612 644 2644 hic
663 2612 838 2656 negligen-

172 2663 223 2694 sim
246 2676 427 2697 arcessere.
449 2664 596 2696 Plurima
627 2665 659 2696 in
682 2672 835 2696 veterum

174 2715 266 2747 libris
283 2716 441 2760 leguntur
455 2742 463 2756 ‚
483 2717 539 2749 ubi
557 2717 631 2748 illos
648 2716 743 2749 ‹licas
759 2716 836 2749 dor-

896 1562 1034 1594 mitasse
1052 1586 1060 1601 ‚
1096 1562 1123 1593 si
1152 1568 1350 1594 nostrorum
1380 1558 1564 1592 hominum

893 1623 1064 1660 praecepta
1083 1615 1150 1647 stili
1169 1627 1232 1660 pro
1250 1626 1375 1646 norma
1394 1609 1565 1646 scribendi

893 1668 1037 1701 habeas.
1053 1668 1088 1701 S.
1107 1686 1154 1691 ——-
1169 1671 1210 1698 In
1228 1668 1344 1710 Africa
1361 1667 1498 1697 BIarius.
1515 1664 1565 1695 De

896 1732 966 1765 quo
986 1733 1092 1766 supra
1106 1720 1141 1751 II
1151 1745 1160 1760 ‚
1187 1731 1199 1750 1
1210 1731 1223 1751 1
1233 1745 1240 1752 .
1256 1719 1300 1751 G.

935 1773 968 1805 3.
978 1775 1082 1804 Dolor
1093 1774 1193 1803 eciam
1204 1769 1456 1814 venustosfac'it.
1464 1769 1567 1802 Plura

896 1837 936 1857 ex
956 1825 1024 1858 hoc
1044 1837 1169 1870 genere
1185 1825 1221 1857 in
1236 1822 1436 1857 Verr.Tull.
1452 1847 1461 1863 ‚
1477 1834 1512 1856 v.
1530 1835 1566 1868 g.

895 1878 960 1917 IV,
981 1879 1024 1918 43
1049 1888 1057 1909 ε
1093 1878 1307 1921 «Nunquam
1322 1883 1394 1910 tarn
1410 1875 1501 1908 male
1517 1883 1568 1908 est

894 1930 1015 1965 Siculis
1027 1955 1036 1969 ‚
1053 1930 1138 1975 quin
1158 1927 1289 1974 aliquid
1303 1928 1414 1961 facete
1427 1934 1460 1960 et
1477 1939 1568 1960 com-

896 1982 1000 2016 mode
1015 1982 1131 2016 dicant
1142 2007 1150 2023 ,
1162 1990 1248 2015 etc.»
1264 1985 1467 2012 Venustacem
1484 1992 1567 2013 vero

896 2037 1000 2070 etiam
1013 2036 1049 2068 in
1066 2035 1198 2069 facetiis
1213 2042 1247 2067 et
1264 2034 1350 2079 jocis
1369 2032 1485 2066 sedem
1504 2032 1567 2065 ha-

897 2090 979 2122 here
990 2114 999 2129 ‚
1010 2102 1081 2122 non
1094 2101 1134 2121 ex
1147 2088 1276 2121 Seneca
1290 2085 1395 2119 modo
1410 2092 1546 2118 constat
1556 2109 1565 2125 ‚

897 2143 998 2187 cujus
1017 2142 1094 2174 loca
1110 2140 1168 2173 hic
1197 2139 1352 2172 laudavit
1371 2138 1540 2172 Cellarius
1556 2149 1564 2170 :

901 2194 961 2227 sed
979 2194 1081 2226 etiam
1100 2205 1140 2225 ex
1159 2192 1346 2231 Cicerone,
1363 2205 1400 2224 v.
1417 2204 1449 2236 g.
1468 2191 1566 2225 Fam.

900 2247 980 2285 XV,
1001 2258 1039 2278 21
1057 2271 1066 2285 ‚
1083 2244 1175 2278 med.
1193 2247 1290 2286 Quod
1302 2247 1361 2277 illa
1376 2246 1440 2277 sive
1454 2244 1566 2277 faceta

899 2309 972 2330 sunt
983 2324 992 2335 ,
1013 2300 1075 2329 sive
1102 2300 1147 2329 sic
1162 2299 1256 2342 sz'mzc
1273 2307 1429 2330 narrante
1456 2306 1485 2328 te
1511 2308 1568 2328 ve-

900 2351 1109 2384 nustissima.
1124 2352 1206 2392 Quin
1226 2353 1323 2382 etiam
1337 2360 1511 2392 antequam
1523 2351 1571 2380 ad

901 2417 950 2435 me
962 2405 1128 2441 veniatur,
1144 2404 1231 2435 risus
1243 2405 1343 2435 omnis
1351 2415 1444 2445 poene
1458 2414 1569 2433 consu-

901 2458 1006 2487 mitur,
1027 2455 1080 2488 Sic
1097 2454 1140 2487 de
1154 2456 1251 2488 Orat.
1269 2457 1284 2487 I
1299 2480 1307 2494 ‚
1327 2456 1367 2498 57
1380 2479 1389 2494 ‚
1406 2465 1513 2498 quum
1528 2456 1568 2484 de

901 2511 969 2540 sale
990 2518 1021 2539 et
1041 2511 1146 2550 lepore
1167 2518 1199 2539 ec
1210 2509 1345 2552 facetiis
1364 2506 1478 2539 Crassi
1495 2507 1567 2537 illa-

902 2563 1003 2592 Aeneis
1029 2568 1060 2592 et
1081 2568 1197 2605 aperte
1220 2560 1367 2605 jocantis
1382 2583 1390 2598 ‚
1414 2560 1565 2595 dicendi,

903 2613 1013 2658 inquit
1027 2637 1036 2651 ,
1050 2614 1101 2644 wis
1117 2614 1243 2655 egregia
1260 2623 1383 2642 summa
1386 2611 1568 2653 festivitate

903 2676 934 2696 ec
946 2672 1123 2697 venustate
1137 2666 1308 2707 conjuncta.
1318 2664 1452 2705 profuit.
1463 2662 1507 2695 G.
1522 2683 1566 2687 —

903 2739 945 2741 -*
966 2721 1133 2750 Caeterum
1154 2716 1298 2749 multum
1318 2715 1443 2753 refert,
1464 2726 1566 2759 quem
