1742 2989
555 184 900 227 EPISTOLA
941 183 1156 225 XXVII.
1434 179 1524 242 259

142 312 862 325 nauumxmwtxaemzmuzwzzwmumwssss
869 314 921 323 uz
926 312 1042 323 §.uw-
1049 310 1207 321 *muts-t
1213 310 1511 321 ωιιιῑςνιπιιιις

681 435 969 493 XXVII.

123 576 371 613 Commendat
391 576 580 625 Augurini
599 585 794 626 poemata,
817 577 1014 613 occasione
1036 589 1191 621 eorum,
1214 589 1296 625 quae
1318 576 1355 612 in
1380 575 1528 612 laudem

660 654 766 677 suam
783 641 996 691 scripserat.

409 769 448 797 c.
487 769 721 797 PLINIUS
757 769 1002 797 FALCONI
1030 751 1050 772 *
1077 768 1178 796 suo
1214 769 1248 796 s.

186 880 432 922 TERTlus
467 877 557 921 dies
594 887 679 932 est,
705 876 823 937 quod
859 876 1002 920 audivi
1039 877 1295 921 recitantem
1330 878 1530 921 Sentium

124 951 402 1012 Augurinum
428 966 528 993 cum
553 967 722 993 summa
748 967 842 993 mea
866 950 1116 1011 voluptate,
1140 952 1276 994 immo
1302 951 1433 994 etiam
1459 951 1531 994 ad-

123 1024 368 1067 miratione.
394 1023 616 1066 Poematia
645 1022 849 1083 appellat.
880 1023 1021 1067 Multa
1055 1025 1263 1079 tenuiter,
1290 1024 1426 1068 multa
1457 1042 1531 1068 su-

122 1097 335 1151 blimiter,
360 1096 496 1140 multa
532 1106 740 1151 venuste,
777 1096 913 1140 multa
948 1107 1124 1153 tenere,
1156 1096 1293 1141 multa
1325 1096 1532 1154 dulciter,

122 1169 259 1214 multa
288 1187 388 1214 cum
416 1169 514 1213 bile.
541 1169 723 1230 Aliquot
748 1171 895 1226 annis,
923 1180 1051 1230 putO,
1080 1170 1189 1214 nihil
1217 1172 1389 1231 generis
1414 1172 1531 1231 ejus-

121 1243 221 1287 dem
241 1244 481 1288 absolutius
498 1245 708 1304 scriptum
720 1279 731 1299 ,
749 1243 831 1287 nisi
850 1242 961 1286 forte
978 1260 1047 1287 me
1065 1243 1175 1287 fallit
1191 1253 1268 1287 aut
1282 1260 1406 1287 amor
1419 1245 1531 1304 ejus,

121 1328 198 1362 aut
217 1317 336 1378 quod
355 1333 425 1360 me
445 1318 588 1377 ipsum
608 1316 810 1359 laudibus
828 1316 989 1360 evexit:
1010 1333 1111 1359 nam
1132 1315 1289 1359 lemma
1309 1316 1390 1360 sibi
1412 1334 1532 1360 sum-

122 1390 225 1450 psit,
240 1389 358 1450 quod
379 1406 459 1451 ego
482 1389 703 1433 interdum
725 1389 921 1432 versibus
940 1387 1059 1432 ludo.
1082 1391 1227 1449 Atque
1249 1389 1358 1432 adeo
1376 1388 1531 1449 judicii

121 1464 206 1507 mei
229 1473 271 1507 te
283 1462 477 1524 judicem
499 1462 678 1517 faciam,
701 1463 735 1505 si
759 1462 867 1505 mihi
884 1478 936 1505 ex
949 1461 1034 1505 hoc
1050 1463 1144 1521 ipso
1160 1461 1364 1505 lemmate
1382 1479 1532 1506 secun-

121 1536 201 1580 dus
222 1552 370 1580 versus
391 1536 632 1580 occurrerit
649 1552 659 1579 :
682 1552 784 1586 nam
803 1545 980 1579 eaeteros
999 1545 1147 1589 teneo,
1162 1544 1205 1578 et
1218 1536 1310 1594 jam
1330 1535 1531 1595 explicui.

382 1664 504 1697 Canto
523 1660 691 1696 carmina
714 1659 884 1696 versibus
903 1660 1055 1696 minutis
1067 1688 1076 1704 ,

384 1724 471 1769 His,
495 1724 585 1760 olim
605 1723 744 1773 quibus
767 1733 804 1760 et
823 1736 928 1760 meus
948 1724 1138 1768 Catullus,

170 1837 282 1870 XXII.
294 1838 308 1852 *
325 1838 374 1884 De
387 1839 526 1869 Fal-cone
542 1835 612 1868 vid.
628 1835 672 1869 ad
685 1837 700 1868 I
712 1861 720 1876 ,
737 1849 791 1881 ep.

858 1849 964 1881 quam
980 1835 1055 1882 quis
1069 1835 1134 1868 sihi
1153 1836 1267 1869 sumit.
1291 1836 1393 1870 Unde
1409 1838 1531 1871 inscri-

127 1891 181 1924 23.
199 1891 267 1922 En.

173 1955 202 1975 1.
222 1944 343 1975 Tertius
357 1944 423 1974 dies
439 1952 500 1981 est,
518 1949 583 1974 etc.
600 1943 698 1974 Rom.
720 1945 791 1972 Ter-

123 1998 182 2028 tius
195 1998 260 2028 dies
274 2005 319 2027 est
328 2021 337 2033 ‚
354 1997 443 2038 quod
454 1996 564 2026 andivi
573 1996 712 2026 Sentium
726 1997 792 2025 Αιι-

118 2050 281 2092 gurinum.
297 2048 397 2081 Deest
410 2049 606 2079 recitantem.
624 2046 668 2079 H.

168 2121 213 2126 —
233 2102 389 2133 Tenuiter.
416 2100 458 2132 In
480 2099 620 2132 laudem
645 2098 790 2131 dictum.

122 2154 214 2198 Opp.
233 2155 416 2185 sublimiter.
434 2152 537 2185 Conf.
555 2153 691 2185 Ernest.
709 2152 789 2183 Lex.

122 2206 254 2239 Techn.
277 2207 353 2238 Lat.
383 2205 480 2238 Rhet.
505 2217 538 2238 v.
566 2207 677 2237 tenuis.
697 2204 731 2236 S.
747 2224 792 2227 ῌ

123 2262 228 2291 ΠΙιιΙία
252 2268 374 2296 tenere,
404 2261 503 2290 multa
529 2260 671 2289 dulciter.
693 2258 790 2289 Rom.

123 2314 228 2343 Multa
247 2312 428 2348 tenerrime,
445 2313 544 2341 multa
557 2312 699 2342 dulciter.
714 2309 758 2341 H.

172 2377 203 2396 2.
226 2365 319 2395 Nihil
330 2364 474 2406 generis,
496 2369 561 2394 etc.
579 2363 677 2394 Rom.
703 2363 797 2392 Nihil

118 2417 243 2459 generis
261 2417 399 2459 ejusdem
412 2416 540 2458 gravius
558 2424 588 2445 ec
602 2415 789 2446 absolutius.

123 2468 242 2501 Postea
254 2493 262 2508 ,
280 2469 429 2500 laudibus
444 2468 546 2498 verit.
561 2466 606 2498 H.

172 2522 204 2554 3.
226 2524 357 2553 Lemma
372 2522 433 2553 sibi
450 2521 592 2562 sumpsit.
614 2518 794 2563 Paregme·

124 2585 193 2605 non
213 2581 318 2611 esset,
339 2573 364 2605 si
389 2572 507 2605 Graece
530 2572 665 2603 locutus
682 2578 767 2603 esset
785 2582 793 2602 z

123 2629 238 2672 λῆμμα.
266 2626 358 2658 enim
383 2627 519 2668 sumptio
546 2632 606 2658 est.
634 2624 797 2669 Intelligit

126 2689 247 2723 nempe
261 2686 500 2723 argumentum
509 2703 516 2717 ,
528 2690 588 2710 seu
601 2678 796 2717 materiam,

857 1897 915 1934 pta
929 1889 1050 1934 paucis
1063 1914 1071 1928 ‚
1086 1889 1139 1922 vel
1153 1889 1296 1934 singulis
1317 1889 1403 1922 adeo
1420 1892 1532 1924 verbis

858 1949 1060 1987 argumenta
1069 1944 1219 1973 lemmata
1230 1950 1263 1974 et
1271 1943 1343 1987 ipsa
1355 1942 1530 1979 dicuntur.

857 1994 938 2026 Mox
958 1997 1073 2026 lemma
1092 2006 1156 2039 pro
1175 1995 1327 2028 carmine
1343 1998 1474 2040 posuit,
1496 2006 1533 2031 ut

857 2047 986 2079 scilicet
1002 2057 1223 2090 argumentum
1235 2060 1300 2093 pro
1313 2050 1512 2083 narratione
1522 2077 1531 2091 ‚

858 2100 911 2133 vel
927 2100 1074 2145 pictura.
1094 2099 1138 2132 G.

905 2173 951 2177 —-
968 2154 1002 2183 Si
1021 2154 1100 2183 mihi
1123 2165 1164 2183 αι’
1189 2154 1248 2183 hoc
1276 2155 1342 2195 ipso
1372 2156 1528 2188 lemmate.

859 2206 956 2237 Rom.
975 2207 1009 2236 Si
1031 2206 1109 2237 milzi
1128 2218 1169 2236 ex
1192 2207 1251 2237 lzoc
1275 2208 1440 2245 lemmate,
1459 2207 1533 2241 sine

858 2259 936 2300 ipso.
965 2256 1044 2290 Haec
1075 2269 1158 2290 vero
1186 2258 1232 2290 ita
1257 2258 1486 2305 interpungo:
1506 2263 1535 2292 si

858 2311 936 2341 mihi
953 2322 994 2340 ex
1009 2312 1068 2341 hoc
1086 2310 1184 2354 [ipso]
1207 2313 1353 2342 lemmate
1377 2315 1532 2344 secandus

858 2375 967 2394 versus
981 2365 1154 2394 occurrerit
1162 2377 1173 2395 .·
1182 2367 1274 2404 (nam
1285 2374 1412 2396 coeteros
1423 2370 1531 2406 teneo)

859 2417 967 2458 etjam
981 2417 1137 2458 explicui,
1155 2415 1229 2448 scil.
1246 2424 1355 2448 totum
1370 2429 1508 2449 carmen
1521 2446 1530 2459 ‚

860 2475 892 2500 et
912 2467 1101 2501 secundum
1124 2481 1263 2513 quoque
1288 2480 1444 2509 versum,
1471 2471 1531 2515 qui

862 2519 1050 2560 exciderat,
1067 2520 1100 2552 in
1116 2521 1318 2553 memoriam
1336 2521 1469 2566 redigo.
1487 2523 1529 2555 H.

908 2577 942 2613 [ς.
958 2576 1058 2605 Ccmto
1074 2575 1220 2604 carmina
1233 2575 1376 2605 versibus
1392 2576 1530 2607 minutis.

862 2625 952 2659 Vide
986 2626 1229 2671 Anthologiani
1269 2626 1427 2659 Latinam
1464 2629 1497 2659 II
1523 2655 1531 2669 ‚

864 2678 970 2723 epigr.
991 2682 1068 2718 254.
1088 2679 1128 2711 E.

1258 2752 1331 2795 17,

1559 1482 1576 1513 (αὖ
