1757 2880
210 193 315 219 xxvi
726 181 1081 223 PRAEFATIO

207 267 436 301 tractarem
454 294 466 314 ,
507 269 582 302 aut
622 260 726 320 quid
768 261 903 304 videri
940 262 1100 320 justius
1140 261 1290 306 debuit
1308 299 1318 319 ,
1355 279 1485 323 quam
1527 272 1604 306 tuo

206 331 374 374 nomini
401 332 636 376 inscribere
669 343 1002 378 monumentum
1030 336 1194 395 ingenii
1222 334 1361 391 illius,
1385 335 1501 396 quod
1527 352 1603 379 ve-

204 405 429 448 hementer
452 407 530 449 tibi
554 408 753 467 probari,
780 407 897 468 quod
923 408 1018 468 capi
1046 425 1069 451 a
1096 418 1161 462 16,
1182 408 1299 468 quod
1323 409 1480 462 amari,
1503 425 1602 452 sen-

204 478 382 521 sissem?
406 480 545 522 Nemo
578 481 694 523 enim
727 481 843 540 capit
877 480 1094 537 Plinium,
1119 482 1224 542 quin
1259 492 1398 536 amet⁷
1424 492 1472 525 ut
1501 481 1602 524 illu-

205 550 463 593 strissimum
505 553 746 596 Henricum
778 556 841 596 XI
867 554 1121 597 Ruthenum
1158 571 1287 598 nemo
1318 555 1464 608 novit,
1497 555 1603 613 quin

205 623 440 666 amandum
475 624 794 686 colendumque
822 627 1001 686 judicet.
1030 627 1245 687 Equidem
1277 628 1332 670 ob
1362 627 1405 670 id
1436 627 1604 687 ipsum,

204 694 321 754 quod
348 705 389 738 te
415 713 539 740 nosse
567 698 671 740 mihi
702 700 909 759 contigit,
941 699 1234 743 Illustrissime
1262 703 1442 755 Comes,
1477 716 1525 742 ea
1551 697 1606 741 ad

204 778 246 811 te
273 768 432 813 fiducia
464 771 666 815 accedere
692 776 908 827 sustineo,
936 783 985 816 ut
1015 789 1157 833 neque
1188 773 1400 834 refugiam
1427 772 1605 816 liberius

205 839 429 900 aliquanto
456 844 572 903 apud
603 855 646 888 te
672 846 813 904 ipsum
841 846 892 889 de
921 848 1002 889 hoc
1028 856 1178 890 nostro
1204 845 1493 901 munusculo,
1519 862 1606 905 quo

204 922 245 956 te
266 923 307 956 et
332 914 525 959 literatos
546 916 734 976 reliquos
756 918 929 961 afficere
948 919 1086 962 visum
1109 929 1192 974 651,
1213 919 1457 980 disputare3
1476 935 1606 979 quem

204 988 343 1029 norim
358 1022 367 1040 ,
385 998 514 1047 atque
538 990 646 1033 adeo
667 1001 869 1050 expertus
891 993 993 1045 sim,
1017 1009 1096 1052 pro
1118 1002 1193 1035 tuo
1215 994 1256 1035 in
1279 991 1492 1052 quidquid
1514 990 1608 1050 pul-

203 1059 357 1103 chrum
381 1071 445 1103 est
464 1078 611 1105 amore
629 1098 639 1117 ,
664 1063 795 1122 hujus
819 1065 948 1106 etiam
975 1067 1142 1124 generis
1166 1065 1609 1108 commentationibus

203 1131 422 1176 delectari.
441 1134 585 1190 Quem
611 1136 789 1194 quidem
815 1152 1008 1178 amorem
1033 1136 1304 1196 gentilicium
1326 1137 1404 1179 tibi
1424 1153 1537 1190 esse⁷
1560 1145 1609 1178 ut

203 1221 251 1251 ea
284 1206 415 1249 modo
449 1223 788 1250 commemorem
807 1243 817 1261 ‚
844 1225 939 1268 quae
971 1224 1023 1251 ex
1055 1209 1256 1268 proximo
1285 1218 1326 1251 et
1360 1224 1506 1251 coram
1533 1223 1609 1249 co-

205 1294 413 1337 gnoscere
441 1279 548 1321 mihi
577 1279 722 1335 licuit,
749 1297 837 1322 non
866 1280 997 1323 modo
1024 1280 1337 1323 illustrissimus
1362 1290 1482 1323 tutor
1508 1289 1609 1322 tuus

202 1352 418 1394 Henricus
441 1354 590 1395 XXIV
610 1369 678 1394 1116
700 1353 867 1405 docuit,
897 1354 1020 1412 cujus
1041 1353 1196 1396 decora
1222 1353 1265 1395 in
1287 1352 1522 1395 Buddeana
1544 1355 1609 1395 Ie-

204 1441 268 1467 nae
295 1434 336 1468 et
356 1426 546 1468 Vinariae
568 1426 611 1468 in
632 1426 967 1470 Marschalliana
991 1427 1223 1486 Gryphum
1249 1425 1379 1468 domo
1406 1424 1511 1467 mihi
1540 1425 1610 1465 in-

202 1508 408 1551 notuere,
437 1499 511 1542 sed
544 1509 629 1541 tres
661 1500 791 1542 etiam
820 1499 933 1542 illius
960 1499 1237 1542 illustrissimi
1263 1498 1360 1551 filii,
1381 1499 1425 1540 in
1452 1496 1610 1557 quibus

202 1572 444 1615 Henricum
481 1574 543 1616 VI
574 1588 689 1615 anuo
723 1573 852 1632 hujus
883 1572 1024 1615 saeculi
1061 1574 1214 1615 XXIX
1252 1574 1366 1615 Ienae
1399 1570 1452 1612 de
1479 1584 1607 1628 supe-

202 1645 307 1688 riori
334 1644 540 1688 cathedra
568 1645 865 1705 disputantem
890 1663 978 1689 non
1007 1647 1098 1689 sine
1121 1661 1289 1689 summa
1315 1643 1513 1687 omnium
1540 1641 1612 1684 ad·

203 1719 458 1771 miratione,
481 1728 522 1760 et
541 1735 692 1761 eorum
715 1720 924 1770 maxime,
939 1720 1012 1779 qui
1035 1728 1151 1761 recte
1169 1718 1368 1777 judicare
1386 1723 1610 1776 poterant,

203 1791 375 1845 audivi3
405 1793 617 1837 Henricos
645 1795 709 1835 IX
737 1803 867 1852 atque
888 1788 940 1835 ΧΧ
954 1809 1054 1835 vero
1086 1793 1127 1834 in
1156 1792 1238 1834 hac
1263 1791 1356 1850 ipsa
1378 1787 1612 1832 Academia

205 1881 345 1924 nuper
378 1866 421 1907 in
451 1865 578 1908 laude
605 1876 736 1925 atque
769 1867 991 1909 amoribus
1019 1866 1218 1908 omnium
1251 1873 1466 1913 versatos,
1494 1859 1612 1921 quod

203 1937 262 1979 sic
299 1937 526 1988 volebant,
553 1938 804 1998 complexus
840 1956 932 1982 sum
953 1975 963 1993 ,
994 1955 1183 1999 quorum
1219 1937 1420 1980 manibus
1455 1933 1509 1976 ad
1545 1948 1613 1975 me

205 2008 366 2067 scripta
393 2009 741 2053 excellentissimi
776 2013 939 2071 ingenii
969 2022 1011 2055 et
1044 2010 1385 2072 generosissimae
1419 2005 1612 2050 liberali-

206 2081 306 2123 tatis
336 2082 521 2140 pignora
553 2099 702 2134 serve,
733 2100 841 2143 quos
868 2085 950 2127 hoc
980 2085 1074 2143 ipso
1104 2093 1300 2142 tempore
1325 2098 1348 2123 e
1375 2078 1519 2125 Gallia
1550 2093 1614 2119 re-

205 2152 334 2195 duces
352 2187 362 2206 ,
387 2163 427 2195 61
456 2155 609 2197 veteris
634 2155 829 2215 obsequii
859 2157 996 2199 nostri
1020 2171 1259 2207 11161110165,
1283 2163 1469 2196 veterem
1498 2152 1613 2209 ipsos

206 2226 555 2269 benevolentiam
581 2244 683 2288 erga
705 2246 773 2271 me
793 2239 836 2271 et
854 2229 1171 2289 indulgentiam
1193 2242 1363 2270 servare
1380 2260 1390 2276 ,
1414 2240 1500 2266 non
1521 2223 1615 2265 sine

206 2298 404 2341 maximae
422 2308 464 2341 et
484 2299 796 2343 honestissimae
812 2301 1048 2362 voluptatis
1069 2317 1196 2344 sensu
1222 2300 1372 2360 paucis
1391 2306 1492 2340 ante
1515 2295 1614 2338 heb-

207 2369 466 2414 domadibus
492 2383 697 2432 expertus
719 2391 828 2417 sum.
846 2375 1014 2417 Pateris
1036 2374 1181 2432 itaque
1199 2389 1279 2432 pro
1300 2370 1522 2431 gentilicio
1539 2365 1613 2408 illo

209 2453 281 2485 tuo
309 2445 350 2486 in
382 2445 516 2487 bonas
545 2445 689 2489 literas
716 2463 862 2489 amore
880 2483 889 2501 ,
912 2464 980 2490 1116
1012 2446 1064 2488 de
1089 2444 1372 2505 epistolarum
1396 2441 1614 2485 Pliniana-

209 2533 327 2568 rum,
354 2517 472 2576 quod
499 2518 575 2560 tibi
606 2519 674 2561 hic
702 2519 911 2575 offertur,
939 2536 1070 2579 opere
1093 2535 1232 2579 pauca
1258 2515 1373 2577 apud
1396 2524 1460 2566 te,
1480 2512 1612 2555 veteri

208 2588 511 2646 praefationum
539 2607 679 2643 more,
709 2592 944 2651 disputare.

272 2660 338 2703 Ab
362 2662 453 2720 ipso
479 2663 661 2722 scriptas
689 2663 855 2713 Plinio,
882 2680 1021 2724 neque
1046 2663 1276 2707 recentiori
1304 2661 1479 2704 demum
1506 2667 1612 2700 tem·
