1742 2989
547 162 901 205 EPISTULA
944 163 1028 206 VI.
1434 157 1486 202 15

89 242 270 302 scripsi,
310 241 411 301 quia
452 257 627 302 aequum
667 252 795 296 erat,
824 253 864 286 te
900 259 980 303 pro
1014 257 1162 285 amore
1201 249 1358 283 mutuo
1401 255 1489 282 non

89 313 228 357 solum
262 314 409 357 omnia
442 330 539 358 mea
574 314 687 359 facta
719 314 943 377 dictaque,
971 331 1121 359 verum
1153 314 1284 357 etiam
1313 311 1491 355 consilia

87 403 363 447 cognoscere.
383 386 503 431 Vale.

136 516 148 534 1
158 516 188 543 7-
202 505 284 545 Quia
298 516 422 545 (equum
437 513 517 539 erat,
533 513 562 535 te
569 517 631 546 pro
646 517 756 536 amore
825 516 906 538 erat.
934 505 976 537 Hi
1000 505 1183 537 voluerunt
1207 503 1349 535 fortasse
1363 525 1372 539 ‚
1399 512 1491 543 quem

86 564 205 587 mutuo.
236 556 333 587 Rom.
361 568 452 597 quem
476 569 605 598 oequum
634 566 706 587 erat
731 566 760 588 te
824 572 950 602 (equum
977 567 1047 589 erat
1063 570 1125 600 pro
1151 568 1260 587 amore
1278 564 1396 585 mutuo.
1424 553 1493 584 Du-

81 620 142 649 pro
161 620 270 639 amore
283 617 400 639 νηιιιιιο.
418 606 544 640 Medic.
568 610 624 651 qui
639 622 758 640 mecum
824 612 900 658 plex
912 618 1002 644 certe
1017 608 1163 642 lectioin
1176 619 1281 640 unam
1293 604 1433 638 coaluit.
1449 604 1492 637 H.

104 721 1479 740 mmmmmmmmmwsmnmmmw-MMusmmmwhm

741 841 841 895 VI.

92 985 264 1021 Tacitum
292 993 439 1030 monet,
473 984 596 1034 ipsum
626 983 800 1032 exemplo
823 996 891 1019 suo
922 983 960 1018 in
994 981 1096 1018 silvis
1126 994 1236 1030 posse
1267 980 1439 1025 studere,
1463 988 1499 1016 et

151 1049 282 1085 venari
301 1048 580 1098 percommode.
603 1051 733 1084 Potest
750 1047 831 1083 haec
852 1046 1011 1097 epistola
1033 1046 1247 1095 exemplum
1269 1057 1347 1081 esse
1367 1045 1500 1080 hilaris

147 1113 245 1149 illius
276 1122 313 1149 et
343 1114 481 1148 m‘vz'doe
514 1112 716 1158 orationis,
746 1125 828 1161 quae
862 1111 1101 1148 familiarium
1135 1110 1313 1160 epistolas
1343 1109 1497 1146 mirifice

149 1177 398 1213 commendat.
423 1179 492 1213 En.

246 1311 284 1339 C.
324 1309 559 1338 PLINIUS
595 1309 883 1337 CORNELIO
918 1307 1127 1336 TACITO
1163 1307 1264 1335 SUO
1299 1308 1332 1335 S.

153 1422 391 1463 Rlnnssis
407 1454 418 1474 ,
441 1428 483 1462 et
505 1416 607 1462 licet
634 1417 786 1461 rideas.
807 1419 901 1478 Ego
934 1417 1003 1461 ille
1018 1452 1028 1469 ,
1056 1434 1185 1478 quem
1213 1417 1351 1472 nosti,
1371 1433 1500 1477 apros

91 1503 177 1536 tres
195 1528 206 1547 ,
231 1502 274 1536 et
305 1492 479 1553 quidem
516 1490 860 1552 pulclierriinOS‚
889 1492 999 1551 cepi.
1027 1489 1155 1551 Ipse?
1179 1490 1337 1550 inquis.
1365 1493 1464 1551 Ipse
1488 1506 1497 1532 ε

92 1582 180 1609 non
200 1575 346 1609 tamen
367 1575 415 1608 ut
433 1566 613 1608 omnino
633 1564 687 1608 ab
707 1565 863 1608 inertia
883 1581 979 1608 mea
999 1573 1041 1608 et
1058 1565 1203 1625 quiete
1221 1563 1499 1608 discederem.

92 1638 159 1681 Ad
199 1639 306 1681 retia
343 1638 558 1682 sedebam.
599 1640 739 1682 Erant
768 1638 812 1680 in
843 1637 1071 1697 proximo⁷
1107 1654 1197 1680 non
1233 1636 1499 1681 venabulum

93 1721 169 1754 aut
207 1710 357 1754 lancea
378 1745 389 1765 ‚
420 1710 494 1753 sed
526 1710 648 1754 stilus
682 1721 723 1754 et
764 1709 1011 1771 pugillares.
1050 1709 1299 1753 Meditabar
1334 1708 1501 1769 aliquid

93 1784 435 1842 enotabamque‚
465 1792 536 1835 ut,
565 1785 599 1826 si
629 1799 786 1827 manus
816 1799 997 1837 vacuas,
1026 1782 1176 1842 plenas
1206 1792 1354 1825 tamen
1381 1798 1501 1825 ceras

95 1866 381 1917 reportarem.
407 1857 510 1900 Non
541 1865 627 1908 est,
656 1856 775 1915 quod
804 1865 1059 1898 contemnas
1085 1855 1169 1899 hoc
1195 1853 1396 1898 studendi
1423 1871 1500 1917 ge-

93 1946 188 1973 nus.
215 1930 380 1972 Mirum
406 1939 490 1983 est,
520 1938 570 1972 ut
598 1929 770 1971 animus
801 1928 1039 1988 agitatione
1067 1936 1279 1987 motuque
1305 1928 1502 1987 corporis

94 2004 320 2048 excitetur.
346 2005 442 2047 Jam
470 2002 665 2063 undique
691 2001 806 2045 silvae
832 2012 875 2045 et
902 2001 1113 2056 solitudo,
1138 2001 1369 2061 ipsumque
1395 1999 1503 2044 illud

95 2076 335 2131 silentium,
360 2076 478 2137 quod
507 2077 730 2119 venationi
759 2075 912 2129 datur,
937 2090 1097 2135 magna
1128 2074 1405 2134 cogitationis
1432 2075 1502 2117 in-

143 2194 207 2226 VI.
228 2205 241 2226 1
251 2219 258 2225 .
274 2196 344 2236 Ego
361 2196 412 2225 ille
424 2219 432 2232 ‚
453 2206 544 2236 quem
556 2195 651 2224 nosti.
666 2193 765 2224 Rom.
833 2191 916 2223 lium
931 2190 1174 2224 callentissimo
1188 2190 1325 2230 mirere,
1337 2202 1419 2223 usus
1432 2202 1502 2224 non

100 2248 169 2288 Ego
196 2247 268 2285 ille,
297 2258 388 2288 quem
412 2248 497 2277 nosci
512 2271 520 2285 ‚
541 2246 612 2278 sine
632 2245 767 2289 vulgari
833 2251 894 2275 est.
915 2242 1012 2275 More
1031 2243 1102 2275 haec
1115 2242 1280 2275 Tulliano
1294 2268 1302 2281 ‚
1321 2255 1339 2274 a
1357 2244 1502 2287 Laguna

103 2296 341 2330 additamento
369 2299 502 2330 Plinius.
526 2297 570 2330 H.
603 2318 649 2323 -—
681 2301 765 2330 Tres.
833 2307 943 2340 nuper
976 2295 1012 2328 in
1042 2295 1195 2340 epistolis
1225 2296 1404 2328 Ciceronis
1427 2295 1503 2328 dili-

100 2349 195 2383 Cort.
216 2361 255 2382 ex
274 2348 352 2381 eod.
374 2352 438 2381 tris.
460 2350 514 2383 Sic
532 2350 767 2395 Heusingerus
833 2356 951 2393 genter
966 2357 1114 2382 servato.
1128 2346 1224 2380 Idem
1241 2348 1354 2392 siquis
1366 2348 1503 2380 futurus

98 2401 143 2434 ad
161 2403 177 2434 I
196 2427 205 2442 ‚
227 2413 246 2446 7
259 2427 267 2442 ‚
287 2407 321 2442 4,
337 2414 376 2434 ex
390 2403 488 2434 Rom.
508 2403 657 2435 enotavit
676 2405 767 2433 Octo-
834 2402 935 2433 Plinii
964 2401 1075 2434 editor
1098 2402 1212 2433 facere
1240 2399 1394 2432 instituet
1407 2425 1415 2439 ‚
1447 2413 1502 2433 me

97 2456 169 2492 bris,
186 2454 280 2500 quod
294 2462 326 2487 et
338 2454 765 2498 Brunnnerianaexcerpta
833 2453 1055 2498 plaudentem
1076 2453 1230 2486 habebit.
1252 2452 1307 2484 Cs.
1334 2451 1429 2484 Cort.
1458 2453 1503 2486 ad

98 2505 238 2539 habent.
257 2506 395 2539 Cortius
413 2505 510 2545 adl,
530 2518 590 2545 10,
608 2510 641 2545 5,
659 2518 698 2538 ex
715 2507 767 2538 ni·
833 2506 969 2539 Sallust.
985 2520 1020 2552 p.
1039 2510 1119 2547 264‘3
1133 2507 1175 2540 ad
1193 2507 1280 2538 plin.
1300 2507 1332 2543 l,
1353 2517 1406 2544 12,
1420 2505 1451 2538 5.
1467 2506 1502 2539 S.

98 2558 192 2591 card.
219 2561 436 2602 repugnantis.
455 2559 568 2591 Taceo
590 2558 657 2590 alia
683 2561 769 2604 ejus·
879 2580 923 2584 -—
936 2563 1040 2591 Erant
1052 2563 1083 2591 in
1092 2562 1255 2602 prasium.
1269 2560 1364 2590 Rom.
1380 2561 1461 2589 Erae
1472 2561 1502 2589 in

100 2608 179 2643 dem
191 2609 286 2643 modi
300 2610 443 2644 aCortio
458 2611 492 2643 in
507 2610 606 2642 libris
618 2618 768 2656 reperta,
830 2614 994 2654 pravimo.
1016 2611 1148 2644 Deinde
1170 2613 1352 2642 Meditabar
1370 2612 1480 2653 aliqua.
1491 2638 1500 2649 ‚

101 2663 227 2707 quibus
247 2670 359 2696 tamen
372 2689 381 2704 7
398 2662 493 2708 quod
510 2662 543 2694 in
561 2662 701 2695 homine
719 2670 769 2694 tam
837 2664 955 2709 etjam
970 2664 1129 2696 Bai-thius
1147 2663 1337 2696 admonuit.
1359 2664 1397 2696 ss.
