1742 2989
581 199 937 242 EPISTOLA
973 200 1057 241 xi.
1463 218 1522 263 99

118 288 184 322 ter
209 277 306 333 illa,
335 295 430 339 quae
456 294 588 338 supra
612 277 701 321 dixi
719 314 730 333 ‚
760 296 918 324 caussae
944 278 1178 324 difficultas
1200 295 1210 323 ε
1231 281 1373 324 stabat
1393 284 1523 326 niodo

118 350 370 395 Consularis
389 386 400 407 ‚
439 350 570 394 modo
596 352 843 412 Septemvir
867 352 1119 414 Epulonum
1135 387 1146 406 ‚
1173 353 1264 412 jani
1301 363 1523 398 neutrum.

116 426 222 468 Erat
235 425 368 485 igitur
379 439 590 484 perquam
605 440 855 480 onerosum,
865 442 1067 469 accusare
1082 425 1337 470 damnatum
1353 443 1360 469 :
1378 443 1525 486 quein,

117 508 167 541 ut
189 497 415 558 premebat
439 497 644 540 atrocitas
668 498 888 552 criminis,
917 499 976 542 ita
998 500 1120 559 quasi
1141 509 1326 560 peractae
1349 500 1526 543 damna-

117 571 251 614 tionis
274 570 493 614 miseratio
521 570 737 613 tuebatur.
756 573 1009 632 Utcumque
1035 581 1182 615 tamen
1209 572 1403 615 animum
1418 608 1428 628 ‚
1449 590 1526 617 co-

115 644 459 704 gitationemque
485 642 639 703 collegi
667 660 676 686 :
708 644 819 704 coepi
848 643 992 688 dicere
1019 661 1110 687 non
1142 645 1311 688 minore
1342 645 1525 688 audien-

115 717 227 760 tium
252 732 456 771 assensu,
481 732 613 776 quam
639 714 932 760 sollicitudine
958 733 1053 761 mea
1086 733 1096 761 ε
1137 716 1225 760 dixi
1254 717 1375 760 horis
1404 734 1526 778 paene

115 789 310 850 quinque
337 806 346 832 ε
375 805 476 832 nam
503 805 533 831 x
559 787 792 849 clepsydris
813 825 823 845 ‚
856 806 963 849 quas
987 790 1318 850 spatiosissimas
1344 807 1528 852 accepe-

115 878 235 916 ram,
266 871 367 906 sunt
392 861 549 905 additae
573 871 778 922 quatuor.
809 862 931 906 Adeo
961 862 1034 907 illa
1062 864 1154 924 ipsa
1175 898 1186 918 ‚
1217 880 1312 923 quae
1343 863 1454 908 dura
1485 875 1528 908 et

113 934 292 979 adversa
310 935 482 979 dicturo
500 935 788 991 videbantur,
812 935 1004 979 secunda
1022 935 1185 979 dicenti
1206 935 1408 980 fuerunt!
1435 939 1528 981 Cae—

115 1023 185 1050 sar
212 1007 389 1068 quidem
417 1008 526 1051 mihi
556 1017 730 1051 tantum
757 1007 950 1052 studium
969 1045 981 1065 7
1018 1019 1187 1053 tantam
1216 1011 1347 1053 etiam
1377 1027 1528 1055 curam

117 1078 342 1140 (nimium
377 1091 441 1125 est
474 1081 592 1124 enim
627 1080 771 1124 dicere
803 1081 1175 1144 sollicitudinem)
1212 1083 1445 1142 praestitit,
1479 1093 1530 1127 ut

116 1152 323 1197 libertum
349 1170 495 1198 meum
522 1163 620 1215 post
643 1170 713 1197 me
736 1164 922 1198 stantem
948 1156 1103 1216 saepius
1126 1154 1382 1199 admoneret
1397 1191 1408 1211 ‚
1432 1158 1527 1199 voci

178 1305 232 1326 12.
264 1297 389 1327 Stabat.
419 1294 529 1328 Scilic.
560 1302 639 1328 ante
665 1294 785 1327 oculos

117 1358 211 1379 meos
230 1346 364 1379 Priscus
379 1372 388 1387 ‚
408 1348 469 1392 qui
489 1350 604 1385 modo,
625 1347 692 1380 hoc
712 1355 761 1380 est
775 1373 784 1387 ‚

116 1406 303 1444 autequam
313 1399 584 1441 repetundarum
594 1412 672 1432 reus
683 1407 784 1439 esset,

117 1450 336 1491 Consularis,
359 1459 392 1484 et
413 1451 603 1497 Septemvir
624 1453 690 1497 Ep.
714 1452 786 1485 fue-

114 1510 168 1536 rat
179 1528 187 1543 ,
202 1515 294 1536 nunc
308 1511 455 1549 utraque
469 1503 636 1549 dignitate
652 1513 785 1537 exutus.

114 1555 156 1589 E.
178 1576 224 1581 —
241 1559 411 1599 Septemvir
428 1560 621 1600 Epulonnm.
645 1557 718 1590 Cic.
743 1557 787 1590 de

115 1608 214 1641 Orat.
234 1609 286 1641 III
302 1634 310 1649 ‚
334 1621 372 1653 19
388 1634 397 1649 ‚
414 1609 476 1642 fin.
504 1627 516 1639 «
529 1609 716 1643 Pontifices
733 1623 787 1643 ve-

113 1668 203 1693 teres
226 1669 366 1707 propter
393 1662 645 1696 sacrificiorum
671 1662 786 1695 multi-

115 1712 273 1746 tudinem
298 1721 367 1747 tres
398 1715 490 1747 viros
522 1715 687 1760 epulones
714 1728 786 1748 esse

115 1765 300 1798 voluerunt
314 1791 322 1806 ‚
337 1779 446 1812 quum
467 1775 580 1800 essent
595 1767 660 1813 ipsi
676 1781 694 1800 a
712 1769 784 1801 Nu-

114 1829 173 1851 ma
186 1843 196 1858 ,
213 1825 252 1850 ut
278 1818 382 1851 etiam
408 1819 495 1852 illud
516 1819 680 1852 ludorum
703 1832 786 1864 epu-

115 1869 187 1903 lare
200 1870 413 1903 sacrificium
423 1871 590 1911 facerent,
601 1871 758 1905 instituti.
771 1889 784 1901 n

115 1924 168 1956 Ita
187 1935 209 1956 a
226 1924 341 1956 Numa
358 1935 366 1956 ε
386 1932 507 1957 auctus
526 1923 651 1958 deinde
668 1937 789 1957 nume-

114 1988 175 2008 rus
187 2001 196 2017 ,
214 1983 251 2008 ut
264 1975 300 2008 in
315 1979 495 2009 Dzmmviris
506 2003 516 2015 ,
534 1990 613 2010 mox
630 1979 789 2020 Quinque-

116 2030 188 2060 viris
201 2053 210 2068 ‚
228 2041 332 2073 porro
352 2032 562 2067 Decemviris‚
589 2041 628 2062 ae
651 2031 789 2070 Quinde-

115 2082 250 2113 cimviris
267 2079 417 2126 denique
441 2094 632 2115 sacrorum.
649 2086 786 2124 Septem-

117 2135 175 2164 viri
190 2135 371 2176 Epulonum
396 2134 499 2167 etiam
525 2135 561 2167 in
580 2142 660 2168 vett.
681 2134 785 2167 inser.

116 2193 317 2218 occurrunt.
334 2185 463 2231 Magna
483 2195 583 2220 erant
600 2186 767 2232 dignitate
778 2211 787 2226 ‚

115 2244 383 2283 praetextamque
403 2241 594 2284 gestabant.
613 2240 657 2272 G.

168 2292 219 2321 13.
244 2292 341 2331 Quem
365 2295 587 2334 uepremebat.
604 2291 694 2325 Vide
714 2292 787 2325 Cle.

116 2354 180 2386 pro
204 2340 342 2374 Cluent.
367 2354 398 2375 c.
423 2344 514 2376 XLI.
539 2344 583 2377 G.
606 2365 651 2369 -—
679 2347 788 2386 Quasi.

116 2396 295 2426 Catanaeus
307 2392 351 2426 ad
358 2406 502 2437 peraccoe
515 2397 620 2429 refert
633 2421 642 2436 ,
655 2395 788 2442 judices

115 2445 274 2479 nondum
290 2448 537 2492 pronunciasse
550 2456 691 2493 putans.
708 2448 790 2481 Fal-

114 2498 210 2532 litur.
219 2499 325 2532 Modo
334 2500 477 2545 legimus
485 2525 493 2540 ,
503 2518 516 2528 u
527 2512 688 2533 accusare
697 2499 791 2533 dam-

115 2558 237 2584 natum
248 2576 257 2591 ,
274 2568 287 2581 n
307 2552 469 2598 infraque
485 2555 517 2596 §.
534 2566 577 2584 20
589 2577 597 2592 ,
614 2553 770 2598 sequitur
781 2578 790 2592 ,

123 2618 137 2630 «ι
152 2603 302 2636 Marium
341 2604 613 2651 repetundarum
656 2617 761 2650 poenae
779 2630 788 2645 ,

117 2666 222 2699 quam
227 2657 298 2701 jam
308 2669 430 2702 passus
438 2666 539 2698 esset,
548 2658 680 2690 censuit
692 2657 792 2690 relin-

117 2706 307 2751 quendum.
323 2726 335 2739 »ι
360 2711 469 2755 Igitur
494 2713 589 2754 quasi
609 2710 654 2743 ad
682 2718 789 2743 totam

851 1307 926 1342 quae
944 1297 1098 1342 sequitur
1115 1299 1200 1343 ῥῆσιν
1211 1323 1219 1339 ,
1232 1306 1378 1339 peraeae
1394 1298 1529 1328 damna-

851 1352 945 1381 tionis
961 1352 1121 1382 miseratio
1142 1351 1306 1387 tuebatur,
1324 1356 1469 1394 spectat.
1492 1350 1527 1382 S.

901 1410 952 1439 14.
965 1400 1316 1446 Uccuquce.VideEp.
1330 1402 1363 1440 I,
1377 1413 1431 1440 12,
1449 1415 1478 1434 2.
1494 1402 1527 1435 S.

898 1474 943 1478 —
962 1455 1138 1485 Duodecim
1157 1455 1339 1496 clepsydris.
1356 1453 1524 1486 Variatur

852 1505 886 1538 in
898 1507 1064 1539 numeris.
1077 1506 1257 1539 Catanaeus
1270 1505 1353 1550 legit
1364 1506 1442 1546 XX,
1455 1507 1529 1551 qui—

853 1558 918 1591 bus
932 1559 982 1590 IV
993 1557 1117 1591 additae
1130 1557 1284 1590 efficiunt
1298 1557 1415 1590 XXIV
1433 1570 1440 1590 :
1455 1559 1529 1603 qui-

851 1611 916 1643 bus
936 1623 1044 1655 quum
1062 1609 1156 1643 hora:
1178 1623 1273 1655 paene
1298 1611 1453 1656 quinque
1475 1624 1529 1643 re-

852 1663 1048 1708 spondeant
1062 1688 1070 1703 ,
1095 1675 1312 1708 consequens
1340 1671 1410 1703 est,
1438 1672 1477 1696 ut
1496 1664 1529 1696 V

853 1715 1041 1761 clepsydrae
1066 1714 1190 1748 horam
1218 1716 1440 1749 emetiamur.
1461 1716 1527 1749 Sed

853 1768 882 1800 si
898 1769 966 1800 XII
985 1767 1102 1800 verius
1123 1775 1192 1807 est,
1217 1766 1408 1801 tribuendae
1426 1776 1529 1800 erunt

852 1821 943 1853 horae
960 1820 1021 1852 uni
1040 1827 1108 1852 tres
1128 1819 1428 1865 clepsyd1·ae;vide
1443 1820 1529 1853 Ges-

853 1872 928 1905 neri
944 1871 988 1904 ad
998 1872 1030 1904 J.
1050 1872 1091 1904 A.
1107 1871 1306 1904 Ernestium
1324 1872 1420 1917 epist.
1437 1872 1527 1905 Illud

855 1922 995 1970 quidem
1018 1936 1056 1957 ex
1074 1923 1147 1968 ipsa
1166 1923 1330 1956 varietate
1353 1931 1498 1969 apparet
1519 1949 1527 1963 ‚

855 1976 944 2009 notis
958 2001 967 2015 ‚
987 1988 1056 2008 non
1081 1975 1222 2020 integris
1241 1975 1386 2008 vocibus
1410 1989 1529 2009 nume-

855 2041 934 2061 rum
950 2052 958 2067 ‚
985 2027 1197 2073 quicumque
1223 2028 1351 2067 fuerit,
1376 2028 1411 2061 in
1434 2028 1529 2061 libris

854 2080 1003 2125 antiquis
1034 2092 1234 2125 expressum
1266 2080 1383 2113 fuisse.
1418 2081 1529 2113 Etiam

852 2133 946 2165 horae
957 2131 1102 2165 modum
1113 2132 1287 2165 nescimus
1297 2145 1367 2178 qua
1379 2140 1410 2165 et
1420 2133 1528 2177 ipsam

854 2185 1069 2218 mensionem
1094 2197 1103 2218 ε
1124 2185 1192 2218 nisi
1219 2186 1306 2219 forte
1331 2185 1531 2220 habuerunt

855 2237 1006 2283 aliquam
1037 2237 1332 2283 aequinoctialium
1362 2237 1526 2271 horarum

855 2303 1054 2323 mensuram
1077 2290 1301 2323 ordinariam.
1332 2291 1501 2323 Caeterum
1519 2316 1528 2329 ‚

856 2356 949 2389 quan
972 2351 1045 2376 tum
1061 2342 1223 2388 temporis
1243 2342 1363 2375 datum
1382 2343 1423 2375 sit
1439 2351 1529 2376 acto-

854 2396 949 2428 ribus
966 2421 975 2435 ,
995 2403 1165 2441 quantum
1183 2395 1249 2428 reis
1264 2420 1272 2437 ‚
1295 2394 1463 2440 intelligas
1489 2408 1528 2428 ex

856 2447 915 2481 lib.
934 2448 1000 2487 IV,
1020 2460 1039 2490 9
1053 2473 1061 2487 ,
1081 2459 1116 2491 9.
1133 2447 1177 2480 G.

908 2504 957 2533 15.
974 2503 1080 2533 Ccesar
1094 2501 1220 2542 quidem
1235 2500 1328 2537 milti,
1348 2506 1412 2530 etc.
1427 2499 1526 2532 Rom.

860 2555 967 2585 Coesur
984 2554 1110 2595 quidem
1131 2562 1253 2583 lantum
1274 2553 1351 2582 mihi
1371 2553 1509 2582 studium
1521 2578 1528 2589 ,

858 2615 982 2637 tantam
995 2618 1105 2636 curam
1119 2606 1216 2635 eciam
1229 2604 1374 2644 (nimium
1389 2605 1470 2634 enim
1484 2615 1529 2634 esc

856 2660 961 2689 dicere
973 2659 1232 2696 sollicitudinem)
1242 2657 1401 2697 prmstitic.
1420 2654 1464 2686 H.
1484 2675 1527 2678 >—

858 2710 1055 2744 Concinunt
1075 2708 1133 2741 alii
1159 2708 1234 2740 libri
1258 2719 1264 2739 :
1291 2719 1353 2739 nec
1374 2706 1527 2752 displicet

1278 2780 1300 2824 7
1318 2799 1325 2807 .

1555 437 1593 468 13

1557 948 1595 980 15
