1742 2989
220 196 310 258 398

609 202 656 243 C.
694 201 917 245 PLINII
954 202 1077 244 LIB.
1114 203 1228 245 VII.

322 282 399 317 Cur
418 290 504 330 post
524 280 625 327 haee,
645 282 798 331 inquam
812 312 820 328 ‚
842 291 992 319 nostros
1011 283 1175 320 celamus
1195 288 1366 321 amores?

319 344 552 395 Nullumqne
575 346 611 382 in
632 346 797 384 medinm
820 346 939 384 timidi
959 347 1118 385 damus?
1138 357 1251 398 atque.
1270 349 1430 386 fatemur

319 409 548 459 Tironisque
569 410 698 456 dolos,
718 411 868 447 Tironis
889 424 999 448 nosse
1019 412 1169 462 fugaces

318 473 523 510 Blanditias
535 503 544 519 ‚
562 483 598 511 et
616 475 714 511 furta
733 488 850 512 novas
867 475 1044 512 addentia
1062 477 1256 514 flammas?

173 594 190 625 7
211 573 380 616 Transii
394 572 450 616 ad
464 573 607 634 elegos
621 591 632 628 ς
651 575 730 618 hos
744 591 920 635 quoque
935 591 1024 618 non
1037 575 1181 620 minus
1193 577 1391 621 celeriter
1406 576 1616 638 explicui:

209 644 357 688 addidi
374 645 481 690 alios
495 646 703 691 facilitate
718 658 967 708 corruptus.
992 648 1164 692 Deinde
1178 650 1222 693 in
1237 650 1388 693 urbem
1405 666 1618 705 reversus,

168 722 187 755 8
208 718 428 763 sodalibus
458 719 555 781 legi.
591 721 907 764 Probaverunt.
945 722 1060 765 Dein
1098 721 1223 782 plura
1257 733 1395 766 metra
1408 757 1420 778 ‚
1448 724 1481 766 si
1513 723 1618 783 quid

207 792 307 847 otii,
326 793 513 836 maxime
532 794 576 836 in
591 794 747 836 itinere
761 829 772 847 ‚
792 795 969 837 tentavi.
990 797 1216 839 Postremo
1235 795 1400 856 placuit
1417 795 1617 857 exemplo

206 864 446 909 multorum
482 882 621 909 unum
651 867 886 927 separatim
916 867 1380 928 hendecasyllaborum
1411 868 1617 912 volumen

163 956 183 985 9
206 937 430 982 absolvere
459 955 468 982 :

500 955 580 983 nec
616 940 814 1000 poenitet.
846 941 1052 1000 Legitur,
1091 940 1378 996 describitur,
1415 952 1617 986 cantatur

205 1011 364 1066 etiam3
394 1027 418 1054 a
454 1011 618 1055 Graecis
654 1028 854 1072 quoque,
881 1029 992 1073 quos
1015 1011 1149 1056 latine
1176 1013 1307 1074 hujus
1334 1013 1466 1058 libelli
1494 1031 1617 1059 amor

147 1102 185 1122 ιο
202 1081 510 1137 docuit,minc
535 1084 726 1139 cithara,
752 1101 869 1128 nunc
891 1084 982 1146 lyra
1008 1096 1282 1145 personatur.
1299 1087 1385 1131 Sed
1410 1088 1515 1148 quid
1535 1105 1615 1149 ego

204 1165 292 1199 tam
319 1155 528 1216 gloriose!
556 1158 839 1218 Quamquam
862 1159 999 1219 poetis
1021 1159 1165 1203 furere
1185 1176 1441 1204 concessum
1463 1171 1554 1204 est:
1573 1172 1615 1205 et

203 1238 350 1272 tamen
367 1245 458 1272 non
476 1229 530 1273 de
548 1247 647 1274 meo
659 1266 669 1285 .,
686 1231 761 1274 sed
776 1231 829 1274 de
846 1230 1033 1275 aliorum
1047 1232 1215 1291 judicio
1233 1232 1412 1293 loquor3
1433 1234 1508 1293 qui
1526 1232 1614 1276 sive

199 1300 423 1359 judicant,
459 1304 547 1346 sive
585 1313 756 1357 errant,
795 1320 863 1347 me
901 1304 1133 1348 delectant.
1167 1307 1317 1350 Unum
1354 1322 1533 1367 precor,
1565 1315 1614 1349 ut

202 1375 362 1432 posteri
394 1391 571 1435 quoque
600 1386 675 1420 aut
701 1387 850 1420 errent
875 1377 1097 1433 similiter,
1125 1388 1200 1422 aut
1221 1378 1434 1439 judicent.
1463 1377 1585 1423 Vale.

247 1524 291 1528 -
305 1506 381 1536 Cur.
397 1529 403 1535 .
421 1529 427 1536 .
437 1515 560 1537 nostros
575 1508 713 1538 celamus
726 1520 850 1539 amores
858 1514 874 1538 9

199 1557 276 1588 Jam
286 1557 379 1589 malo
394 1565 425 1589 te
439 1557 626 1590 versiculos
640 1558 815 1592 Ciceronis
825 1560 874 1592 tui

199 1608 346 1649 imitari,
362 1609 519 1643 Secunde
530 1635 538 1648 ‚
553 1623 659 1655 quam
674 1611 874 1645 Consularis

199 1661 265 1693 viri
283 1660 456 1695 levitatem
481 1670 515 1695 et
536 1662 710 1696 lasciviam
731 1663 873 1708 gloriari

198 1714 301 1746 etiam
313 1713 539 1748 dedecoribus
550 1716 618 1748 suis
629 1728 762 1749 ausam.
773 1716 818 1748 G.
826 1736 872 1741 -—

199 1769 340 1810 Fugaces
360 1769 545 1801 blanditias.
561 1768 635 1802 Hoc
659 1769 748 1802 forte
762 1781 870 1801 unum

198 1830 261 1863 pro
284 1826 384 1864 poeta
409 1820 445 1852 in
469 1821 535 1853 hoc
555 1820 707 1854 carmine
726 1820 870 1854 dictum.

197 1875 338 1915 Fugaces
363 1875 544 1911 blanditae,
570 1885 646 1919 quae
673 1873 873 1907 subducunt

198 1936 233 1956 se
245 1949 253 1964 ‚
264 1932 297 1957 et
310 1925 383 1970 ipsa
396 1926 455 1959 illa
467 1926 643 1970 praebendi
658 1927 871 1972 malignitate

196 1976 343 2009 invitant
351 1985 383 2010 et
394 1978 588 2011 accendunt
596 1987 783 2013 amantem.
793 1984 870 2011 Fur-

197 2038 232 2060 ta
247 2029 349 2062 etiam
359 2030 415 2062 hic
430 2043 500 2063 non
514 2031 659 2064 solemni
669 2031 727 2064 illa
740 2040 870 2064 amato-

195 2092 273 2113 rum
293 2082 543 2127 significatione
562 2083 668 2124 dixit3
694 2084 753 2117 sed
775 2085 868 2118 illam

196 2133 430 2168 subtrahentis
444 2148 478 2168 se
489 2162 497 2176 ‚
513 2143 546 2168 et
563 2149 657 2181 spem
672 2138 869 2170 frustrantis

196 2185 298 2219 simul
318 2194 350 2219 et
364 2187 516 2221 acuentis
533 2190 774 2234 petulantiam.
789 2190 831 2223 G.

242 2251 276 2282 7.
289 2242 450 2282 Eoeplicui.
463 2241 615 2274 Absolvi.
631 2242 683 2275 Sic
694 2242 780 2275 bene
795 2243 870 2276 Cel-

195 2293 312 2326 larius.
328 2294 430 2327 Conf.
449 2294 546 2328 Clav.
561 2295 717 2329 Ciceron.
733 2296 767 2328 h.
786 2309 816 2329 v.
832 2298 866 2331 S.

194 2347 424 2389 —Corrupcus.
434 2347 616 2392 Tanquam
629 2348 786 2382 mercede
799 2362 808 2389 3
820 2353 866 2381 be-

198 2399 332 2431 5toclzen.
344 2399 376 2432 S.

241 2464 274 2493 9.
295 2454 378 2493 Quos
393 2454 521 2484 Latine.
537 2478 544 2484 .
561 2478 568 2483 .
585 2466 702 2485 .amor.
718 2455 865 2499 Respicit

193 2502 282 2535 forte
302 2502 345 2536 ad
370 2504 523 2537 solemne
545 2504 629 2537 illud
649 2509 747 2536 Amor
775 2508 865 2538 (lucet

193 2558 357 2588 uzi-micam.
384 2558 562 2590 Venerant
592 2570 714 2602 nempe
746 2558 863 2591 blandi

192 2608 335 2652 quidam
362 2608 511 2642 Graeculi
542 2609 585 2642 ad
609 2609 757 2642 Plinium
772 2636 780 2650 ‚
804 2611 863 2656 qui

192 2659 363 2700 dicerent,
379 2675 413 2694 se
428 2663 479 2694 vel
496 2664 540 2695 ob
556 2662 620 2696 hoc
641 2663 760 2696 Latini·
778 2663 862 2696 (lidi-

940 1508 1024 1541 cisse
1037 1533 1045 1547 ‚
1057 1515 1094 1541 ut
1106 1508 1267 1541 suavitate
1278 1508 1369 1540 illius
1388 1507 1612 1553 hendecasyl—

938 1560 1097 1593 laborum
1106 1561 1174 1594 frui
1184 1569 1335 1605 possent.
1345 1561 1388 1593 Et
1395 1560 1540 1593 eredidit
1547 1561 1611 1593 Pli-

938 1612 1030 1646 nius.
1042 1613 1129 1654 Quis
1139 1625 1220 1645 vero
1230 1626 1300 1645 non
1312 1612 1428 1645 credat
1439 1613 1552 1645 PVere
1564 1638 1572 1652 ,
1585 1615 1611 1646 si

938 1665 1022 1710 quid
1030 1665 1610 1711 unquamTull.Tusc.V,22.Adhuc

938 1720 1093 1750 neminem
1106 1720 1240 1761 cognovi
1249 1728 1383 1760 poetam
1398 1722 1445 1759 (ec
1459 1720 1610 1762 milzifitit

938 1784 1008 1803 culn
1038 1773 1180 1815 Aquinio
1208 1773 1351 1803 amicitia
1368 1785 1379 1802 :
1404 1771 1609 1804 substituere

937 1824 1082 1869 poteris,
1102 1824 1209 1857 lector
1220 1849 1228 1863 ,
1245 1823 1399 1856 Tullium
1410 1849 1419 1863 ‚
1437 1824 1584 1857 Plinium
1598 1836 1607 1863 ;

937 1876 1131 1910 Gesner-um
1141 1877 1243 1910 etiam
1255 1900 1263 1916 ,
1275 1875 1301 1909 si
1313 1876 1475 1920 volueris)
1486 1878 1542 1918 qui
1549 1878 1609 1908 sihi

937 1942 1001 1961 non
1015 1931 1152 1972 optimus
1167 1928 1389 1961 videretsz.
1399 1949 1444 1954 —
1454 1931 1547 1959 Nunc
1562 1931 1606 1960 ci-

938 1983 1134 2022 tlzara,mmc
1146 1985 1213 2023 lyra
1219 1985 1605 2024 Ρονεοηαῑιιν.Ποιητικῶς

936 2046 1014 2080 pro,
1031 2047 1123 2068 nunc
1138 2034 1182 2067 ad
1194 2033 1376 2073 citharam,
1388 2045 1481 2066 nunc
1499 2033 1543 2066 ad
1558 2033 1606 2079 ly-

935 2099 1010 2119 ram
1029 2087 1176 2119 canitur.
1194 2086 1290 2131 Virg.
1308 2087 1386 2118 sEn.
1405 2086 1421 2117 I
1433 2111 1440 2125 ⁷
1457 2090 1536 2130 740,
1552 2098 1603 2131 sq.

937 2141 1071 2171 Cithara
1086 2142 1216 2171 crinitus
1226 2143 1245 2170 I
1246 2152 1323 2181 opas
1334 2143 1490 2170 Personat
1506 2152 1605 2170 αιινα-

936 2202 982 2231 ta,
996 2194 1105 2224 docuit
1117 2205 1188 2235 quw
1202 2204 1371 2223 maxumus
1386 2194 1492 2223 Atlas.
1502 2190 1604 2223 Haud

935 2257 1012 2277 raro
1032 2243 1209 2278 Secundus
1226 2256 1334 2288 prosae
1349 2243 1515 2276 admiscet
1526 2256 1604 2288 poe-

934 2298 1021 2336 tica,
1042 2297 1214 2342 prosarius
1234 2309 1354 2329 rursus
1374 2303 1488 2341 poeta.
1505 2297 1539 2329 S.

983 2363 1036 2383 10.
1070 2354 1110 2382 Ut
1127 2352 1250 2393 posteri
1272 2362 1399 2392 quoque
1422 2359 1481 2380 auc
1501 2359 1604 2380 errent

931 2404 1085 2441 similiter,
1099 2404 1314 2446 aucjndicenc.
1327 2402 1378 2435 Ne
1387 2401 1445 2446 qui
1456 2401 1503 2433 sie
1514 2409 1602 2434 erret

932 2455 1071 2500 quidem
1085 2483 1093 2497 ,
1116 2455 1198 2487 novi
1214 2467 1222 2494 ;
1240 2454 1368 2487 nedum
1384 2452 1597 2498 quijudicet.

931 2508 1052 2552 Itaque
1068 2508 1133 2540 hoc
1152 2515 1269 2539 votum
1286 2514 1383 2539 tuum
1395 2531 1404 2545 ‚
1419 2504 1525 2543 Plini,
1539 2517 1599 2535 '1¹0-

931 2563 1030 2591 lucres
1044 2562 1190 2602 dispersit
1198 2561 1230 2591 in
1243 2573 1340 2590 auras
1350 2558 1466 2590 Delius
1477 2582 1486 2595 a
1505 2559 1599 2599 inque

929 2623 1019 2644 notos
1035 2625 1136 2643 vocem
1154 2622 1278 2643 ‘vertere
1286 2613 1437 2654 procella.¹
1450 2610 1503 2651 (ex
1517 2611 1593 2641 AEn,

929 2666 977 2697 XI
990 2690 998 2705 ,
1019 2666 1101 2709 705,
1118 2669 1188 2710 sq.)
1204 2664 1247 2696 G.
