1742 2989
573 164 921 208 EPISToLA
955 163 1051 205 111.
1492 172 1515 218 7

111 254 245 296 rimus
271 249 333 293 sol
364 246 517 307 implet
545 256 588 289 et
615 246 848 290 circumit?
875 243 981 305 quid
1010 241 1200 286 triclinia
1230 239 1300 282 illa
1330 238 1518 300 popula-

111 325 205 369 ria?
241 321 346 383 quid
380 320 452 363 illa
486 318 756 380 paucorum?
782 318 887 379 quid
923 315 1122 360 cubicula
1148 313 1306 357 diurna
1336 323 1519 355 noctur-

110 395 280 456 naque?
308 393 589 438 Possidentne
616 402 681 447 te,
721 402 764 435 et
790 408 868 452 per
899 391 1013 434 vices
1038 385 1328 450 partiuntur?
1358 388 1450 438 An,
1474 394 1522 427 ut
1551 402 1567 421 2

112 469 303 522 solebas,
326 467 569 510 intentione
594 466 656 509 rei
682 464 906 509 familiaris
927 461 1162 516 obeundae,
1185 460 1349 505 crebris
1374 474 1525 501 excur-

113 541 307 585 sionibus
339 538 562 582 avocaris?
599 539 642 582 Si
679 548 720 582 te
755 537 1001 598 possident,
1033 534 1135 578 felix
1168 535 1410 593 beatusque
1443 548 1486 574 es
1515 540 1522 564 :

112 614 178 656 sin
209 613 374 666 minus,
402 628 514 655 unus
546 627 598 654 ex
630 609 788 654 multis.
816 611 937 667 Quin
972 619 1018 652 tu
1054 607 1253 669 (tempus
1284 616 1348 649 est
1380 603 1525 661 enim)
1555 601 1573 632 3

111 685 299 729 humiles
323 694 366 727 et
390 684 585 727 sordidas
610 700 734 727 curas
762 682 855 726 aliis
881 681 1088 735 mandas;
1114 690 1156 724 et
1180 680 1271 739 ipse
1299 689 1341 722 te
1368 678 1411 720 in
1439 676 1526 719 alto

112 759 194 802 isto
225 759 468 819 pinguique
497 774 668 801 secessu
698 756 851 800 studiis
884 754 1075 799 adseris?
1099 756 1195 796 Hoc
1221 754 1276 796 sit
1302 751 1526 811 negotium

112 842 235 875 tuum
258 866 268 885 ‚
294 831 377 874 hoc
405 832 543 874 otium
578 847 587 874 :
617 830 687 873 hic
714 829 859 883 labor,
891 829 982 872 haec
1006 828 1127 888 quies
1154 844 1162 869 τ

1190 826 1233 868 in
1258 825 1326 868 his
1356 823 1526 884 vigilia.

113 906 158 948 in
191 905 258 949 his
288 905 419 948 etiam
447 920 624 948 somnus
651 912 903 965 reponatur.
936 901 1108 962 Effinge
1134 898 1299 960 aliquid
1327 907 1369 941 et
1396 913 1528 939 excu-
1556 913 1576 948 4

114 979 167 1022 de
194 1013 205 1029 .,
241 977 359 1038 quod
391 978 445 1021 sit
475 987 689 1038 perpetuo
723 987 848 1020 tuum
879 993 887 1018 :

916 992 1016 1018 nani
1055 974 1222 1034 l'elqua
1252 988 1400 1015 rerum
1430 980 1529 1012 Ula-

116 1068 214 1095 rum
242 1060 342 1111 post
368 1060 409 1094 te
434 1050 567 1093 alium
594 1059 724 1110 atque
745 1048 879 1093 alium
903 1047 1129 1091 dominum
1157 1045 1397 1088 sortientur
1419 1059 1426 1085 ε
1448 1042 1530 1084 hoc

115 1141 358 1185 numquam
396 1133 521 1166 tunm
556 1124 723 1166 desinet
760 1139 850 1166 esse
873 1157 883 1176 ‚
924 1122 957 1164 si
1001 1119 1132 1163 semel
1169 1117 1364 1178 coeperit.
1401 1115 1529 1169 Scin,

116 1214 244 1257 quem
271 1198 490 1251 animum,
515 1196 634 1257 quod
658 1196 809 1240 horter
836 1194 1076 1256 ingenium.
1093 1194 1160 1236 Tu
1183 1190 1315 1234 modo
1341 1188 1531 1233 eniterea
1565 1203 1579 1210 ³

115 1367 296 1405 propterca
305 1358 450 1391 Romani
466 1358 574 1391 hortis
594 1358 662 1390 suis
682 1356 788 1390 adde-

116 1413 199 1445 bant
230 1411 480 1444 ambulationes
509 1410 690 1443 arboribus
720 1409 790 1442 cin-

116 1472 186 1497 ctas
194 1488 202 1503 ‚
211 1475 286 1508 quae
297 1471 329 1496 et
340 1463 418 1508 ipsae
426 1466 618 1507 gestationes
629 1462 791 1495 diceban-

117 1524 187 1549 tur.
199 1516 253 1550 Sic
267 1516 309 1548 iis
323 1516 435 1549 solum
449 1515 641 1549 reddebant
654 1517 789 1547 solidum

117 1568 233 1614 glarea
260 1575 292 1601 et
315 1568 409 1601 calce
426 1593 434 1608 ‚
464 1581 507 1601 ne
531 1568 705 1600 lubricum
730 1567 791 1599 viae

116 1620 373 1653 lecticariorum
397 1621 540 1666 vestigia
566 1620 713 1654 falleret.
730 1619 792 1651 Vi-

119 1673 292 1712 truv.VI‚
318 1685 370 1705 10.
396 1693 441 1697 -—
468 1676 625 1705 Plurimus
645 1675 712 1710 sol;
734 1672 794 1705 ad-

119 1722 199 1756 ditis
213 1732 245 1756 et
255 1724 390 1770 magnis
402 1732 434 1757 et
444 1725 601 1770 pluribus
616 1724 659 1757 ad
672 1737 793 1758 omnes

122 1777 197 1809 coeli
207 1776 363 1821 regiones
374 1777 592 1810 fenestris.—-
600 1779 791 1820 Popularia.

119 1829 204 1869 Quae
215 1829 358 1874 capiunt
371 1829 556 1862 maximam
567 1829 793 1862 convivarum

119 1880 391 1914 multitudinem.
408 1882 473 1914 En.
491 1903 536 1906 —
555 1883 640 1923 Quid
654 1883 793 1913 triclinia

127 1959 134 1965 .
151 1960 157 1965 .
173 1958 179 1964 .
197 1958 204 1965 .
230 1947 411 1976 paucorum
423 1939 439 1964 Ρ
468 1936 554 1975 Quid
575 1935 713 1965 triclinia
736 1935 793 1965 illa

114 1987 292 2029 popularia
309 2011 318 2023 ,
357 1988 413 2017 illa
446 1999 626 2028 paucorum
639 1991 654 2017 ,³
693 1987 791 2017 Rom.

121 2037 209 2070 bene
228 2049 235 2070 z
258 2045 291 2069 et
311 2037 360 2070 sic
374 2038 569 2070 Brummer.
591 2036 670 2070 cod.
690 2039 719 2070 A
732 2062 740 2076 ‚
762 2043 794 2069 et

121 2090 339 2134 Neapolitan.
358 2090 403 2122 H.
423 2111 469 2114 —
482 2093 608 2121 Diurna
621 2099 794 2120 nocturna-

123 2154 195 2184 que.
218 2142 309 2174 Bene
335 2140 413 2174 cod.
431 2166 439 2181 ,
464 2141 589 2186 copula
611 2141 792 2186 neglecta,

122 2195 263 2232 diurna,
293 2204 460 2226 nocturna.
491 2195 646 2238 Augetur
672 2193 718 2226 sic
742 2193 793 2225 vis

123 2245 302 2278 orationis.
322 2267 367 2270 —
384 2246 464 2278 Mox
484 2245 602 2278 malim
626 2258 666 2278 ex
687 2244 789 2278 codd.

131 2313 144 2325 α
161 2296 341 2329 Possident
357 2305 389 2330 te
407 2306 438 2330 et
456 2310 516 2342 per
532 2297 622 2331 vices
638 2298 793 2342 partiun-

124 2356 181 2382 tur
196 2374 204 2389 ‚
225 2361 269 2382 an
285 2373 293 2388 ‚
314 2356 351 2381 ut
367 2349 500 2382 solebas
515 2374 523 2389 ‚
543 2358 609 2383 etc.
631 2367 644 2379 »
665 2351 700 2384 S.

173 2402 202 2434 3.
218 2405 256 2432 In
273 2403 335 2433 lzis.
353 2425 359 2433 .
371 2411 567 2443 seponatur.
584 2404 681 2435 Rom.
699 2404 729 2433 in
750 2403 797 2433 lzis

125 2455 251 2496 vigilia,
266 2455 296 2485 ἱη
310 2455 357 2485 his
369 2455 464 2485 etiam
477 2467 602 2485 somnus
615 2464 795 2497 reponetur.

125 2504 170 2538 H.
184 2525 227 2529 —
245 2506 426 2551 perperam
442 2517 449 2537 :
470 2504 529 2538 sed
546 2506 657 2551 placet
675 2508 799 2550 vigiliae

127 2570 145 2590 e
158 2557 311 2602 quinque
324 2557 428 2591 codd.
444 2558 797 2604 enotatum.Vulgatae

128 2609 261 2642 fontem
269 2610 407 2643 Cortius
418 2610 524 2656 perite
534 2610 696 2643 ostendit.
708 2611 798 2643 Con-

129 2661 233 2693 trario
247 2662 351 2695 modo
366 2670 483 2707 peccat
501 2662 578 2696 cod.
596 2663 744 2696 Haverk.
761 2663 797 2695 in

853 1356 929 1389 Liv.
949 1357 964 1388 I
978 1381 987 1395 ,
1008 1360 1066 1398 47,
1088 1353 1208 1395 4.Vid.
1222 1354 1313 1386 infra
1333 1352 1376 1385 ad
1396 1352 1458 1384 lib.
1478 1352 1532 1390 ll,

856 1421 910 1453 ep.
929 1410 947 1442 8
965 1433 974 1448 ,
999 1420 1029 1440 1.
1047 1408 1080 1441 S.

903 1465 935 1501 4.
947 1462 1093 1492 Excude.
1115 1461 1261 1491 Exclude
1272 1484 1280 1497 ,
1297 1456 1392 1503 quod
1404 1456 1534 1489 habent

855 1512 1000 1559 qnidam
1019 1511 1164 1545 Codices
1179 1537 1187 1552 ,
1204 1512 1231 1544 si
1251 1510 1330 1543 ideo
1344 1509 1531 1557 praeferen-

857 1565 941 1598 dum
955 1572 1080 1610 putant
1094 1564 1155 1597 viri
1171 1564 1262 1597 docti
1275 1589 1283 1602 ,
1295 1563 1374 1608 quia
1390 1562 1430 1594 sit
1445 1574 1537 1593 com-

858 1617 960 1650 moda
979 1625 1011 1650 et
1026 1617 1140 1649 nitens
1157 1615 1335 1649 translatio
1356 1615 1399 1648 ab
1415 1614 1531 1646 avium

858 1672 929 1704 fetu
950 1678 1084 1714 sumpta
1097 1694 1105 1709 ‚
1120 1670 1207 1714 fugit
1223 1682 1279 1702 eos
1300 1667 1388 1701 ratio
1403 1678 1410 1699 2
1427 1678 1536 1711 quum

858 1725 1040 1755 excutiendi
1053 1723 1199 1755 verbum
1214 1734 1253 1754 ea
1268 1723 1304 1754 in
1321 1733 1357 1753 re
1373 1727 1406 1753 et
1420 1719 1535 1764 ipsum

859 1776 938 1808 satis
965 1776 1165 1820 frequenter
1197 1773 1383 1819 usurpari,
1417 1771 1535 1804 rustici

858 1828 967 1860 nostri
991 1827 1152 1860 doceant.
1182 1824 1315 1859 Deinde
1341 1826 1464 1856 excude
1489 1822 1533 1856 ad

858 1880 1073 1912 nobilissima
1101 1879 1203 1911 etiam
1230 1876 1475 1910 statuariorum
1496 1887 1535 1907 ex

858 1944 922 1964 aere
945 1945 1049 1975 opera
1074 1932 1243 1969 refertur3
1263 1937 1295 1961 et
1312 1928 1433 1962 crescit
1453 1940 1531 1960 ora-

857 1982 926 2022 tio,
953 1996 1061 2028 quum
1088 1982 1184 2016 alteri
1208 1984 1346 2027 csfinge,
1369 1980 1464 2026 quod
1491 1979 1534 2013 ad

857 2035 984 2080 plastas
1010 2035 1152 2081 figulos,
1179 2035 1215 2067 in
1245 2046 1324 2067 cera
1352 2041 1383 2065 et
1410 2032 1530 2077 argilla

858 2095 1045 2133 occupatos
1058 2114 1066 2127 ‚
1086 2087 1253 2133 pertinet,
1274 2089 1396 2117 exc-ude
1422 2085 1528 2131 subji-

859 2140 959 2173 citur.
975 2140 1018 2173 G.
1035 2160 1081 2165 -—
1097 2140 1298 2172 Graecorum
1317 2139 1411 2171 hunc
1428 2150 1528 2170 usum

859 2191 1022 2238 loquendi
1037 2217 1045 2232 ,
1065 2192 1173 2225 latino
1191 2191 1405 2225 simillimum
1419 2216 1427 2231 ‚
1448 2203 1534 2223 con-

861 2244 1005 2276 firmavit
1016 2245 1129 2291 Heyn.
1143 2243 1187 2277 ad
1198 2243 1298 2277 Pind.
1313 2243 1440 2283 OLVI,
1459 2246 1536 2279 161;

863 2304 894 2328 et
905 2296 1094 2330 Eichstfidt.
1108 2298 1171 2342 Ep.
1189 2296 1233 2329 ad
1247 2298 1320 2329 Ast.
1340 2308 1374 2339 p.
1399 2306 1474 2338 177.
1494 2295 1534 2327 E.

862 2369 907 2373 —
926 2350 1024 2382 Rom.
1046 2352 1173 2395 Effinge
1190 2351 1319 2392 aliquid
1339 2358 1369 2379 et
1388 2349 1510 2378 excude
1523 2373 1532 2385 ,

863 2414 933 2434 non
960 2404 1112 2437 exclude,
1138 2410 1175 2434 ut
1193 2400 1320 2433 Mulie.
1348 2398 1442 2444 quod
1464 2412 1535 2431 non

863 2453 987 2499 placet.
1015 2454 1056 2486 Et
1079 2467 1156 2486 mox
1179 2465 1186 2486 :

863 2505 994 2539 desinet
1030 2519 1102 2539 esse
1122 2532 1130 2546 ‚

863 2565 975 2591 tuum.
997 2575 1011 2587 ι
1048 2559 1121 2590 Hoc
1155 2566 1188 2590 et
1217 2557 1337 2590 Cortio
1371 2555 1504 2589 adridet
1526 2581 1531 2595 7

863 2611 955 2656 quod
973 2611 1018 2643 ita
1038 2619 1069 2643 et
1087 2610 1216 2643 Medic.
1239 2610 1281 2642 H.

912 2664 943 2697 5.
960 2667 999 2695 Ut
1013 2666 1070 2695 tihi
1085 2666 1149 2705 ipsc
1163 2665 1203 2693 sis
1219 2665 1312 2694 tanti.
1326 2663 1397 2695 Cic.
1417 2662 1472 2694 ad.
1490 2662 1521 2699 Q

1222 2471 1233 2481 ·‹
1248 2454 1315 2485 lioc
1343 2463 1534 2495 numquam

1169 2507 1195 2537 si
1231 2504 1335 2537 semel
1367 2503 1533 2549 coepcrit,
