1742 2989
212 255 382 317 dicam)
414 259 706 318 praecipuam,
740 268 788 301 ut
819 259 932 303 inter
956 276 1102 316 meas,
1128 267 1178 313 ὡς
1207 263 1303 323 ὑπὲρ
1329 265 1617 325 Κτησιφῶντος

211 344 315 372 esse.
338 331 407 374 An
435 346 556 386 vere,
581 340 627 374 tu
654 329 859 375 facillime
877 332 1113 392 judicabis,
1131 335 1233 396 quia
1255 344 1345 379 tam
1367 338 1620 381 memoriter

211 410 333 444 tenes
372 418 550 459 omnes,
591 413 639 447 ut
676 404 874 448 conferre
915 422 1015 449 cum
1049 406 1156 462 hac,
1191 407 1295 452 dum
1333 409 1448 453 hanc
1485 409 1618 454 solam

214 173 305 235 390

210 473 317 535 legis
332 510 343 530 ‚
374 475 526 536 possis.
545 475 666 521 Vale.

265 623 278 643 1
290 623 301 643 1
312 637 319 643 .
351 604 398 649 Ως
425 611 504 657 ὑπὲρ
536 617 779 658 Κτησιφῶντος.
801 614 880 655 Qua

209 661 467 707 Ctesiphontem
479 688 489 704 ,
509 671 541 697 et
560 663 734 698 decretam
753 665 818 698 sibi
837 667 880 699 ab

207 713 267 746 illo
276 727 443 748 coronam
456 715 610 750 defendit
621 742 630 757 ,
644 729 749 763 quam
761 742 770 758 ‚
785 718 879 763 quod

947 607 1030 641 Vid.
1047 622 1151 656 supra
1167 610 1228 644 lib.
1245 611 1275 651 Ι,
1293 611 1394 657 epist.
1415 626 1449 652 2,
1470 623 1499 644 1.
1520 611 1564 645 G.
1577 633 1619 637 -—-

946 656 1120 696 Roma'nus
1135 663 1207 698 MS.
1228 668 1348 696 Iterum
1361 666 1470 696 dicam
1487 674 1522 696 ut
1540 667 1617 697 incer

946 729 1052 755 meas,
1080 718 1157 764 ὑπὲρ
1180 722 1410 763 Κτησιφῶντος
1435 730 1509 750 esse.
1531 717 1620 750 Cum

947 770 1191 815 manuscriptis
1204 770 1368 803 Romanis
1380 770 1439 803 hic
1452 770 1640 805 consentito

947 823 1087 869 optime.
1113 823 1264 868 Vulgata
1289 823 1389 857 lectio
1416 823 1620 869 interpolata

947 885 1009 910 est.
1030 876 1073 909 H.

207 767 330 812 regina
349 769 547 802 orationum
570 770 809 804 Demosthenis
828 773 881 817 ju-

208 819 382 854 dicaretur
400 847 408 862 ,
445 835 515 855 una
553 835 633 856 cum
663 825 880 858 accusatione

208 873 878 911 AEschinisLatinetranstuleratCicero.

225 1001 1603 1021 wssvsvv’-mmmxmsmmmxnnswsuuxvsvrsmsuaevsvvsmumuzs

740 1133 1080 1190 XXXIV.

207 1282 364 1319 Maximi
388 1296 522 1319 munus
545 1284 811 1333 gladiatorium
836 1284 873 1320 in
901 1285 1032 1321 sunere
1061 1285 1188 1321 uxoris
1217 1285 1455 1321 commendat
1485 1301 1490 1319 τ
1516 1284 1617 1321 dolet

538 1349 662 1385 autem
687 1349 890 1398 pantheras
912 1349 1054 1386 tardius
1076 1349 1284 1386 advenisse.

503 1489 540 1515 c.
582 1489 817 1517 PLiNms
852 1489 1085 1517 ΜΑΧιΜο
1114 1473 1130 1489 *
1166 1489 1268 1517 suo
1305 1490 1336 1517 s.

271 1609 421 1651 Rssfflis
442 1607 603 1661 fecisti„
629 1607 747 1667 quod
777 1606 1083 1667 gladiatorium
1110 1624 1269 1651 munus
1289 1608 1615 1652 Veronensibus

207 1681 366 1723 nostris
392 1681 659 1739 promisisti3
686 1697 709 1723 a
738 1679 897 1740 quibus
923 1680 1026 1724 olim
1054 1681 1237 1733 amaris,
1263 1681 1515 1741 suspiceris,
1540 1697 1613 1724 or-

204 1752 336 1796 naris.
353 1752 460 1795 Inde
473 1753 605 1795 etiam
621 1769 803 1796 uxorem
821 1753 1087 1796 carissimam
1104 1753 1182 1796 tibi
1202 1763 1245 1796 ct
1262 1754 1613 1814 probatissimam

206 1826 418 1880 habuisti3
441 1826 566 1885 cujus
587 1828 807 1870 memoriae
830 1837 906 1870 aut
935 1843 1045 1886 opus
1069 1826 1269 1887 aliquod,
1289 1837 1364 1871 aut
1384 1837 1613 1888 spectacu—

205 1900 320 1951 lum,
341 1909 471 1959 atque
501 1899 584 1943 hoc
617 1900 889 1959 potissimum
904 1934 915 1953 ‚
935 1899 1054 1959 quod
1080 1900 1268 1942 maxime
1293 1899 1459 1955 funeri,
1479 1900 1612 1944 debc-

168 1999 182 2016 2
206 1973 348 2016 batur.
368 1975 604 2026 Praeterea,
628 1982 751 2016 tanto
772 1989 988 2016 consensu
1010 1973 1254 2033 rogabariS,
1277 1983 1325 2016 ut
1343 1990 1503 2034 negare
1524 1991 1614 2018 non

253 2105 381 2137 xxxv
391 2130 398 2135 .
409 2106 422 2120 *
442 2105 489 2137 nc
505 2107 653 2136 Mau-inm
673 2103 743 2136 vid.
763 2095 806 2137 aa
821 2105 874 2144 11,

205 2170 259 2203 ep.
285 2165 338 2194 14.
357 2157 422 2189 En.
438 2178 483 2181 —
496 2158 605 2189 Inscr.
626 2159 721 2189 Rom.
742 2169 876 2191 MAXIMO

208 2221 419 2242 immenso.
439 2209 483 2242 H.

255 2275 285 2295 1.
307 2266 399 2294 Recte
413 2262 544 2305 fecisti,
569 2269 634 2294 etc.
658 2263 756 2294 Rom.
783 2267 875 2296 Recte

194 2317 320 2357 sivisti,
339 2317 623 2358 quigladiatorum
639 2328 762 2348 munus,
777 2315 874 2348 H.—

208 2370 436 2400 Veronensibus
455 2370 581 2400 nostris.
599 2368 691 2401 Sicut
705 2369 740 2408 I,
765 2371 819 2408 16,
840 2369 872 2401 5.

207 2423 368 2453 Catullum
386 2434 477 2453 suum
498 2428 600 2453 vocat
613 2445 621 2460 a
642 2428 716 2453 tum
735 2429 875 2466 propter

205 2473 304 2506 Comi
336 2473 453 2519 patriae
484 2485 552 2505 suae
585 2472 767 2515 viciniam,
802 2482 874 2507 tum

205 2525 300 2570 quod
312 2526 517 2565 avunculus,
534 2525 663 2558 Plinius
673 2529 781 2572 major
793 2552 800 2566 ‚
810 2528 876 2560 Ve-

204 2579 360 2611 ronensis
386 2587 483 2612 essct.
505 2579 548 2611 G.
570 2599 613 2602 —*
632 2579 742 2611 Immo
762 2583 875 2612 uostris

206 2639 275 2671 cst,
294 2632 501 2676 quibuscum
533 2631 630 2664 nobis
657 2632 874 2665 necessitudo

205 2684 395 2718 intercedit.
413 2683 693 2730 Pliniusquidem
710 2687 818 2731 major
832 2699 873 2718 an

942 2105 1154 2138 Veronensis
1173 2106 1296 2145 fuerit,
1315 2106 1507 2151 ambigunt.
1528 2108 1614 2141 Sunt

941 2157 1001 2202 qui
1027 2170 1088 2202 pro
1110 2159 1362 2192 Novocomensi
1387 2159 1551 2193 habeant.
1577 2161 1611 2194 S.

987 2231 1031 2235 —
1046 2215 1113 2243 Aut
1137 2225 1215 2254 opus
1239 2214 1386 2255 aliquod.
1407 2212 1613 2246 Monumen-

940 2269 1014 2295 tum
1036 2264 1227 2308 sepulchri,
1247 2265 1435 2310 templum,
1456 2277 1525 2309 quo
1547 2277 1612 2298 ser-

941 2322 1040 2348 vatur
1052 2316 1218 2350 memoria
1239 2329 1247 2349 :
1263 2317 1307 2350 ab
1318 2329 1421 2362 opere
1436 2316 1610 2350 diversum

940 2372 1170 2412 spectaculum,
1198 2369 1270 2402 ludi
1296 2370 1533 2415 cujuscunque
1556 2383 1612 2415 ge-

940 2422 1050 2462 neris3
1072 2425 1273 2466 potissimum
1288 2435 1370 2455 vero
1389 2424 1449 2454 hoc
1467 2421 1611 2455 debeba-

942 2481 1016 2516 tur,
1036 2475 1118 2520 quia
1135 2476 1448 2519 debebaturfimcri;
1465 2474 1499 2506 in
1515 2474 1611 2507 fune—

941 2527 1036 2559 ribus
1051 2535 1165 2560 autem
1179 2526 1282 2560 ludos
1296 2527 1401 2559 fuisse
1415 2525 1522 2559 editos
1533 2551 1541 2566 ,
1558 2527 1609 2559 vel

941 2592 980 2612 ex
992 2579 1209 2612 Terentianis
1222 2578 1416 2612 didascaliis
1431 2578 1511 2611 satis
1530 2592 1609 2612 con--

942 2641 1017 2665 stat.
1036 2632 1079 2665 G.
1091 2634 1240 2665 —Rmu
1259 2649 1270 2660 υ
1283 2632 1389 2676 Cujus
1403 2632 1575 2664 memoria:
1589 2645 1607 2664 a

941 2693 972 2718 rc
990 2699 1074 2730 opus
1093 2685 1231 2731 aliquod
1248 2710 1254 2723 ‚
1273 2685 1417 2718 maxime
1439 2685 1584 2718 funebre
1599 2710 1606 2722 ‚
