1742 2989
171 184 258 238 ‘248

575 190 622 230 C.
661 188 885 231 PLINII
919 190 1040 233 LIB.
1075 192 1158 234 lv.

124 279 141 310 3
168 267 291 309 Meos
316 265 482 310 libellos
506 267 663 323 habet,
687 268 873 326 lectitat,
895 270 1046 314 ediscit
1070 272 1215 315 etiam.
1239 274 1339 329 Qua
1361 273 1433 317 illa
1458 274 1572 318 solli-

168 337 382 395 citudine,
404 357 540 400 quum
565 339 717 384 videor
745 351 943 399 acturus,
970 354 1155 404 quanto,
1181 361 1317 405 quum
1343 347 1435 407 egi,
1460 364 1570 407 gau-

167 411 240 454 dio
275 411 495 457 afficitur?
520 414 752 474 Disponit,
786 415 861 475 qui
899 417 1104 460 nuntient
1140 417 1242 474 sibi,
1268 435 1399 478 quem
1426 436 1571 464 assen-

167 501 292 539 sum,
328 503 437 546 quos
474 486 685 530 clamores
723 487 973 543 excitarim,
1011 506 1140 550 quem
1181 501 1386 534 eventum
1415 492 1569 552 judicii

167 557 354 602 tulerim.
381 559 566 616 Eadem,
593 561 627 604 si
661 559 837 620 quando
868 561 1027 617 recito,
1052 563 1097 605 in
1132 564 1357 623 proximo,
1385 564 1571 608 discreta

166 630 282 687 velo,
306 631 442 688 sedet,
465 631 699 694 laudesque
724 643 893 678 nostras
919 634 1174 680 avidissimis
1193 637 1372 681 auribus
1395 639 1570 699 excipit.

123 706 141 741 4
167 706 329 748 Versus
355 705 532 765 quidem
558 723 676 750 meos
703 717 851 750 cantat
874 707 1121 769 formatque
1141 710 1330 766 cithara,
1353 728 1443 754 non
1463 712 1571 755 arti-

168 777 248 821 fice
270 777 417 839 aliquo
440 779 647 837 docente,
671 780 746 824 sed
769 797 939 837 amore,
959 783 1032 842 qui
1056 783 1261 842 magister
1283 793 1346 827 est
1369 785 1572 845 optimus.

122 859 140 892 5
168 852 247 894 His
275 868 328 894 ex
353 853 511 895 caussis
537 853 583 895 in
609 854 1043 914 spem‘certissimam
1070 854 1289 907 adducor,
1315 867 1573 916 perpetuam

167 924 295 968 nobis
318 925 618 986 majoremque
642 927 687 969 in
711 926 801 970 dies
825 927 1019 971 futuram
1046 944 1136 971 esse
1158 928 1451 972 concordiam.
1471 932 1573 975 Non

167 998 285 1040 enim
311 1007 481 1042 aetatem
502 1016 670 1056 meam,
695 1010 771 1044 aut
793 1017 976 1061 corpus,
996 1017 1092 1061 quae
1116 1000 1342 1060 paullatim
1368 1001 1575 1045 occidunt

122 1078 142 1108 6
167 1088 217 1116 ac
241 1083 493 1127 senescunt,
513 1073 586 1117 sed
610 1073 794 1134 gloriam
814 1074 969 1135 diligit.
984 1075 1078 1118 Nec
1099 1073 1216 1118 aliud
1236 1074 1361 1118 decet
1380 1075 1465 1118 tuis
1484 1091 1575 1117 ina-

166 1146 295 1190 nibus
326 1147 579 1203 educatam,
606 1149 692 1191 tuis
716 1149 946 1209 praeceptis
969 1149 1213 1192 institutam
1238 1166 1246 1191 :
1274 1166 1369 1209 quae
1394 1149 1501 1193 nihil
1531 1149 1575 1192 in

167 1219 458 1263 contubernio
483 1229 560 1264 tuo
578 1221 758 1277 viderit,
777 1223 860 1266 nisi
884 1231 1084 1265 sanctum
1107 1222 1427 1283 honestumque
1449 1239 1459 1267 :
1482 1239 1576 1283 quae

124 1302 139 1328 7
167 1292 357 1353 denique
382 1310 530 1337 amare
555 1311 625 1338 me
648 1311 703 1339 ex
728 1304 804 1339 tua
824 1294 1136 1356 praedicatione
1159 1296 1577 1339 consueveriLNam

168 1382 305 1425 quum
321 1376 505 1409 matrem
523 1384 664 1411 meam
685 1369 879 1428 parentis
898 1368 994 1412 loco
1014 1385 1292 1424 venerarere,
1309 1385 1379 1412 1116
1399 1385 1576 1429 quoque

168 1454 189 1480 a
215 1439 404 1497 pueritia
426 1441 573 1483 statim
593 1440 803 1493 formare,
826 1441 1024 1495 laudare,
1040 1441 1279 1502 talemque,
1298 1440 1436 1501 qualis
1459 1458 1578 1485 nunc

171 1511 295 1553 uxori
315 1528 420 1554 meae
438 1512 608 1568 videor,
626 1515 813 1556 ominari
835 1514 1014 1557 solebas.
1030 1517 1242 1558 Certatim
1262 1531 1366 1574 ergo
1386 1515 1466 1557 tibi
1483 1531 1577 1575 gra-

169 1582 251 1625 tias
281 1583 450 1625 ao-imus

308 1617 332 1643 t>
480 1601 488 1625 :
521 1601 626 1644 ego,
653 1585 771 1645 quod
801 1585 919 1629 illam
950 1587 1082 1641 mihi3
1123 1586 1216 1641 illa,
1249 1587 1367 1647 quod
1395 1605 1464 1631 me
1495 1588 1577 1631 sibi

169 1656 364 1712 dederis,
391 1658 514 1718 quasi
540 1659 726 1702 invicem
753 1659 947 1721 elegeris.
966 1660 1088 1704 Vale.

168 1802 277 1822 rarum
296 1794 475 1835 concepisse
495 1791 671 1837 praedicat.
693 1793 767 1826 Nisi
786 1794 843 1826 cui

167 1843 256 1875 forte
272 1844 380 1888 magis
399 1844 587 1889 placuerit,
607 1845 665 1878 illa
685 1856 775 1878 amat
794 1859 842 1877 me

169 1894 216 1927 ita
236 1895 402 1941 insignire
429 1909 514 1930 voce
534 1905 566 1929 et
587 1898 841 1941 pronuntiatio-

168 1959 213 1980 ne
227 1974 235 1989 ‚
248 1955 285 1980 ut
297 1960 417 1981 sensus
428 1948 575 1994 prodeat
589 1950 646 1982 hic
661 1962 667 1982 :
684 1959 775 1983 amat
788 1964 843 1983 me

168 1999 280 2033 solum
292 2025 300 2040 ,
321 2000 387 2033 mei
405 2001 508 2033 unius
524 2010 686 2036 contenta
705 2012 765 2037 est.
783 2004 823 2036 E.

218 2053 249 2085 3.
275 2056 360 2094 Quos
386 2057 554 2087 clamores.
582 2056 738 2089 Plausus.
759 2056 841 2089 Vid-

169 2105 235 2147 IV,
253 2104 270 2136 5
285 2132 294 2145 ‚
319 2117 347 2137 1.
369 2105 413 2138 G.

218 2164 251 2196 4.
270 2163 383 2191 Versus
397 2161 524 2201 quidem
543 2173 628 2192 meos
639 2187 647 2199 ‚
664 2170 729 2194 etc.
744 2164 842 2196 Rom.

173 2214 285 2242 Versus
298 2213 425 2253 quidem
439 2225 523 2244 meos
537 2223 649 2245 cantat
665 2217 842 2259 etiamfor-

171 2273 346 2306 macatque
354 2265 497 2303 cithara,
512 2266 602 2298 male
614 2293 623 2308 ‚
634 2266 844 2300 H.-—Eciam

170 2315 361 2360 genuinum
375 2324 459 2362 puto
475 2328 483 2349 :
499 2328 597 2360 atque
607 2327 727 2352 natum
743 2328 791 2353 est
804 2333 844 2353 ex

172 2368 353 2401 iteratione
386 2367 535 2402 duarum
577 2370 770 2405 literarum.
806 2373 840 2407 S.

172 2425 421 2465 —Formatque
433 2423 572 2455 cithara.
590 2422 664 2457 Hoc
678 2424 726 2457 ita
742 2425 843 2458 intel·

172 2473 243 2517 ligo
264 2485 271 2506 :
291 2473 439 2507 formam
452 2483 485 2508 et
500 2476 648 2521 speciem
668 2476 845 2522 quandam

173 2526 326 2559 versibus
345 2526 405 2560 dat
418 2552 427 2568 ,
442 2540 499 2561 eos
517 2527 650 2562 cithara
669 2538 790 2570 ornat,
806 2539 845 2563 ut

170 2580 242 2622 jam
256 2578 364 2624 magis
377 2581 480 2614 etiam
492 2581 661 2626 placeant.
676 2583 750 2615 Non
766 2595 843 2616 raro

168 2631 314 2671 formare
341 2632 385 2665 ita
413 2631 538 2667 dicitur
551 2659 561 2676 ,
586 2641 621 2667 ut
641 2633 842 2680 adjunctam

907 1794 1177 1828 commendandi
1204 1802 1263 1827 aut
1291 1794 1439 1828 ornandi
1467 1794 1579 1827 notio-

907 1861 986 1880 nem
1008 1847 1153 1887 habeat,
1172 1847 1324 1892 inprimis
1343 1846 1386 1880 de
1409 1847 1576 1880 oratione.

907 1901 948 1933 E.
963 1921 1008 1925 ——
1026 1901 1137 1932 Immo
1157 1899 1360 1945 simpliciter
1376 1907 1425 1932 est
1440 1926 1448 1941 ,
1470 1898 1514 1932 ad
1529 1911 1582 1931 so-

908 1965 992 1986 num
1001 1952 1138 1986 citharae
1148 1952 1359 1985 modulatur.
1374 1951 1463 1984 Vide
1474 1976 1483 1991 ‚
1499 1963 1582 1996 prae-

910 2012 960 2037 ter
988 2005 1188 2050 interpretes
1214 2003 1258 2037 ad
1280 2004 1317 2037 h.
1343 2003 1382 2045 l.‚
1400 2005 1477 2048 sEg.
1495 2003 1581 2035 For-

911 2057 1026 2090 cellin.
1044 2059 1126 2090 Lex.
1140 2057 1176 2089 h.
1192 2069 1225 2089 v.
1243 2057 1277 2090 S.

959 2113 1076 2143 &Non
1098 2112 1181 2141 enim
1201 2119 1329 2140 [elatem
1351 2121 1467 2141 meam.
1482 2109 1579 2140 Rom.

911 2165 985 2194 Non
1002 2172 1130 2194 [etatem
1144 2175 1264 2200 meam,
1285 2162 1356 2194 sine
1371 2163 1467 2193 enim.
1488 2160 1533 2193 H.

956 2227 990 2259 7.
1008 2218 1094 2247 Nam
1114 2228 1210 2258 quum
1229 2224 1379 2252 matrem,
1402 2221 1466 2247 etc.
1481 2215 1579 2246 Rom.

910 2270 996 2299 Nam
1005 2281 1100 2310 quum
1108 2277 1241 2298 matrem
1252 2280 1355 2298 meam
1355 2267 1504 2309 parentis
1511 2267 1582 2297 vice

910 2321 1060 2352 dilexeris
1071 2333 1082 2352 .·
1096 2332 1144 2351 me
1157 2333 1178 2351 α
1185 2321 1347 2362 puericia,
1365 2319 1492 2351 omisso
1506 2330 1584 2360 qno-

909 2385 982 2415 qne.
993 2372 1215 2405 H.-Placuit
1225 2374 1296 2404 vice
1306 2373 1455 2403 dilexeris
1465 2369 1581 2403 Cottio

910 2432 943 2457 et
955 2425 1130 2470 Gierigio:
1149 2437 1213 2458 nec
1231 2437 1295 2469 ego
1310 2424 1480 2468 refragor,
1498 2421 1583 2454 Mal-

909 2478 978 2512 lem
996 2486 1111 2511 tamen
1127 2479 1284 2521 diligeres.
1301 2477 1335 2510 S.

958 2532 991 2565 8.
1004 2535 1058 2563 Me
1071 2544 1196 2574 quoque
1209 2542 1271 2575 pro
1288 2541 1398 2571 meque
1409 2535 1459 2560 est
1471 2539 1489 2560 e
1503 2539 1582 2559 con-

906 2583 1040 2630 jectura
1050 2584 1242 2617 casaubon.
1256 2582 1321 2614 En.
1334 2601 1379 2606 ——
1395 2581 1495 2621 Quasi
1505 2582 1581 2611 invi-

910 2649 975 2669 cem
993 2639 1132 2681 elegeris.
1154 2636 1208 2670 Sic
1222 2643 1253 2668 et
1272 2636 1370 2667 Rom.
1392 2632 1435 2665 H.
