1742 2989
569 205 911 247 EPISTULA
947 205 1014 246 XI
1034 206 1082 247 V.

1434 206 1520 268 237

126 287 218 345 Ego
242 286 394 345 quanti
420 284 573 328 faciam
596 285 808 344 judiciuin
834 296 978 339 tuum,
999 285 1064 328 vel
1091 302 1141 328 cx
1169 286 1250 328 1106
1272 296 1395 346 potes
1419 289 1525 331 365ῖί-
1549 303 1569 331 15

126 374 268 412 mare,
289 357 405 418 quod
426 356 557 400 malui
584 359 733 401 onmia
752 374 777 401 a
803 367 843 402 te
868 358 1100 418 pensitari,
1122 374 1254 418 quam
1278 358 1413 403 electa
1436 360 1523 404 lau-

125 430 232 475 dari.
262 433 318 475 Et
347 447 448 474 sane
473 447 568 491 quae
594 440 696 474 sunt
724 432 1100 486 commodissima,
1125 431 1331 475 desinunt
1357 432 1492 476 videri
1513 469 1524 488 ,

125 520 262 564 quum
289 504 411 564 paria
436 519 527 546 esse
556 515 797 565 coeperunt.
827 508 1040 549 Praeterca
1066 505 1238 565 sapiens
1268 504 1526 565 subtilisque
1548 520 1569 553 7

125 575 262 618 lector
298 575 428 619 debet
463 593 549 619 non
583 576 762 620 diversis
796 578 994 621 conferre
1027 577 1217 629 diversa,
1250 577 1323 620 sed
1355 578 1526 638 singula

125 648 392 709 expendere,
419 665 498 692 nec
524 648 713 693 deterius
737 650 822 694 alio
848 661 1002 711 putare
1018 687 1028 704 ‚
1055 650 1173 711 quod
1197 660 1260 694 est
1282 651 1324 694 in
1352 667 1430 694 suo
1456 669 1526 712 ge-

125 737 226 764 nere
250 720 503 782 perfectum.
525 721 609 765 Sed
631 722 735 782 quid
761 739 845 783 ego
871 722 1029 783 plura?
1053 725 1167 769 Nam
1195 722 1392 784 longiore
1415 741 1525 784 prae-
1550 739 1570 772 8

125 794 286 837 fatione
307 794 374 838 vel
403 811 628 848 excusare,
647 795 711 839 vel
741 796 1047 840 commendare
1074 796 1280 857 ineptias,
1306 796 1528 857 ineptissi-

124 884 244 910 mum
271 871 516 912 est.Unu1n
544 867 649 911 illud
675 869 997 929 praedicendum
1023 868 1215 924 videtur,
1240 869 1433 929 cogitare
1459 886 1528 912 1116

124 940 201 983 1135
223 957 361 1001 nugas
381 957 498 984 meas
525 942 582 984 ita
607 942 862 997 inscribere,
883 957 1311 996 HENDECASYLLABI,
1329 941 1403 1002 qui
1425 942 1526 985 titu-

125 1013 189 1057 lus
215 1014 303 1058 sola
330 1016 457 1058 metri
487 1015 580 1075 lege
611 1016 942 1076 constringitur.
977 1014 1165 1060 Proinde
1191 1014 1279 1057 sive
1304 1018 1526 1075 epigram·
1551 1033 1570 1063 9

127 1132 189 1171 Qui
203 1140 269 1161 lum
289 1131 424 1173 deniqne
445 1132 565 1162 habent
579 1133 680 1162 salem
701 1141 732 1162 et
751 1133 792 1162 le-

119 1194 242 1223 porem.
254 1182 309 1215 Sic
321 1182 554 1216 scribendum.
567 1183 610 1215 H.
622 1204 665 1207 ——
674 1184 793 1216 Cicero

124 1246 177 1278 ep.
193 1234 290 1275 XIV,
310 1248 326 1267 2
343 1259 351 1274 ,
371 1247 390 1279 7
406 1247 413 1267 :
437 1252 451 1263 α
464 1248 526 1280 ego
547 1248 630 1268 vero
649 1244 723 1269 tum
738 1235 794 1269 de-

124 1285 228 1331 nique
259 1287 342 1319 mihi
365 1287 508 1321 videbor
539 1289 716 1322 restitutus
730 1314 738 1329 ‚
765 1290 793 1323 si

124 1337 181 1371 illa
196 1339 293 1371 nobis
312 1340 374 1373 erit
391 1341 559 1374 restituta.
573 1359 588 1369 n
609 1342 643 1375 S.

171 1394 205 1424 6.
220 1395 359 1431 Exkoc,
376 1402 440 1426 etc.
459 1395 554 1426 Rom.
566 1397 620 1425 Ex
633 1396 793 1437 lzocpotes

124 1446 324 1483 aestimare,
350 1449 440 1488 quod
460 1449 560 1478 malui
581 1460 602 1478 a
628 1456 667 1479 ce.
693 1447 793 1480 Deest

125 1498 245 1529 omnia.
269 1497 312 1530 H.

171 1570 215 1573 —
241 1553 343 1591 Qllllnl
378 1553 478 1593 [laria
521 1564 584 1584 8558
618 1562 790 1596 Ga'perllllt.

122 1601 240 1642 Quum
249 1615 318 1635 uno
325 1611 444 1636 tencre
451 1603 717 1650 pluraleguntur
724 1606 794 1640 bre-

124 1653 176 1686 via
206 1656 357 1687 carmina
370 1680 378 1695 ‚
403 1668 500 1701 aeque
526 1665 646 1703 arguta
658 1683 667 1698 ,
697 1671 794 1705 arque

122 1706 205 1739 falsa
219 1732 227 1746 ,
242 1708 384 1751 gratiam
405 1708 566 1742 amittunt
587 1711 700 1744 omnia
712 1737 720 1751 ,
741 1712 794 1745 vel

125 1759 169 1790 ob
191 1759 225 1791 id
250 1759 362 1803 ipsum
374 1784 383 1800 ‚
411 1760 506 1806 quod
535 1762 624 1794 nihil
652 1764 793 1798 eminet,

124 1811 204 1844 Haec
224 1811 295 1857 ipsa
314 1825 434 1846 caussa
451 1821 500 1846 cst
513 1839 522 1854 ‚
538 1815 633 1859 quod
653 1818 796 1861 argutiis

126 1863 192 1897 illis
206 1889 215 1903 3
236 1865 361 1910 quibus
391 1866 602 1899 condiuntur
628 1868 795 1913 epigram-

126 1923 218 1949 mata
231 1917 284 1956 ,111
302 1918 384 1951 seria
400 1919 553 1952 oratione
567 1927 665 1953 caute
678 1921 797 1954 admo-

125 1967 210 2001 dum
225 1977 257 2002 et
274 1970 449 2004 moderate
468 1973 636 2005 utendum
657 1982 706 2006 est
725 1987 795 2008 non

126 2021 258 2062 minus,
280 2035 384 2068 quam
406 2024 637 2058 condimentis
658 2027 797 2060 acriori-

125 2074 190 2107 bus
201 2099 210 2115 ,
225 2083 290 2109 etc.
303 2076 475 2110 G.——N0n
489 2078 569 2111 satis
584 2079 795 2125 intelligitur,

126 2128 302 2172 quomodo
311 2132 411 2171 paria
425 2130 491 2163 hoc
505 2144 606 2163 sensu
621 2132 793 2166 dicanti-r.

127 2179 252 2213 Sensus
264 2188 313 2213 est
324 2193 331 2214 ε
344 2195 452 2227 quum
465 2184 585 2228 saepius
595 2193 797 2230 repetuntur

128 2231 248 2264 eadem
268 2234 426 2267 acumina
443 2243 474 2267 et
491 2237 673 2270 commode
692 2238 794 2271 (licta.

128 2287 166 2316 E.
187 2305 232 2308 —
251 2285 354 2318 Nulla
381 2286 436 2320 hic
462 2288 667 2322 obscuritas.
697 2294 796 2323 Paria

127 2336 308 2371 Catanaeus
341 2340 521 2373 commode
551 2341 798 2387 interpretatur

126 2392 237 2422 omnia
248 2394 378 2433 optima.
391 2393 488 2426 Talia
502 2394 591 2426 6111111
606 2395 711 2427 electa
726 2408 797 2428 csse

127 2442 250 2476 solent.
268 2444 302 2476 S.

177 2507 209 2538 7.
220 2498 352 2538 Sapiens
361 2522 369 2534 ,
386 2496 446 2542 qui
458 2496 562 2530 habet
574 2509 710 2530 sensum
725 2499 797 2543 pnl-

129 2546 204 2578 chri
218 2555 362 2581 rectum.
377 2550 441 2581 Eo.
452 2570 497 2573 —-
511 2552 611 2581 Debet
623 2563 686 2581 non
701 2552 798 2582 diver-

130 2601 171 2630 51'5
187 2602 337 2644 conferre.
355 2602 453 2634 Rom.
476 2603 546 2632 Non
566 2603 657 2633 dehet
672 2604 799 2634 diversis

129 2654 287 2695 conserte
303 2653 392 2685 H.—
402 2658 467 2685 Nec
481 2656 616 2685 deterius
626 2657 691 2686 alio
699 2666 799 2698 puta-

132 2716 172 2736 re.
184 2705 265 2737 Rom
272 2732 278 2737 .
290 2709 354 2737 Nec
362 2709 497 2737 ‹lael-[us
510 2709 540 2737 ιή
552 2709 616 2737 alin
622 2718 748 2749 putare,
758 2708 798 2740 H.

908 1132 940 1163 8.
959 1132 1043 1161 Nam
1058 1131 1200 1173 longiore
1207 1130 1413 1173 proefatione.
1430 1131 1527 1162 Rom.

861 1186 945 1213 Nam
959 1185 1054 1225 longa
1060 1184 1266 1226 praefatione.
1279 1182 1309 1213 H
1317 1209 1323 1214 .
1333 1181 1438 1215 —Sic
1449 1183 1530 1215 Cor-

860 1235 925 1267 tius
949 1247 988 1267 ex
1010 1234 1146 1267 duobus
1172 1234 1361 1268 codicibus.
1379 1234 1528 1268 Accedo.

858 1286 1094 1320 Praeferendus
1102 1287 1281 1332 positivus,
1290 1300 1398 1332 quum
1406 1287 1531 1320 Secun-

860 1339 924 1372 dus
939 1339 1097 1372 universe
1111 1338 1153 1372 (16
1171 1352 1342 1385 nugarum
1358 1352 1532 1372 commen-

859 1391 998 1426 datione
1011 1392 1187 1437 loquatur.
1201 1391 1299 1425 Idem
1312 1391 1473 1426 Sidonius
1484 1393 1532 1424 vi-

859 1445 960 1478 detur
972 1444 1105 1489 legisse.
1121 1445 1155 1478 S.

905 1518 950 1522 —
971 1499 1122 1540 Cogitare
1152 1511 1200 1529 me
1232 1499 1288 1528 has
1298 1523 1306 1535 ,
1342 1505 1408 1530 etc.
1431 1497 1529 1528 Rom.

862 1552 1010 1594 Cogitarc
1031 1563 1079 1581 me
1105 1550 1162 1582 has
1187 1563 1274 1581 meas
1292 1563 1393 1593 nugas
1414 1552 1460 1581 ita
1483 1552 1531 1580 itt-

859 1606 993 1635 scribere
1006 1606 1038 1634 H
1039 1605 1310 1644 endecasyllubos.
1322 1602 1437 1635 Facile
1448 1602 1532 1635 Cor-

860 1655 906 1688 tio
931 1655 1105 1695 concedo,
1130 1668 1216 1686 meas
1238 1662 1270 1688 et
1293 1657 1362 1693 ita,
1382 1667 1531 1700 quorum

859 1707 956 1740 locus
970 1708 1119 1742 incertus
1133 1715 1183 1740 est
1195 1732 1204 1748 ,
1221 1706 1370 1740 delenda
1385 1719 1468 1740 esse.
1486 1708 1531 1740 H.

860 1763 1005 1792 -Metri
1015 1763 1090 1804 lege.
1106 1759 1277 1792 Undecim
1292 1759 1455 1792 nimirum
1467 1761 1533 1806 syl-

860 1813 1018 1845 labarum
1028 1825 1194 1846 mensurae
1206 1811 1360 1845 adstricti
1371 1820 1533 1845 suntver-

863 1865 957 1897 siculi
972 1877 980 1905 ;
1008 1878 1078 1911 quo
1112 1866 1145 1897 111
1182 1878 1307 1910 genere
1340 1873 1418 1897 sunt
1445 1865 1530 1910 Sap-

861 1917 954 1962 phici
965 1942 973 1957 ‚
990 1918 1150 1950 Phaleuci
1164 1942 1172 1957 ‚
1183 1925 1219 1950 'et
1235 1917 1530 1963 Hipponactei.G.

898 1983 928 2012 9.
938 1973 1077 2002 Proinde
1086 1972 1147 2002 siue
1157 1995 1165 2010 ‚
1175 1978 1238 2003 etc.
1249 1972 1345 2002 Rom.
1361 1986 1374 1999 «
1385 1969 1532 2002 Proinde

862 2023 931 2055 sive
957 2023 1227 2068 epigraminata,
1255 2023 1323 2056 sive
1346 2022 1529 2067 ckgidria,

866 2076 924 2121 [im
939 2077 1100 2121 scriptum]
1125 2076 1193 2108 sive
1210 2075 1348 2120 eglogas
1362 2100 1370 2115 ,
1386 2075 1456 2108 sive
1470 2099 1479 2114 ‚
1496 2083 1531 2107 ut

864 2127 980 2167 multi,
994 2136 1152 2172 poemata
1166 2154 1174 2168 ,
1187 2141 1245 2160 seu
1260 2127 1354 2173 quod
1368 2127 1463 2160 aliud
1476 2141 1532 2159 vo-

864 2193 941 2213 care
976 2181 1122 2214 volueris
1134 2207 1142 2221 ‚
1170 2182 1284 2213 licebit
1316 2193 1416 2214 voces
1438 2193 1445 2213 :
1469 2193 1532 2224 ego

865 2241 996 2266 tantum
1012 2233 1339 2280 Hendecasfllabos.
1352 2235 1533 2266 »Verbum

857 2297 977 2330 praesto
1006 2299 1075 2318 non
1108 2287 1222 2319 habet.
1243 2287 1287 2319 H.
1306 2308 1351 2312 ——
1366 2288 1442 2319 Non
1471 2300 1532 2331 pro

865 2339 972 2371 nihilo
992 2346 1040 2372 est
1060 2339 1119 2372 illa
1141 2339 1220 2371 libri
1243 2339 1386 2372 Romani
1410 2339 1508 2371 lectio
1523 2364 1531 2377 ‚

865 2393 1024 2425 Catanaeo
1050 2392 1151 2425 etiam
1175 2392 1304 2424 oblata.
1331 2391 1508 2424 Secundus
1523 2416 1531 2429 ‚

865 2443 900 2476 111
913 2444 1011 2477 fallor
1022 2470 1030 2485 ,
1043 2445 1173 2490 scripsit
1188 2457 1194 2477 z
1209 2447 1269 2476 sive
1280 2447 1512 2487 ‹ssigrrammata
1523 2471 1529 2479 .

863 2499 924 2529 slve
935 2499 1086 2541 elegidia,
1100 2500 1162 2529 sive
1172 2500 1283 2538 idrllia
1294 2522 1300 2531 ,
1317 2499 1378 2528 sive
1389 2499 1513 2539 eclogas
1523 2523 1529 2533 ,

865 2559 931 2583 ctc.
950 2550 1178 2583 Casaubonus
1192 2549 1235 2582 ad
1254 2549 1409 2582 Persium
1423 2561 1459 2593 p.
1477 2561 1534 2592 97.

865 2602 920 2636 ed.
931 2603 1081 2636 [ondin.
1098 2621 1112 2630 «
1126 2604 1261 2645 elegidia
1276 2628 1282 2638 ‚
1299 2601 1365 2633 lioc
1380 2609 1428 2633 cst
1440 2626 1447 2640 ‚
1466 2614 1532 2633 11011

866 2668 991 2700 magna
1008 2663 1168 2701 poemata
1184 2662 1215 2687 ct
1236 2666 1339 2699 opera
1358 2653 1506 2697 legitima
1524 2665 1531 2684 .'

867 2708 922 2739 secl
952 2709 1077 2740 minuta
1110 2706 1266 2751 qufmlam
1295 2704 1480 2750 opuscula,
1500 2712 1533 2736 ut
