1742 2989
542 218 880 260 EPISTULA
918 218 1085 259 XVll.
1431 211 1512 253 123

118 297 201 340 alio
232 297 362 340 latere
391 297 641 341 cubiculum
667 308 729 341 est
755 299 1059 358 politissimum
1082 313 1093 350 ;
1123 293 1278 338 deinde
1299 292 1362 334 vel
1390 293 1511 335 cubi-

119 369 263 413 culum
297 369 479 430 grande,
511 370 574 413 vel
605 370 772 415 modica
808 372 993 415 coenatio
1011 406 1022 426 ‚
1051 385 1146 430 quae
1175 361 1381 428 plurimo
1400 365 1514 417 sole,

118 442 308 501 plurimo
333 444 441 485 mari
478 442 604 487 lucet.
645 446 745 488 Post
783 446 895 489 lianc
929 442 1178 489 cubiculum
1211 457 1310 484 cum
1350 456 1517 499 procoe—

118 525 242 571 tonc‚
261 514 489 559 altitudine
503 517 698 560 aestivum
715 553 726 572 7
747 518 1029 561 munimentis
1043 515 1278 559 hibernum
1296 528 1305 554 τ
1325 521 1388 555 est
1402 511 1515 554 enim

119 588 382 632 subductum
409 589 611 633 omnibus
640 592 795 635 ventis.
825 592 940 636 Huic
966 587 1166 634 cubiculo
1189 585 1328 641 aliud,
1357 594 1398 628 et
1420 600 1517 644 pro-

118 671 282 715 coeton,
311 664 532 706 communi
559 664 722 723 pariete
734 665 995 726 junguntur.
1011 662 1119 708 Inde
1139 659 1299 705 balinei
1316 657 1421 702 cella
1440 657 1518 700 fri-

118 734 285 795 gidaria
312 736 499 796 spatiosa
521 746 564 779 et
595 736 752 791 effusa,
783 738 910 799 cujus
941 739 983 780 in
1019 735 1248 780 contrariis
1283 731 1520 793 parietibus

118 807 206 851 duo
228 808 479 869 baptisteria
494 844 504 862 ,
530 810 649 853 velut
668 811 803 870 ejecta
821 846 830 863 ‚
851 813 1102 863 sinuantur,
1128 807 1300 852 abunde
1320 805 1495 866 capacia
1510 840 1520 855 ,

119 882 150 923 si
178 882 328 925 innare
356 883 399 925 in
434 884 633 943 proximo
660 885 834 943 cogites.
864 884 1044 944 Adjacet
1077 882 1352 933 tinctorium,
1380 879 1518 938 hypo-

119 965 331 1009 caustong
368 956 534 1016 adjacet
568 959 841 1018 propnigeon
882 957 1076 1001 balinei:
1112 972 1213 999 mox
1253 954 1347 998 duae
1385 951 1522 1000 cellae.

120 1030 255 1089 magis
279 1028 515 1089 elegantes⁷
533 1047 663 1090 quam
683 1041 957 1091 sumptuosae.
980 1031 1179 1074 Cohaeret
1197 1027 1334 1072 calida
1356 1026 1539 1086 piscina-

119 1156 254 1188 Cortius
265 1159 426 1199 plerisque
444 1170 523 1189 cum
539 1160 642 1189 usibus
658 1158 783 1204 jungit.

118 1209 230 1241 Immo
252 1216 301 1241 est
323 1217 499 1241 neutrum.
527 1211 758 1255 Interpretare
777 1222 784 1242 ε

115 1264 271 1304 pleraque
301 1272 406 1294 tamen
442 1271 507 1293 tam
541 1265 661 1295 munda
691 1274 764 1295 sunt
775 1290 783 1301 ‚

121 1324 175 1350 ut,
197 1321 262 1346 etc.
283 1314 317 1347 S.

171 1378 221 1398 Io.
242 1369 299 1398 Vel
315 1369 491 1398 cubiculum
506 1370 644 1410 grande.
660 1367 787 1400 Modus

120 1418 224 1464 hujus
238 1418 386 1451 membri
402 1418 428 1450 is
443 1427 492 1451 est
507 1445 515 1459 ‚
532 1427 569 1452 ut
584 1420 636 1452 vel
651 1433 715 1465 pro
731 1433 788 1452 eu-

122 1471 236 1504 biculo
246 1470 371 1516 grandi
383 1470 505 1504 haberi
518 1472 644 1517 possit,
658 1472 712 1505 vel
725 1485 787 1517 pro

122 1523 256 1556 modico
276 1523 438 1556 triclinio.
459 1524 502 1557 G.
525 1546 569 1549 —
588 1527 677 1556 Mari
693 1528 786 1557 lucet.

121 1577 196 1609 Non
211 1585 296 1622 puto
310 1590 329 1609 a
346 1577 434 1609 mari
450 1576 629 1622 splendere
645 1589 653 1617 3
670 1576 729 1610 sed
740 1571 790 1610 >oh

121 1629 157 1661 id
176 1630 308 1675 ipsum,
328 1630 409 1675 quia
429 1630 518 1662 mari
540 1631 697 1675 opposita
716 1638 766 1663 est
780 1656 787 1670 ,

122 1696 190 1715 non
205 1682 398 1728 interceptis
411 1682 516 1716 radiis
527 1707 535 1723 ,
548 1695 610 1716 nec
623 1682 789 1728 impedito

122 1743 305 1780 prospectu
316 1760 324 1774 ‚
343 1735 510 1768 illustrem
531 1748 603 1768 esse
620 1736 711 1768 lianc
728 1748 791 1768 (Ὄθ-

123 1787 312 1820 nationem.
341 1788 419 1820 Non
441 1788 562 1832 ignoro
590 1796 704 1821 tamen
729 1790 791 1822 ἅλα

124 1842 310 1886 μαρμαρέην
323 1867 333 1883 ,
353 1847 385 1872 et
405 1841 517 1885 ipsum
537 1853 678 1872 marmor
700 1839 792 1884 apud

124 1900 241 1936 poetas
259 1892 425 1925 celebrari
440 1903 448 1924 t
466 1905 529 1925 nec
549 1891 725 1925 absorberi
741 1904 793 1924 ra-

124 1944 199 1977 dios
213 1957 334 1978 omnes
348 1971 357 1985 ‚
376 1944 435 1978 sed
450 1945 576 1977 multos
590 1970 599 1985 ‚
619 1953 657 1977 ut
679 1958 699 1978 a
719 1956 792 1989 spe-

124 1998 203 2030 culo
217 2023 226 2037 ‚
241 1997 383 2031 reflecti.
403 1998 446 2031 G.
462 2019 507 2022 ——
522 2000 619 2030 Rom.
638 2001 716 2039 Qme
729 1999 794 2028 sole

121 2053 258 2093 plurimo
272 2053 356 2082 mari
367 2054 459 2083 lucet.
473 2051 516 2083 H.
533 2072 578 2075 —
591 2050 793 2095 Suspiceris,

125 2103 158 2135 in
182 2103 275 2135 libris
294 2104 471 2136 nonnullis
489 2103 594 2135 fuisse
608 2128 616 2143 ‚
640 2116 711 2145 quoe
730 2104 795 2133 sole

123 2158 276 2196 plurimo,
287 2158 427 2198 plurimo
445 2159 530 2189 mari
542 2160 632 2189 lucet.
653 2158 687 2190 S.

171 2227 217 2231 —-
232 2210 408 2239 Alcicudine
421 2212 572 2242 festivum.
587 2210 714 2242 Utrum
728 2210 795 2242 hoc

127 2259 220 2299 vult,
237 2260 346 2291 altum
365 2272 438 2293 esse
456 2262 656 2295 cubiculum
675 2263 720 2295 ita
732 2288 741 2303 ,
760 2270 796 2295 ut

128 2312 215 2344 inter
249 2312 393 2345 lacunar
423 2321 525 2359 atque
556 2315 795 2360 pavimentum

128 2365 228 2410 spatii
249 2365 397 2397 multum
418 2374 568 2410 pateret,
588 2380 663 2412 quae
686 2381 739 2401 res
759 2367 797 2399 li-

128 2417 297 2450 beriorem
306 2418 497 2463 respirandi
508 2420 706 2453 facultatem
716 2432 797 2466 prae-

129 2470 208 2509 het;
227 2483 268 2502 an
291 2473 392 2502 alcum
408 2470 794 2516 i11telligitprosmzd1nn,

131 2529 163 2554 et
181 2522 273 2554 cellae
289 2521 395 2555 instar
411 2522 611 2568 depressum
627 2549 636 2562 ‚
654 2536 729 2569 quae
743 2537 798 2557 res

132 2574 248 2618 etipsa
266 2575 374 2619 frigus
391 2576 581 2609 conciliat?
596 2576 638 2609 G.
656 2597 701 2601 —
713 2576 799 2608 Mihi

132 2625 274 2659 dubium
301 2640 371 2660 non
396 2637 465 2668 est,
487 2629 638 2674 priorem
664 2641 801 2661 sensum

134 2680 197 2711 hoc
224 2680 300 2712 loco
321 2681 447 2714 valere.
475 2682 731 2727 Simplicissima
763 2694 800 2713 ea

134 2739 181 2764 est
202 2734 379 2765 altitudinis
400 2734 599 2778 explicatio,
619 2743 647 2767 et
672 2734 716 2767 rei
740 2734 799 2778 ipsi

854 1160 1041 1204 aptissima.
1061 1159 1102 1190 E.
1122 1178 1165 1182 -—
1188 1155 1317 1189 Eadem
1344 1154 1430 1187 ratio
1454 1153 1524 1197 pla-

853 1211 921 1244 cuit
937 1211 1057 1244 Rodio.
1076 1211 1109 1243 S.

899 1285 943 1289 —-
957 1266 1041 1296 Huic
1057 1265 1200 1295 cubiculo
1218 1262 1325 1296 aliud,
1343 1266 1408 1292 etc.
1425 1259 1521 1290 Rom.

856 1319 936 1349 Huic
953 1319 1047 1349 aliud
1059 1317 1207 1360 (omisso
1223 1314 1388 1356 cubiculo)
1402 1319 1435 1344 et
1452 1325 1526 1356 προ-

854 1372 970 1409 ›coit-023
984 1369 1289 1411 commmzipariete.
1306 1365 1350 1397 H.

906 1439 957 1445 —
976 1423 1156 1468 Προκοιτὼν
1179 1418 1295 1465 graecis
1320 1416 1425 1450 literis
1445 1415 1526 1448 scri-

853 1482 950 1519 ptum
973 1475 1064 1507 infra
1092 1473 1194 1506 etiam
1220 1473 1250 1514 §.
1273 1471 1313 1504 23
1329 1495 1337 1509 ‚
1352 1471 1528 1502 Romanus

854 1527 940 1560 liber
951 1527 1071 1560 habet.
1088 1527 1141 1559 Ita
1154 1525 1307 1558 etVarro
1318 1524 1356 1555 R.
1369 1524 1408 1554 R.
1420 1522 1461 1554 L.
1478 1521 1526 1560 II,

856 1580 929 1612 init.
944 1593 978 1625 p.
999 1580 1060 1613 251
1081 1603 1089 1618 ‚
1108 1578 1253 1611 Gesner.
1270 1577 1303 1609 S.

907 1646 919 1665 1
930 1645 959 1666 1.
976 1635 1067 1664 Velut
1083 1634 1197 1676 ejecta.
1215 1628 1414 1662 Eminentia
1432 1634 1527 1660 extra

856 1686 1013 1731 regulam
1024 1684 1165 1730 parietis
1178 1709 1186 1724 ‚
1201 1694 1276 1728 quae
1283 1683 1432 1725 projecta
1444 1679 1529 1712 alias

857 1746 1043 1777 vocantur,
1068 1737 1125 1769 vel
1138 1738 1344 1780 profecturae.
1365 1732 1409 1765 G.

905 1811 949 1815 —
972 1791 1178 1827 Unctorium,
1206 1790 1448 1830 hypocaustum.
1475 1784 1529 1818 Sic

860 1842 1012 1876 incidere
1031 1843 1143 1875 visum
1161 1848 1223 1874 est.
1245 1841 1365 1883 Neque
1384 1836 1476 1870 enim
1494 1837 1530 1868 in

858 1896 933 1940 ipso
956 1898 1150 1938 hypocausta
1168 1918 1177 1933 ,
1201 1904 1260 1925 seu
1279 1890 1429 1923 caldaria
1451 1891 1531 1920 cella

860 1947 997 1980 unxisse
1016 1946 1179 1980 videntur
1191 1971 1199 1986 ‚
1221 1952 1260 1977 ut
1279 1945 1457 1975 tinctorium
1476 1944 1531 1982 747¹-

857 2011 1045 2042 poematum
1061 2000 1128 2033 dici
1141 1999 1246 2044 possit
1262 2009 1271 2037 3
1285 1995 1344 2030 scd
1360 1996 1396 2028 in
1411 1996 1533 2038 tepida>

861 2055 922 2091 νιά,
938 2065 1013 2098 quae
1027 2054 1072 2085 ob
1083 2052 1118 2085 id
1131 2052 1243 2098 ipsum
1260 2051 1450 2087 tinctorium,
1463 2046 1532 2085 vel,

862 2113 898 2138 ut
914 2105 971 2138 alii
987 2105 1117 2137 habent
1132 2129 1141 2144 ‚
1159 2104 1361 2135 mzccuarium
1375 2107 1531 2133 vocatur.

862 2157 951 2190 Vide
971 2158 1031 2203 qui
1051 2157 1093 2190 de
1109 2156 1244 2189 balneis
1261 2161 1405 2199 egerunt
1417 2178 1425 2193 ‚
1443 2166 1476 2185 v.
1499 2164 1531 2197 g.

862 2211 1006 2244 Snlmas.
1030 2210 1074 2243 ad
1092 2209 1238 2255 Vopisci
1264 2207 1431 2240 Carinum
1457 2217 1532 2249 cap.

863 2264 964 2295 XVII
980 2288 988 2302 ‚
1010 2263 1069 2308 qui
1086 2261 1233 2296 Luciani
1252 2258 1440 2305 praesertim
1457 2257 1534 2289 Bal-

863 2328 928 2348 neo
944 2315 1050 2348 utitur
1063 2340 1072 2356 ,
1086 2322 1160 2348 tum
1174 2312 1373 2347 Fabricium
1390 2309 1434 2343 ad
1446 2309 1533 2342 Sexti

863 2368 994 2413 Empir.
1013 2367 1105 2414 Hyp.
1126 2369 1143 2400 I
1157 2393 1166 2408 ‚
1188 2378 1251 2399 110
1268 2390 1277 2405 ⁷
1297 2377 1330 2410 p.
1354 2365 1409 2397 30.
1430 2362 1474 2394 G.
1491 2382 1535 2385 -ι

864 2422 960 2453 Rom.
986 2423 1127 2465 Adjacec
1151 2420 1322 2451 ancillaria
1350 2419 1412 2447 imo
1436 2416 1535 2456 lispo-

865 2483 1022 2506 causcum.
1040 2473 1083 2506 H.
1105 2494 1148 2497 —
1168 2472 1431 2517 Hypocaustum
1451 2464 1534 2510 quid

866 2525 930 2565 sit,
958 2533 1117 2558 accurate
1143 2524 1244 2557 docet
1268 2520 1473 2564 Heusinger.
1500 2518 1534 2549 in

867 2578 1046 2610 Observat.
1064 2577 1181 2610 Antib.
1200 2589 1234 2621 p.
1257 2579 1322 2615 410
1339 2598 1347 2612 ‚
1366 2584 1417 2616 sq.
1442 2572 1476 2604 S.

914 2651 957 2655 --
974 2632 1117 2662 Colla-rec
1130 2631 1237 2662 calida
1251 2628 1375 2670 piscina
1391 2625 1534 2669 mirifice.

869 2684 963 2715 Rom.
993 2685 1134 2714 Colum-ec
1162 2682 1271 2713 calida
1296 2679 1421 2721 piscina
1452 2677 1537 2706 miri-

865 2737 942 2777 [ἶσα.
966 2734 1008 2766 H.
1040 2756 1079 2760 -—-
1112 2732 1241 2767 Eadem
1270 2730 1366 2763 lectio
1391 2727 1536 2760 Media-i

1550 674 1583 693 15
