1742 2989
566 222 913 265 EPISTOLA
947 223 1090 264 VIII.
1447 240 1537 285 29¹.)

133 308 212 352 His
231 323 283 351 ex
301 304 460 351 caussis
479 320 566 346 non
589 302 806 357 adducor,
828 312 876 345 ut
898 303 986 347 duo
1012 302 1259 359 dissimilia,
1280 314 1322 347 et
1341 305 1423 367 hoc
1444 307 1537 365 ipso

134 381 304 424 diversa
317 415 328 435 ,
347 376 464 439 quod
483 376 672 419 maxima
685 410 696 430 ‚
723 375 989 420 confundam
1008 377 1324 437 misceamque,
1344 394 1397 421 ne
1417 387 1538 421 tanta

135 453 259 513 quasi
289 450 534 496 colluvione
571 449 773 492 turbatus
806 449 863 491 ibi
899 448 1081 503 faciam,
1111 449 1230 509 quod
1263 450 1334 493 hic
1366 449 1501 493 debeo
1527 468 1536 493 :

136 527 320 587 ideoque
344 525 519 568 interim
545 523 717 566 veniam
746 524 825 583 (ne
848 538 870 565 a
896 523 1001 566 meis
1027 522 1171 566 verbis
1192 523 1437 583 discedam)
1459 522 1538 566 ad-

131 598 318 643 vocandi
341 607 453 658 peto.
467 599 536 640 Tu
554 606 698 639 tamen
711 596 801 655 jam
824 612 939 638 nunc
960 597 1125 656 cogita,
1145 612 1241 656 quae
1264 596 1535 656 potissimum

134 682 332 732 tempora
356 669 675 732 adgrediamur.
690 671 849 713 Vetera
877 679 920 713 et
951 670 1112 730 scripta
1139 669 1263 713 aliis?
1290 680 1442 730 parata
1469 671 1536 713 in-

136 745 339 805 quisitio,
360 743 433 787 sed
454 759 638 786 onerosa
664 741 839 786 collatio
860 760 868 785 :
892 743 1055 786 intacta
1076 753 1118 787 et
1141 742 1286 787 nova?
1304 760 1455 804 graves
1476 744 1538 787 of-

133 816 286 873 fensae,
312 816 416 861 levis
442 816 595 877 gratia.
623 818 735 860 Nam
763 825 917 876 praeter
943 816 1012 869 id,
1039 816 1156 877 quod
1192 818 1237 860 in
1264 817 1397 860 tantis
1424 818 1539 860 vitiis

133 890 365 934 hominum
398 889 523 950 plura
553 888 770 949 culpanda
801 899 921 939 sunt,
946 906 1077 950 quam
1109 889 1325 934 laudanda
1348 907 1357 934 :
1384 900 1477 934 tum
1505 892 1539 934 si

134 962 402 1018 laudaveris,
430 978 615 1022 parcus3
644 963 679 1005 si
709 960 974 1022 culpaveris,
997 963 1159 1006 nimius
1195 963 1325 1007 fuisse
1354 963 1538 1011 dicaris;

134 1097 260 1130 deinde
274 1096 316 1129 de
330 1109 369 1129 ea
381 1096 539 1141 judicent
551 1096 621 1129 alii.
637 1096 805 1129 Caeterum

134 1151 231 1183 locus
260 1148 477 1194 Thucydidis
502 1157 551 1183 est
574 1150 610 1189 I,
633 1162 671 1181 22
689 1174 697 1189 ,
718 1156 803 1181 extr.

129 1203 189 1248 qui
225 1202 267 1235 de
295 1215 356 1234 sua
383 1201 527 1235 historia
557 1206 668 1248 κτῆμσι
696 1205 727 1241 ἐς
757 1203 804 1236 ἀεὶ

129 1260 267 1302 μᾶλλον,
280 1257 300 1293 ἢ
316 1257 486 1302 ἀγώνισμα
503 1260 532 1295 ἐς
551 1258 585 1290 τὸ
602 1259 804 1301 παραχρῆμα.

130 1311 251 1343 ἀκούειν
263 1311 440 1354 σὺγκειται.
455 1307 692 1348 Quintilianus
706 1307 734 1339 X
746 1331 754 1346 ‚
772 1319 803 1347 1,

131 1362 190 1394 31:
215 1378 227 1389 «
238 1362 314 1394 Non
331 1360 375 1394 ad
391 1368 506 1393 actum
518 1360 567 1393 rei
580 1371 804 1405 pugnamque

131 1421 334 1460 praesentem
348 1439 357 1453 ‚
379 1413 438 1445 sed
462 1412 505 1445 ad
522 1412 724 1445 memoriam
744 1425 803 1457 po-

130 1466 290 1500 steritatis
303 1474 335 1498 et
348 1465 472 1510 ingenii
485 1465 613 1497 famam
626 1465 803 1510 componi-

128 1527 198 1552 tur.
213 1522 378 1551 Caererum
396 1517 581 1550 xidendum
596 1517 708 1550 adhuc
720 1543 729 1557 ,
746 1530 805 1550 an-

129 1585 201 1605 non
215 1584 365 1617 respexei
375 1571 400 1604 it
414 1572 501 1604 forte
514 1570 741 1616 Thucydides
760 1570 803 1603 ad

128 1624 225 1657 illam
239 1624 472 1657 recitationem
485 1623 651 1657 Herodoti
666 1624 701 1656 in
713 1623 803 1656 ludis

131 1677 322 1723 Olympicis
331 1703 339 1716 ‚
348 1689 423 1722 quae
434 1677 606 1723 lacrymas
617 1677 804 1710 excussisse

130 1729 256 1762 dicitur
269 1742 378 1776 puero
385 1730 501 1775 Thuc)
511 1729 597 1763 didi.
608 1731 801 1764 G.——Rom.

134 1787 176 1815 Ut
200 1785 396 1824 leuqrdides
419 1785 480 1820 ait,
506 1781 621 1829 ἧιῗημα
644 1784 697 1817 καὶ
720 1784 805 1828 ἀγώ-

130 1850 230 1882 νισμα
241 1849 374 1878 qnorum
387 1839 520 1867 alterum
535 1838 654 1873 oratio,
669 1838 803 1867 alterum

130 1890 284 1927 historia,
303 1889 428 1922 omisso
448 1889 552 1921 verbo
568 1898 625 1921 est.
645 1888 741 1928 Post,
763 1902 804 1920 εχ

131 1943 179 1973 his
196 1944 326 1974 caussis.
347 1941 391 1974 H.

177 1997 381 2033 —Diversa‚
408 1997 498 2037 qnod
517 1996 674 2025 murima.
695 1994 750 2025 Ob
769 1992 803 2025 id

132 2047 247 2092 ipsum
271 2059 341 2080 non
360 2056 504 2092 possunt
530 2047 573 2079 ab
595 2045 716 2080 eodem
740 2046 804 2078 ho-

132 2100 225 2132 mine
235 2108 388 2145 tempore
400 2100 518 2133 eodem
532 2100 672 2133 tractari
687 2125 695 2139 ‚
709 2098 804 2144 quod

133 2160 212 2184 sunt
227 2153 375 2186 maxima
390 2161 421 2186 et
433 2165 532 2185 suum
547 2152 611 2184 sibi
626 2152 803 2184 hominem

132 2205 305 2249 integrum
326 2218 433 2238 unum
451 2204 616 2251 quodque
635 2204 800 2249 deposcit.

132 2257 277 2289 G.-—Ne
289 2267 381 2289 canta
396 2261 490 2300 quasi
502 2260 686 2290 colluvione.
702 2257 756 2289 Sic
771 2265 803 2288 et

132 2311 230 2343 Rom.
260 2310 303 2343 H.
325 2330 370 2334 ——
386 2312 437 2341 Ibi
454 2312 584 2353 faciam
596 2336 603 2348 ,
637 2313 725 2352 quud
754 2312 804 2340 liic

134 2365 244 2395 debeo.
260 2363 311 2396 Ne
332 2363 367 2394 in
388 2362 531 2395 historia
555 2362 803 2395 contentiosius

134 2417 356 2462 asperiusque
374 2426 479 2459 quam
496 2414 615 2448 deceat
629 2439 637 2454 ‚
656 2427 756 2459 agam
773 2422 805 2445 et

134 2469 311 2513 utriusque
339 2467 475 2512 generis
502 2467 644 2500 virtutes
666 2479 805 2511 permu-

134 2530 200 2553 tem
216 2546 225 2561 ‚
239 2533 314 2566 quae
323 2521 389 2553 hoc
404 2521 479 2565 ipso
493 2520 580 2552 fiunt
591 2519 671 2552 vitia
687 2544 694 2558 ‚
710 2518 805 2564 quod

134 2575 210 2607 loco
235 2586 304 2606 non
327 2572 546 2606 adhibentur.
574 2572 617 2605 G.
633 2592 677 2597 —-
692 2574 761 2612 (Nc-
785 2586 806 2603 a

135 2629 209 2658 meis
230 2629 335 2658 ‘verbis
353 2628 543 2665 disc-alam).
564 2624 610 2656 Ut
633 2624 673 2657 iis
692 2624 804 2657 verbis

136 2685 232 2717 utar,
252 2679 376 2724 quibus
399 2678 447 2710 uti
470 2679 504 2710 in
527 2678 601 2710 foro
622 2684 654 2709 ct
673 2677 805 2709 caussis

136 2731 310 2764 consuevi.
338 2732 388 2764 Ita
414 2731 578 2777 praefatur
607 2730 694 2761 form
702 2728 762 2761 ulae
788 2744 805 2761 υ

871 1096 944 1128 foro
961 1095 1151 1143 desumptae
1167 1122 1175 1137 ‚
1197 1110 1303 1142 quam
1324 1110 1403 1130 mox
1429 1097 1541 1131 decla-

868 1148 1031 1182 rabimus.
1062 1150 1185 1194 Recepi
1213 1150 1378 1183 nimirum
1406 1150 1542 1183 Cortia·

869 1213 948 1234 nam
964 1227 973 1241 ‚
994 1214 1020 1235 s.
1034 1201 1229 1235 Mediceam
1244 1203 1355 1248 potius
1367 1228 1375 1242 ‚
1388 1202 1444 1236 hic
1456 1216 1542 1248 quo-

869 1266 935 1299 que
955 1255 1161 1294 lectionem;
1184 1255 1229 1287 al.
1248 1269 1287 1286 ne
1307 1269 1327 1286 a
1352 1255 1542 1288 forensibus

868 1309 972 1338 verbis
991 1310 1157 1345 recedam,
1184 1307 1277 1353 quod
1301 1320 1339 1340 ex
1361 1308 1474 1353 glossa
1494 1316 1543 1340 est

867 1360 985 1403 procul
999 1359 1119 1393 dubio.
1136 1359 1179 1392 G.
1192 1381 1237 1385 --
1251 1363 1383 1392 Veniam
1393 1386 1399 1392 .
1412 1388 1419 1393 .
1433 1364 1543 1392 ,ατίνο-

868 1415 975 1445 candi.
993 1413 1166 1445 Nimirum
1189 1413 1319 1446 amicos
1331 1439 1339 1453 ‚
1359 1422 1389 1446 et
1409 1426 1486 1447 cum
1504 1414 1543 1445 iis

868 1464 911 1498 de
924 1477 1044 1499 caussa
1058 1465 1286 1499 deliberandi.
1303 1466 1388 1507 Quae
1402 1465 1543 1511 quidem

867 1531 922 1551 res
943 1517 1028 1551 adeo
1053 1519 1214 1564 frequens
1234 1519 1269 1551 in
1294 1517 1433 1564 judiciis
1454 1518 1518 1550 fuit
1535 1543 1543 1557 ‚

868 1579 904 1604 ut
920 1570 998 1604 inde
1019 1574 1189 1604 advocatio
1207 1585 1270 1617 pro
1287 1584 1384 1604 mora
1402 1584 1442 1604 ac
1458 1570 1545 1604 dila-

867 1624 960 1657 tione
989 1625 1187 1670 frequenter
1217 1623 1366 1657 dicatur.
1392 1623 1473 1656 Vid.
1501 1623 1545 1656 ad

868 1677 942 1709 Cic.
962 1677 1042 1710 fam.
1062 1677 1151 1716 VII,
1176 1690 1228 1717 11,
1249 1685 1280 1710 et
1301 1677 1379 1710 Sen.
1402 1676 1542 1710 Consol.

868 1729 912 1762 ad
937 1730 1045 1762 Marc.
1072 1730 1115 1762 X.
1132 1729 1176 1762 G.
1197 1750 1242 1754 —
1259 1731 1384 1763 Sensus
1411 1729 1515 1773 igitur
1535 1742 1542 1761 :

868 1784 1002 1824 ideoque
1030 1784 1154 1813 interim
1179 1792 1320 1814 cunctor.
1345 1783 1453 1826 Supra
1473 1782 1521 1813 VI
1537 1807 1544 1820 ‚

868 1842 939 1866 erat
955 1846 962 1866 :
985 1836 1047 1866 Cur
1063 1847 1136 1878 ergo
1161 1844 1294 1866 cunctor
1306 1841 1323 1866 :²
1341 1835 1424 1867 Blox
1445 1834 1544 1866 XIV:

867 1889 1028 1919 cunctatio
1051 1897 1082 1918 et
1110 1900 1212 1920 mor-(1.
1239 1887 1274 1920 S.
1305 1909 1349 1912 -—
1370 1889 1545 1920 Romanus

868 1940 1121 1984 manuscriptus
1135 1952 1142 1972 :
1160 1957 1173 1968 «
1185 1939 1250 1974 Sed
1266 1941 1402 1973 interim
1413 1941 1545 1975 veniet,

868 2001 899 2024 et
925 2004 968 2024 ne
993 2004 1012 2025 a
1035 1992 1229 2025 forensibus
1250 1993 1362 2026 verbis
1382 1992 1545 2026 recedam

869 2043 1077 2078 advocatum
1100 2053 1208 2091 peto.»
1229 2046 1271 2078 H.

916 2110 966 2130 10.
979 2101 1022 2129 Tu
1033 2108 1139 2129 tamen
1144 2101 1219 2142 jam
1230 2112 1314 2130 nunc
1323 2101 1440 2142 cogita.
1449 2100 1544 2131 Rom.

873 2154 917 2182 Tu
933 2161 1039 2182 tamen
1053 2164 1137 2182 nnnc
1153 2153 1269 2194 cogita.
1288 2151 1331 2184 H.

915 2224 960 2228 -——
981 2207 1122 2235 Onerosa
1149 2207 1292 2236 collatio.
1322 2205 1472 2237 Difficile
1498 2214 1546 2237 est

870 2255 1002 2300 aliquid
1021 2255 1064 2288 de.
1086 2264 1144 2289 tuo
1165 2257 1341 2297 conferre,
1360 2257 1455 2303 quod
1477 2270 1545 2289 non

866 2311 936 2354 jam
951 2308 1008 2341 alii
1026 2309 1285 2353 occupaverint.
1302 2310 1365 2343 Hic
1377 2335 1386 2347 ‚
1403 2311 1525 2355 opinor
1538 2335 1546 2349 ‚

870 2373 988 2394 sensus
1011 2361 1075 2394 loci
1096 2362 1198 2406 longe
1215 2361 1312 2395 aliter
1331 2362 1432 2406 vulgo
1450 2361 1548 2394 intel—

871 2413 962 2446 lecti.
982 2414 1014 2447 S.

922 2479 935 2498 1
946 2478 957 2498 ῐ
968 2493 974 2499 .
994 2470 1079 2499 Nam
1088 2478 1210 2510 praeter
1228 2470 1278 2504 id,
1301 2469 1390 2509 quod
1402 2468 1433 2497 ιἰι
1449 2468 1545 2497 tantis

871 2521 968 2551 vitiis.
990 2520 1087 2552 Rom.
1112 2525 1274 2552 Fuerant
1296 2520 1385 2561 quod
1401 2521 1432 2549 ιή
1450 2521 1546 2549 tantis

870 2573 969 2603 viciis.
989 2572 1163 2605 Omissum
1183 2580 1229 2604 est
1247 2585 1333 2603 num.
1359 2569 1460 2603 Unde
1478 2583 1543 2603 nou

871 2624 1122 2657 contemnenda
1136 2624 1274 2656 Gruwri
1287 2623 1432 2668 suspicio
1445 2648 1452 2662 ‚
1464 2637 1547 2665 pra·-

872 2687 955 2709 tereo
976 2680 1065 2719 quod
1082 2680 1114 2708 in
1141 2679 1248 2708 tantis:
1279 2676 1483 2708 Florentium
1503 2675 1547 2707 lc-

872 2729 974 2761 <wioni
998 2743 1066 2762 non
1092 2730 1250 2762 convenit
1279 2739 1359 2763 (um,
1382 2727 1476 2773 quod
1497 2740 1546 2759 se-

1568 613 1607 634 IO

1569 836 1605 857 11
