<?xml version="1.0" encoding="UTF-8"?>
<!DOCTYPE html PUBLIC "-//W3C//DTD XHTML 1.0 Transitional//EN"
    "http://www.w3.org/TR/xhtml1/DTD/xhtml1-transitional.dtd">
<html xmlns="http://www.w3.org/1999/xhtml" xml:lang="en" lang="en">
 <head>
  <title>
</title>
<meta http-equiv="Content-Type" content="text/html;charset=utf-8" />
  <meta name='ocr-system' content='tesseract 3.04.00' />
  <meta name='ocr-capabilities' content='ocr_page ocr_carea ocr_par ocr_line ocrx_word'/>
</head>
<body>
  <div class='ocr_page' id='page_1' title='image "./epistolarumlibri01plinuoft_0058.png"; bbox 0 0 1757 2880; ppageno 0'>
   <div class='ocr_carea' id='block_1_1' title="bbox 249 186 1162 233">
    <p class='ocr_par' dir='ltr' id='par_1_1' title="bbox 249 186 1162 233">
     <span class='ocr_line' id='line_1_1' title="bbox 249 186 1162 233; baseline -0.004 -1"><span class='ocrx_word' id='word_1_1' title='bbox 249 205 311 233; x_wconf 81' lang='lat' dir='ltr'>LII</span> <span class='ocrx_word' id='word_1_2' title='bbox 738 186 892 230; x_wconf 79' lang='lat' dir='ltr'>&#39;VITA</span> <span class='ocrx_word' id='word_1_3' title='bbox 927 187 1162 231; x_wconf 87' lang='lat' dir='ltr'>PLINII.</span> 
     </span>
    </p>
   </div>
   <div class='ocr_carea' id='block_1_2' title="bbox 244 270 1656 1447">
    <p class='ocr_par' dir='ltr' id='par_1_2' title="bbox 244 270 1656 1447">
     <span class='ocr_line' id='line_1_2' title="bbox 249 270 1651 329; baseline -0.002 -13"><span class='ocrx_word' id='word_1_4' title='bbox 249 287 396 316; x_wconf 90' lang='lat' dir='ltr'>natum</span> <span class='ocrx_word' id='word_1_5' title='bbox 417 274 631 326; x_wconf 87' lang='lat' dir='ltr'>Plinium,</span> <span class='ocrx_word' id='word_1_6' title='bbox 654 284 694 314; x_wconf 87' lang='lat' dir='ltr'>et</span> <span class='ocrx_word' id='word_1_7' title='bbox 716 287 848 329; x_wconf 89' lang='lat' dir='ltr'>quum</span> <span class='ocrx_word' id='word_1_8' title='bbox 870 272 948 312; x_wconf 89' lang='lat' dir='ltr'>iste</span> <span class='ocrx_word' id='word_1_9' title='bbox 967 271 1297 323; x_wconf 84' lang='lat' dir='ltr'>interficeretur,</span> <span class='ocrx_word' id='word_1_10' title='bbox 1320 270 1407 312; x_wconf 86' lang='lat' dir='ltr'>fere</span> <span class='ocrx_word' id='word_1_11' title='bbox 1424 280 1651 313; x_wconf 85' lang='lat' dir='ltr'>octennem</span> 
     </span>
     <span class='ocr_line' id='line_1_3' title="bbox 249 341 1653 402; baseline -0.002 -16"><span class='ocrx_word' id='word_1_12' title='bbox 249 346 378 387; x_wconf 87' lang='lat' dir='ltr'>fuisse</span> <span class='ocrx_word' id='word_1_13' title='bbox 411 344 648 402; x_wconf 81' lang='lat' dir='ltr'>apparebit.</span> <span class='ocrx_word' id='word_1_14' title='bbox 684 344 808 384; x_wconf 89' lang='lat' dir='ltr'>Pater</span> <span class='ocrx_word' id='word_1_15' title='bbox 833 343 879 382; x_wconf 90' lang='lat' dir='ltr'>C.</span> <span class='ocrx_word' id='word_1_16' title='bbox 905 343 1095 383; x_wconf 85' lang='lat' dir='ltr'>Caecilius</span> <span class='ocrx_word' id='word_1_17' title='bbox 1123 342 1182 398; x_wconf 87' lang='grc'>(4)</span> <span class='ocrx_word' id='word_1_18' title='bbox 1210 341 1427 382; x_wconf 87' lang='lat' dir='ltr'>Comensis</span> <span class='ocrx_word' id='word_1_19' title='bbox 1452 352 1563 389; x_wconf 83' lang='lat' dir='ltr'>erat,</span> <span class='ocrx_word' id='word_1_20' title='bbox 1600 341 1653 383; x_wconf 92' lang='lat' dir='ltr'>de</span> 
     </span>
     <span class='ocr_line' id='line_1_4' title="bbox 249 412 1653 473; baseline -0.004 -16"><span class='ocrx_word' id='word_1_21' title='bbox 249 432 335 473; x_wconf 90' lang='lat' dir='ltr'>quo</span> <span class='ocrx_word' id='word_1_22' title='bbox 361 416 469 456; x_wconf 89' lang='lat' dir='ltr'>nihil</span> <span class='ocrx_word' id='word_1_23' title='bbox 494 414 752 472; x_wconf 84' lang='lat' dir='ltr'>reperimus,</span> <span class='ocrx_word' id='word_1_24' title='bbox 790 413 870 453; x_wconf 88' lang='lat' dir='ltr'>nisi</span> <span class='ocrx_word' id='word_1_25' title='bbox 905 412 1020 469; x_wconf 87' lang='lat' dir='ltr'>quod</span> <span class='ocrx_word' id='word_1_26' title='bbox 1048 413 1139 468; x_wconf 83' lang='lat' dir='ltr'>ejus</span> <span class='ocrx_word' id='word_1_27' title='bbox 1172 412 1307 468; x_wconf 87' lang='lat' dir='ltr'>gentis</span> <span class='ocrx_word' id='word_1_28' title='bbox 1340 412 1446 462; x_wconf 84' lang='lat' dir='ltr'>fuit,</span> <span class='ocrx_word' id='word_1_29' title='bbox 1483 427 1532 452; x_wconf 87' lang='lat' dir='ltr'>ex</span> <span class='ocrx_word' id='word_1_30' title='bbox 1568 426 1653 467; x_wconf 87' lang='lat' dir='ltr'>qua</span> 
     </span>
     <span class='ocr_line' id='line_1_5' title="bbox 248 482 1653 542; baseline -0.005 -14"><span class='ocrx_word' id='word_1_31' title='bbox 248 487 462 528; x_wconf 85' lang='lat' dir='ltr'>Caecilium</span> <span class='ocrx_word' id='word_1_32' title='bbox 478 518 489 537; x_wconf 90' lang='lat'>,</span> <span class='ocrx_word' id='word_1_33' title='bbox 518 496 685 542; x_wconf 85' lang='lat' dir='ltr'>poetam</span> <span class='ocrx_word' id='word_1_34' title='bbox 707 495 897 524; x_wconf 85' lang='lat' dir='ltr'>tenerum</span> <span class='ocrx_word' id='word_1_35' title='bbox 912 514 924 535; x_wconf 85' lang='lat'>,</span> <span class='ocrx_word' id='word_1_36' title='bbox 944 482 1128 524; x_wconf 88' lang='lat' dir='ltr'>sodalem</span> <span class='ocrx_word' id='word_1_37' title='bbox 1147 497 1273 522; x_wconf 89' lang='lat' dir='ltr'>suum</span> <span class='ocrx_word' id='word_1_38' title='bbox 1289 514 1300 534; x_wconf 91' lang='lat'>,</span> <span class='ocrx_word' id='word_1_39' title='bbox 1322 493 1362 523; x_wconf 92' lang='lat' dir='ltr'>et</span> <span class='ocrx_word' id='word_1_40' title='bbox 1387 483 1523 538; x_wconf 91' lang='lat' dir='ltr'>ipsum</span> <span class='ocrx_word' id='word_1_41' title='bbox 1545 496 1653 538; x_wconf 88' lang='lat' dir='ltr'>quo-</span> 
     </span>
     <span class='ocr_line' id='line_1_6' title="bbox 248 551 1652 613; baseline -0.006 -15"><span class='ocrx_word' id='word_1_42' title='bbox 248 573 330 613; x_wconf 89' lang='lat' dir='ltr'>que</span> <span class='ocrx_word' id='word_1_43' title='bbox 354 557 720 597; x_wconf 88' lang='lat' dir='ltr'>Novocomensem</span> <span class='ocrx_word' id='word_1_44' title='bbox 732 586 742 606; x_wconf 92' lang='lat'>,</span> <span class='ocrx_word' id='word_1_45' title='bbox 764 553 954 594; x_wconf 83' lang='lat' dir='ltr'><strong>Catullus</strong></span> <span class='ocrx_word' id='word_1_46' title='bbox 970 552 1113 593; x_wconf 87' lang='lat' dir='ltr'>laudat</span> <span class='ocrx_word' id='word_1_47' title='bbox 1129 553 1318 593; x_wconf 83' lang='lat' dir='ltr'>carmine</span> <span class='ocrx_word' id='word_1_48' title='bbox 1335 551 1541 592; x_wconf 85' lang='lat' dir='ltr'>XXXIII.</span> <span class='ocrx_word' id='word_1_49' title='bbox 1562 552 1652 591; x_wconf 87' lang='lat' dir='ltr'>Ma-</span> 
     </span>
     <span class='ocr_line' id='line_1_7' title="bbox 246 622 1652 679; baseline -0.004 -12"><span class='ocrx_word' id='word_1_50' title='bbox 246 638 311 668; x_wconf 88' lang='lat' dir='ltr'>ter</span> <span class='ocrx_word' id='word_1_51' title='bbox 337 627 500 676; x_wconf 80' lang='lat' dir='ltr'>Plinia,</span> <span class='ocrx_word' id='word_1_52' title='bbox 521 627 565 666; x_wconf 90' lang='lat' dir='ltr'>C.</span> <span class='ocrx_word' id='word_1_53' title='bbox 595 625 723 665; x_wconf 85' lang='lat' dir='ltr'>Plinii</span> <span class='ocrx_word' id='word_1_54' title='bbox 751 623 1029 675; x_wconf 81' lang='lat' dir='ltr'>Veronensis,</span> <span class='ocrx_word' id='word_1_55' title='bbox 1059 623 1132 679; x_wconf 89' lang='lat' dir='ltr'>qui</span> <span class='ocrx_word' id='word_1_56' title='bbox 1158 623 1404 663; x_wconf 84' lang='lat' dir='ltr'>Naturalem</span> <span class='ocrx_word' id='word_1_57' title='bbox 1423 622 1652 662; x_wconf 85' lang='lat' dir='ltr'>Historiam</span> 
     </span>
     <span class='ocr_line' id='line_1_8' title="bbox 246 692 1655 754; baseline -0.004 -16"><span class='ocrx_word' id='word_1_58' title='bbox 246 698 441 754; x_wconf 86' lang='lat' dir='ltr'>reliquit,</span> <span class='ocrx_word' id='word_1_59' title='bbox 467 711 609 747; x_wconf 81' lang='lat' dir='ltr'>soror,</span> <span class='ocrx_word' id='word_1_60' title='bbox 635 711 726 752; x_wconf 78' lang='lat' dir='ltr'>quoe</span> <span class='ocrx_word' id='word_1_61' title='bbox 745 695 895 735; x_wconf 87' lang='lat' dir='ltr'>amisso</span> <span class='ocrx_word' id='word_1_62' title='bbox 917 694 1067 734; x_wconf 85' lang='lat' dir='ltr'>marito</span> <span class='ocrx_word' id='word_1_63' title='bbox 1083 725 1094 744; x_wconf 89' lang='lat'>,</span> <span class='ocrx_word' id='word_1_64' title='bbox 1118 695 1162 733; x_wconf 89' lang='lat' dir='ltr'>in</span> <span class='ocrx_word' id='word_1_65' title='bbox 1188 692 1318 734; x_wconf 85' lang='lat' dir='ltr'>domo</span> <span class='ocrx_word' id='word_1_66' title='bbox 1339 693 1478 733; x_wconf 85' lang='lat' dir='ltr'>fratris</span> <span class='ocrx_word' id='word_1_67' title='bbox 1501 692 1655 733; x_wconf 87' lang='lat' dir='ltr'>mansit</span> 
     </span>
     <span class='ocr_line' id='line_1_9' title="bbox 245 762 1652 823; baseline -0.004 -15"><span class='ocrx_word' id='word_1_68' title='bbox 245 768 305 808; x_wconf 87' lang='lat' dir='ltr'>VI</span> <span class='ocrx_word' id='word_1_69' title='bbox 321 800 332 820; x_wconf 95' lang='lat'>,</span> <span class='ocrx_word' id='word_1_70' title='bbox 359 769 433 820; x_wconf 84' lang='lat'>16,</span> <span class='ocrx_word' id='word_1_71' title='bbox 461 771 511 818; x_wconf 88' lang='grc'>4,</span> <span class='ocrx_word' id='word_1_72' title='bbox 543 778 583 807; x_wconf 92' lang='lat' dir='ltr'>et</span> <span class='ocrx_word' id='word_1_73' title='bbox 605 781 672 823; x_wconf 85' lang='lat' dir='ltr'>ep.</span> <span class='ocrx_word' id='word_1_74' title='bbox 694 781 774 818; x_wconf 87' lang='lat'>20,</span> <span class='ocrx_word' id='word_1_75' title='bbox 801 781 824 805; x_wconf 91' lang='lat' dir='ltr'>a</span> <span class='ocrx_word' id='word_1_76' title='bbox 850 779 936 822; x_wconf 90' lang='lat' dir='ltr'>quo</span> <span class='ocrx_word' id='word_1_77' title='bbox 963 763 1072 804; x_wconf 88' lang='lat' dir='ltr'>filius</span> <span class='ocrx_word' id='word_1_78' title='bbox 1095 763 1319 820; x_wconf 86' lang='lat' dir='ltr'>adoptatus</span> <span class='ocrx_word' id='word_1_79' title='bbox 1345 763 1510 814; x_wconf 87' lang='lat' dir='ltr'>fuerat,</span> <span class='ocrx_word' id='word_1_80' title='bbox 1529 763 1578 813; x_wconf 87' lang='lat' dir='ltr'>V,</span> <span class='ocrx_word' id='word_1_81' title='bbox 1603 762 1652 815; x_wconf 90' lang='lat'>8,</span> 
     </span>
     <span class='ocr_line' id='line_1_10' title="bbox 249 834 1654 894; baseline -0.005 -15"><span class='ocrx_word' id='word_1_82' title='bbox 249 838 298 890; x_wconf 86' lang='lat'>5,</span> <span class='ocrx_word' id='word_1_83' title='bbox 335 838 408 894; x_wconf 87' lang='lat' dir='ltr'>qui</span> <span class='ocrx_word' id='word_1_84' title='bbox 439 836 537 878; x_wconf 89' lang='lat' dir='ltr'>ideo</span> <span class='ocrx_word' id='word_1_85' title='bbox 562 837 604 876; x_wconf 91' lang='lat' dir='ltr'>in</span> <span class='ocrx_word' id='word_1_86' title='bbox 632 851 785 877; x_wconf 88' lang='lat' dir='ltr'>nomen</span> <span class='ocrx_word' id='word_1_87' title='bbox 825 835 868 876; x_wconf 89' lang='lat' dir='ltr'>C.</span> <span class='ocrx_word' id='word_1_88' title='bbox 898 834 1026 875; x_wconf 68' lang='lat' dir='ltr'><em>Plinii</em></span> <span class='ocrx_word' id='word_1_89' title='bbox 1055 834 1234 875; x_wconf 69' lang='lat' dir='ltr'>Secundi</span> <span class='ocrx_word' id='word_1_90' title='bbox 1261 834 1480 885; x_wconf 89' lang='lat' dir='ltr'>successit,</span> <span class='ocrx_word' id='word_1_91' title='bbox 1518 848 1654 889; x_wconf 88' lang='lat' dir='ltr'>quum</span> 
     </span>
     <span class='ocr_line' id='line_1_11' title="bbox 245 903 1652 962; baseline -0.004 -14"><span class='ocrx_word' id='word_1_92' title='bbox 245 919 365 949; x_wconf 88' lang='lat' dir='ltr'>antea</span> <span class='ocrx_word' id='word_1_93' title='bbox 390 907 579 948; x_wconf 80' lang='lat' dir='ltr'>Caecilius</span> <span class='ocrx_word' id='word_1_94' title='bbox 603 917 707 947; x_wconf 90' lang='lat' dir='ltr'>esset</span> <span class='ocrx_word' id='word_1_95' title='bbox 732 904 807 962; x_wconf 82' lang='lat'>(5)</span> <span class='ocrx_word' id='word_1_96' title='bbox 846 905 1015 945; x_wconf 87' lang='lat' dir='ltr'>Patrem</span> <span class='ocrx_word' id='word_1_97' title='bbox 1042 904 1258 944; x_wconf 84' lang='lat' dir='ltr'>Caecilium</span> <span class='ocrx_word' id='word_1_98' title='bbox 1295 914 1457 943; x_wconf 85' lang='lat' dir='ltr'>mature</span> <span class='ocrx_word' id='word_1_99' title='bbox 1489 903 1652 955; x_wconf 87' lang='lat' dir='ltr'>amisit,</span> 
     </span>
     <span class='ocr_line' id='line_1_12' title="bbox 245 972 1654 1029; baseline -0.005 -11"><span class='ocrx_word' id='word_1_100' title='bbox 245 977 446 1018; x_wconf 83' lang='lat' dir='ltr'>educatus</span> <span class='ocrx_word' id='word_1_101' title='bbox 472 992 573 1017; x_wconf 87' lang='lat' dir='ltr'>cura</span> <span class='ocrx_word' id='word_1_102' title='bbox 599 976 740 1016; x_wconf 87' lang='lat' dir='ltr'>matris</span> <span class='ocrx_word' id='word_1_103' title='bbox 765 986 804 1016; x_wconf 91' lang='lat' dir='ltr'>et</span> <span class='ocrx_word' id='word_1_104' title='bbox 831 975 1052 1025; x_wconf 86' lang='lat' dir='ltr'>avunculi,</span> <span class='ocrx_word' id='word_1_105' title='bbox 1080 989 1158 1014; x_wconf 91' lang='lat' dir='ltr'>nec</span> <span class='ocrx_word' id='word_1_106' title='bbox 1184 988 1270 1013; x_wconf 90' lang='lat' dir='ltr'>non</span> <span class='ocrx_word' id='word_1_107' title='bbox 1294 973 1447 1013; x_wconf 90' lang='lat' dir='ltr'>tutoris</span> <span class='ocrx_word' id='word_1_108' title='bbox 1463 972 1654 1029; x_wconf 84' lang='lat' dir='ltr'>Verginii</span> 
     </span>
     <span class='ocr_line' id='line_1_13' title="bbox 245 1041 1651 1100; baseline -0.003 -14"><span class='ocrx_word' id='word_1_109' title='bbox 245 1046 342 1086; x_wconf 88' lang='lat' dir='ltr'>Rufi</span> <span class='ocrx_word' id='word_1_110' title='bbox 359 1078 369 1097; x_wconf 95' lang='lat'>,</span> <span class='ocrx_word' id='word_1_111' title='bbox 393 1047 458 1097; x_wconf 89' lang='grc' dir='ltr'>ΙΙ,</span> <span class='ocrx_word' id='word_1_112' title='bbox 486 1062 527 1096; x_wconf 86' lang='grc'>1,</span> <span class='ocrx_word' id='word_1_113' title='bbox 551 1046 574 1085; x_wconf 84' lang='grc'>8</span> <span class='ocrx_word' id='word_1_114' title='bbox 595 1044 669 1100; x_wconf 83' lang='grc'>(6).</span> <span class='ocrx_word' id='word_1_115' title='bbox 697 1044 854 1085; x_wconf 89' lang='lat' dir='ltr'>Studiis</span> <span class='ocrx_word' id='word_1_116' title='bbox 879 1044 1069 1099; x_wconf 86' lang='lat' dir='ltr'>impense</span> <span class='ocrx_word' id='word_1_117' title='bbox 1095 1058 1116 1082; x_wconf 87' lang='lat' dir='ltr'>a</span> <span class='ocrx_word' id='word_1_118' title='bbox 1141 1057 1275 1098; x_wconf 91' lang='lat' dir='ltr'>puero</span> <span class='ocrx_word' id='word_1_119' title='bbox 1303 1041 1496 1083; x_wconf 87' lang='lat' dir='ltr'>addictus</span> <span class='ocrx_word' id='word_1_120' title='bbox 1521 1042 1651 1095; x_wconf 82' lang='lat' dir='ltr'>adeo,</span> 
     </span>
     <span class='ocr_line' id='line_1_14' title="bbox 248 1111 1656 1170; baseline -0.003 -14"><span class='ocrx_word' id='word_1_121' title='bbox 248 1127 293 1156; x_wconf 84' lang='lat' dir='ltr'>ut</span> <span class='ocrx_word' id='word_1_122' title='bbox 319 1115 489 1156; x_wconf 88' lang='lat' dir='ltr'>decimo</span> <span class='ocrx_word' id='word_1_123' title='bbox 514 1124 666 1170; x_wconf 84' lang='lat' dir='ltr'>quarto</span> <span class='ocrx_word' id='word_1_124' title='bbox 695 1114 824 1153; x_wconf 81' lang='lat' dir='ltr'>aetatis</span> <span class='ocrx_word' id='word_1_125' title='bbox 846 1127 959 1152; x_wconf 88' lang='lat' dir='ltr'>anno</span> <span class='ocrx_word' id='word_1_126' title='bbox 983 1111 1229 1169; x_wconf 85' lang='lat' dir='ltr'>tragoediam</span> <span class='ocrx_word' id='word_1_127' title='bbox 1250 1127 1425 1169; x_wconf 82' lang='lat' dir='ltr'>graecam</span> <span class='ocrx_word' id='word_1_128' title='bbox 1451 1112 1656 1153; x_wconf 86' lang='lat' dir='ltr'>scriberet</span> 
     </span>
     <span class='ocr_line' id='line_1_15' title="bbox 244 1180 1655 1237; baseline -0.001 -13"><span class='ocrx_word' id='word_1_129' title='bbox 244 1185 329 1226; x_wconf 83' lang='lat' dir='ltr'>VII</span> <span class='ocrx_word' id='word_1_130' title='bbox 346 1217 356 1237; x_wconf 92' lang='lat'>,</span> <span class='ocrx_word' id='word_1_131' title='bbox 378 1188 425 1236; x_wconf 89' lang='grc'>4,</span> <span class='ocrx_word' id='word_1_132' title='bbox 447 1199 469 1224; x_wconf 83' lang='lat'><strong>2</strong></span> <span class='ocrx_word' id='word_1_133' title='bbox 487 1216 497 1235; x_wconf 84' lang='lat'>,</span> <span class='ocrx_word' id='word_1_134' title='bbox 525 1183 693 1223; x_wconf 89' lang='lat' dir='ltr'>Livium</span> <span class='ocrx_word' id='word_1_135' title='bbox 719 1180 1055 1221; x_wconf 84' lang='lat' dir='ltr'>adolescentulus</span> <span class='ocrx_word' id='word_1_136' title='bbox 1079 1181 1238 1237; x_wconf 87' lang='lat' dir='ltr'>legeret</span> <span class='ocrx_word' id='word_1_137' title='bbox 1254 1181 1337 1232; x_wconf 80' lang='lat' dir='ltr'>Vl,</span> <span class='ocrx_word' id='word_1_138' title='bbox 1361 1195 1413 1221; x_wconf 86' lang='lat'>20</span> <span class='ocrx_word' id='word_1_139' title='bbox 1429 1213 1440 1232; x_wconf 88' lang='lat'>,</span> <span class='ocrx_word' id='word_1_140' title='bbox 1466 1181 1488 1222; x_wconf 84' lang='lat'>5</span> <span class='ocrx_word' id='word_1_141' title='bbox 1503 1214 1514 1233; x_wconf 90' lang='lat'>,</span> <span class='ocrx_word' id='word_1_142' title='bbox 1536 1182 1655 1222; x_wconf 86' lang='lat' dir='ltr'>Cice-</span> 
     </span>
     <span class='ocr_line' id='line_1_16' title="bbox 246 1250 1653 1302; baseline -0.004 -7"><span class='ocrx_word' id='word_1_143' title='bbox 246 1269 393 1296; x_wconf 85' lang='lat' dir='ltr'>ronem</span> <span class='ocrx_word' id='word_1_144' title='bbox 419 1254 543 1294; x_wconf 79' lang='lat' dir='ltr'>etiam</span> <span class='ocrx_word' id='word_1_145' title='bbox 567 1251 735 1291; x_wconf 90' lang='lat' dir='ltr'>adultus</span> <span class='ocrx_word' id='word_1_146' title='bbox 761 1251 1030 1291; x_wconf 73' lang='lat' dir='ltr'>aemularetur</span> <span class='ocrx_word' id='word_1_147' title='bbox 1055 1250 1127 1301; x_wconf 79' lang='lat' dir='ltr'>IV,</span> <span class='ocrx_word' id='word_1_148' title='bbox 1160 1251 1183 1291; x_wconf 80' lang='lat'>8</span> <span class='ocrx_word' id='word_1_149' title='bbox 1199 1282 1208 1298; x_wconf 83' lang='grc'>,</span> <span class='ocrx_word' id='word_1_150' title='bbox 1234 1253 1285 1302; x_wconf 93' lang='grc'>4,</span> <span class='ocrx_word' id='word_1_151' title='bbox 1315 1265 1402 1291; x_wconf 83' lang='grc'>11011</span> <span class='ocrx_word' id='word_1_152' title='bbox 1425 1261 1653 1292; x_wconf 89' lang='lat' dir='ltr'>contentus</span> 
     </span>
     <span class='ocr_line' id='line_1_17' title="bbox 247 1320 1655 1378; baseline -0.003 -13"><span class='ocrx_word' id='word_1_153' title='bbox 247 1325 388 1365; x_wconf 83' lang='lat' dir='ltr'>saeculi</span> <span class='ocrx_word' id='word_1_154' title='bbox 407 1322 650 1378; x_wconf 83' lang='lat' dir='ltr'>eloquentia</span> <span class='ocrx_word' id='word_1_155' title='bbox 668 1322 711 1372; x_wconf 87' lang='grc' dir='ltr'>Ι,</span> <span class='ocrx_word' id='word_1_156' title='bbox 733 1320 769 1373; x_wconf 79' lang='grc'>5,</span> <span class='ocrx_word' id='word_1_157' title='bbox 793 1335 840 1360; x_wconf 87' lang='lat'>12</span> <span class='ocrx_word' id='word_1_158' title='bbox 855 1352 865 1371; x_wconf 93' lang='lat'>,</span> <span class='ocrx_word' id='word_1_159' title='bbox 891 1320 933 1359; x_wconf 88' lang='lat' dir='ltr'>in</span> <span class='ocrx_word' id='word_1_160' title='bbox 956 1320 1077 1374; x_wconf 83' lang='lat' dir='ltr'>cujus</span> <span class='ocrx_word' id='word_1_161' title='bbox 1093 1320 1232 1360; x_wconf 84' lang='lat' dir='ltr'>studio</span> <span class='ocrx_word' id='word_1_162' title='bbox 1254 1331 1508 1376; x_wconf 83' lang='lat' dir='ltr'>praeceptore</span> <span class='ocrx_word' id='word_1_163' title='bbox 1523 1321 1655 1375; x_wconf 87' lang='lat' dir='ltr'>Quin-</span> 
     </span>
     <span class='ocr_line' id='line_1_18' title="bbox 244 1390 1650 1447; baseline -0.001 -13"><span class='ocrx_word' id='word_1_164' title='bbox 244 1395 394 1435; x_wconf 78' lang='lat' dir='ltr'>tiliano</span> <span class='ocrx_word' id='word_1_165' title='bbox 419 1407 518 1433; x_wconf 87' lang='lat' dir='ltr'>usus</span> <span class='ocrx_word' id='word_1_166' title='bbox 545 1402 605 1432; x_wconf 92' lang='lat' dir='ltr'>est</span> <span class='ocrx_word' id='word_1_167' title='bbox 629 1391 688 1442; x_wconf 82' lang='lat' dir='ltr'>II,</span> <span class='ocrx_word' id='word_1_168' title='bbox 715 1393 788 1443; x_wconf 83' lang='grc'>14,</span> <span class='ocrx_word' id='word_1_169' title='bbox 810 1405 857 1445; x_wconf 84' lang='grc'>9,</span> <span class='ocrx_word' id='word_1_170' title='bbox 883 1401 925 1430; x_wconf 87' lang='lat' dir='ltr'>et</span> <span class='ocrx_word' id='word_1_171' title='bbox 944 1390 1093 1431; x_wconf 91' lang='lat' dir='ltr'>Nicete</span> <span class='ocrx_word' id='word_1_172' title='bbox 1111 1390 1337 1431; x_wconf 84' lang='lat' dir='ltr'>Sacerdote</span> <span class='ocrx_word' id='word_1_173' title='bbox 1352 1391 1500 1443; x_wconf 85' lang='lat' dir='ltr'>VI,6,</span> <span class='ocrx_word' id='word_1_174' title='bbox 1525 1390 1549 1432; x_wconf 84' lang='lat'>3</span> <span class='ocrx_word' id='word_1_175' title='bbox 1573 1391 1650 1447; x_wconf 84' lang='lat'>(7),</span> 
     </span>
    </p>
   </div>
   <div class='ocr_carea' id='block_1_3' title="bbox 250 1523 922 2721">
    <p class='ocr_par' dir='ltr' id='par_1_3' title="bbox 250 1523 920 1731">
     <span class='ocr_line' id='line_1_19' title="bbox 250 1523 918 1573; baseline -0.01 -12"><span class='ocrx_word' id='word_1_176' title='bbox 250 1541 387 1573; x_wconf 78' lang='lat' dir='ltr'>semper</span> <span class='ocrx_word' id='word_1_177' title='bbox 400 1527 466 1559; x_wconf 86' lang='lat' dir='ltr'>viri</span> <span class='ocrx_word' id='word_1_178' title='bbox 481 1525 666 1558; x_wconf 83' lang='lat' dir='ltr'>doctissimi</span> <span class='ocrx_word' id='word_1_179' title='bbox 682 1524 788 1556; x_wconf 79' lang='lat' dir='ltr'>vitam</span> <span class='ocrx_word' id='word_1_180' title='bbox 803 1523 918 1563; x_wconf 85' lang='lat' dir='ltr'>Plinii,</span> 
     </span>
     <span class='ocr_line' id='line_1_20' title="bbox 253 1576 920 1621; baseline -0.009 -8"><span class='ocrx_word' id='word_1_181' title='bbox 253 1581 425 1613; x_wconf 84' lang='lat' dir='ltr'>utiterum</span> <span class='ocrx_word' id='word_1_182' title='bbox 439 1578 530 1612; x_wconf 83' lang='lat' dir='ltr'>edita</span> <span class='ocrx_word' id='word_1_183' title='bbox 543 1586 611 1617; x_wconf 82' lang='lat' dir='ltr'>est,</span> <span class='ocrx_word' id='word_1_184' title='bbox 627 1576 806 1621; x_wconf 74' lang='lat' dir='ltr'>adscriptis</span> <span class='ocrx_word' id='word_1_185' title='bbox 821 1576 920 1608; x_wconf 83' lang='lat' dir='ltr'>annis</span> 
     </span>
     <span class='ocr_line' id='line_1_21' title="bbox 252 1631 919 1676; baseline -0.007 -11"><span class='ocrx_word' id='word_1_186' title='bbox 252 1633 356 1665; x_wconf 76' lang='lat' dir='ltr'>aetatis</span> <span class='ocrx_word' id='word_1_187' title='bbox 372 1639 403 1664; x_wconf 82' lang='lat' dir='ltr'>et</span> <span class='ocrx_word' id='word_1_188' title='bbox 417 1631 550 1676; x_wconf 85' lang='lat' dir='ltr'>quoties</span> <span class='ocrx_word' id='word_1_189' title='bbox 567 1642 654 1676; x_wconf 81' lang='lat' dir='ltr'>opus</span> <span class='ocrx_word' id='word_1_190' title='bbox 670 1637 719 1662; x_wconf 87' lang='lat' dir='ltr'>est</span> <span class='ocrx_word' id='word_1_191' title='bbox 732 1653 740 1668; x_wconf 88' lang='lat'>,</span> <span class='ocrx_word' id='word_1_192' title='bbox 757 1640 919 1673; x_wconf 85' lang='lat' dir='ltr'>paragra-</span> 
     </span>
     <span class='ocr_line' id='line_1_22' title="bbox 253 1685 359 1731; baseline 0 -14"><span class='ocrx_word' id='word_1_193' title='bbox 253 1685 359 1731; x_wconf 75' lang='lat' dir='ltr'>pliis.)</span> 
     </span>
    </p>

    <p class='ocr_par' dir='ltr' id='par_1_4' title="bbox 250 1732 922 2146">
     <span class='ocr_line' id='line_1_23' title="bbox 300 1732 920 1780; baseline -0.006 -11"><span class='ocrx_word' id='word_1_194' title='bbox 300 1740 348 1780; x_wconf 77' lang='grc'>(4)</span> <span class='ocrx_word' id='word_1_195' title='bbox 362 1737 446 1777; x_wconf 80' lang='lat' dir='ltr'>Quae</span> <span class='ocrx_word' id='word_1_196' title='bbox 460 1747 543 1780; x_wconf 84' lang='lat' dir='ltr'>gens</span> <span class='ocrx_word' id='word_1_197' title='bbox 556 1734 688 1779; x_wconf 82' lang='lat' dir='ltr'>plebeia</span> <span class='ocrx_word' id='word_1_198' title='bbox 699 1758 708 1773; x_wconf 88' lang='lat'>‚</span> <span class='ocrx_word' id='word_1_199' title='bbox 724 1732 783 1766; x_wconf 87' lang='lat' dir='ltr'>sed</span> <span class='ocrx_word' id='word_1_200' title='bbox 796 1733 920 1765; x_wconf 87' lang='lat' dir='ltr'>nobilis</span> 
     </span>
     <span class='ocr_line' id='line_1_24' title="bbox 253 1786 922 1829; baseline -0.01 -6"><span class='ocrx_word' id='word_1_201' title='bbox 253 1790 374 1824; x_wconf 83' lang='lat' dir='ltr'>eadem</span> <span class='ocrx_word' id='word_1_202' title='bbox 385 1814 393 1829; x_wconf 88' lang='lat'><em>‚</em></span> <span class='ocrx_word' id='word_1_203' title='bbox 406 1789 557 1821; x_wconf 84' lang='lat' dir='ltr'>Masson.</span> <span class='ocrx_word' id='word_1_204' title='bbox 574 1788 589 1819; x_wconf 95' lang='lat' dir='ltr'>I</span> <span class='ocrx_word' id='word_1_205' title='bbox 601 1811 609 1826; x_wconf 93' lang='lat'>‚</span> <span class='ocrx_word' id='word_1_206' title='bbox 627 1801 657 1819; x_wconf 80' lang='lat'>2.</span> <span class='ocrx_word' id='word_1_207' title='bbox 671 1786 821 1818; x_wconf 87' lang='lat' dir='ltr'>Deillius</span> <span class='ocrx_word' id='word_1_208' title='bbox 836 1786 922 1818; x_wconf 88' lang='lat' dir='ltr'>anti-</span> 
     </span>
     <span class='ocr_line' id='line_1_25' title="bbox 253 1840 920 1888; baseline -0.009 -13"><span class='ocrx_word' id='word_1_209' title='bbox 253 1843 384 1888; x_wconf 80' lang='lat' dir='ltr'>quitate</span> <span class='ocrx_word' id='word_1_210' title='bbox 393 1843 461 1886; x_wconf 80' lang='lat' dir='ltr'>ipse</span> <span class='ocrx_word' id='word_1_211' title='bbox 469 1840 693 1879; x_wconf 79' lang='lat' dir='ltr'>NosterVIII‚</span> <span class='ocrx_word' id='word_1_212' title='bbox 707 1852 760 1878; x_wconf 83' lang='lat'>10,</span> <span class='ocrx_word' id='word_1_213' title='bbox 771 1840 920 1883; x_wconf 82' lang='lat' dir='ltr'>3,quum</span> 
     </span>
     <span class='ocr_line' id='line_1_26' title="bbox 254 1890 921 1936; baseline -0.007 -9"><span class='ocrx_word' id='word_1_214' title='bbox 254 1909 317 1927; x_wconf 79' lang='lat' dir='ltr'>non</span> <span class='ocrx_word' id='word_1_215' title='bbox 348 1897 469 1926; x_wconf 77' lang='lat' dir='ltr'>subitas</span> <span class='ocrx_word' id='word_1_216' title='bbox 496 1895 649 1936; x_wconf 72' lang='lat' dir='ltr'>ilrzagines</span> <span class='ocrx_word' id='word_1_217' title='bbox 678 1904 696 1924; x_wconf 80' lang='lat' dir='ltr'>a</span> <span class='ocrx_word' id='word_1_218' title='bbox 722 1904 784 1924; x_wconf 82' lang='lat' dir='ltr'>suo</span> <span class='ocrx_word' id='word_1_219' title='bbox 819 1890 921 1922; x_wconf 78' lang='lat' dir='ltr'>etiam</span> 
     </span>
     <span class='ocr_line' id='line_1_27' title="bbox 254 1943 922 1980; baseline -0.009 0"><span class='ocrx_word' id='word_1_220' title='bbox 254 1948 359 1980; x_wconf 86' lang='lat' dir='ltr'>latere</span> <span class='ocrx_word' id='word_1_221' title='bbox 374 1953 635 1980; x_wconf 84' lang='lat' dir='ltr'>commemorat.</span> <span class='ocrx_word' id='word_1_222' title='bbox 653 1945 705 1976; x_wconf 89' lang='lat' dir='ltr'>An</span> <span class='ocrx_word' id='word_1_223' title='bbox 720 1945 787 1977; x_wconf 88' lang='lat' dir='ltr'>huc</span> <span class='ocrx_word' id='word_1_224' title='bbox 800 1943 922 1975; x_wconf 80' lang='lat' dir='ltr'>refeiri</span> 
     </span>
     <span class='ocr_line' id='line_1_28' title="bbox 255 1996 921 2041; baseline -0.009 -9"><span class='ocrx_word' id='word_1_225' title='bbox 255 1999 402 2032; x_wconf 76' lang='lat' dir='ltr'>debeant</span> <span class='ocrx_word' id='word_1_226' title='bbox 426 2005 541 2029; x_wconf 81' lang='lat' dir='ltr'>statuae</span> <span class='ocrx_word' id='word_1_227' title='bbox 566 1997 759 2041; x_wconf 82' lang='lat' dir='ltr'>principum</span> <span class='ocrx_word' id='word_1_228' title='bbox 780 1996 814 2027; x_wconf 89' lang='lat' dir='ltr'>in</span> <span class='ocrx_word' id='word_1_229' title='bbox 833 1996 921 2039; x_wconf 75' lang='lat' dir='ltr'>agris</span> 
     </span>
     <span class='ocr_line' id='line_1_29' title="bbox 250 2048 920 2093; baseline -0.001 -12"><span class='ocrx_word' id='word_1_230' title='bbox 250 2053 426 2093; x_wconf 77' lang='lat' dir='ltr'>perplures</span> <span class='ocrx_word' id='word_1_231' title='bbox 435 2052 643 2081; x_wconf 76' lang='lat' dir='ltr'>successiones</span> <span class='ocrx_word' id='word_1_232' title='bbox 657 2048 789 2081; x_wconf 76' lang='lat' dir='ltr'>tradita:</span> <span class='ocrx_word' id='word_1_233' title='bbox 803 2049 848 2087; x_wconf 81' lang='lat' dir='ltr'>X,</span> <span class='ocrx_word' id='word_1_234' title='bbox 866 2053 920 2088; x_wconf 64' lang='grc'>24,</span> 
     </span>
     <span class='ocr_line' id='line_1_30' title="bbox 260 2101 712 2146; baseline -0.009 -11"><span class='ocrx_word' id='word_1_235' title='bbox 260 2115 293 2143; x_wconf 87' lang='grc'>1,</span> <span class='ocrx_word' id='word_1_236' title='bbox 307 2103 395 2135; x_wconf 87' lang='lat' dir='ltr'>forte</span> <span class='ocrx_word' id='word_1_237' title='bbox 409 2101 577 2146; x_wconf 81' lang='lat' dir='ltr'>disputari</span> <span class='ocrx_word' id='word_1_238' title='bbox 595 2101 712 2145; x_wconf 81' lang='lat' dir='ltr'>possit.</span> 
     </span>
    </p>

    <p class='ocr_par' dir='ltr' id='par_1_5' title="bbox 253 2154 922 2721">
     <span class='ocr_line' id='line_1_31' title="bbox 304 2154 922 2197; baseline -0.003 -11"><span class='ocrx_word' id='word_1_239' title='bbox 304 2157 351 2197; x_wconf 80' lang='lat'>(5)</span> <span class='ocrx_word' id='word_1_240' title='bbox 371 2155 424 2186; x_wconf 81' lang='lat' dir='ltr'>Ita</span> <span class='ocrx_word' id='word_1_241' title='bbox 442 2162 556 2186; x_wconf 83' lang='lat' dir='ltr'>tamen</span> <span class='ocrx_word' id='word_1_242' title='bbox 569 2178 578 2192; x_wconf 88' lang='lat'><em>‚</em></span> <span class='ocrx_word' id='word_1_243' title='bbox 599 2161 635 2185; x_wconf 89' lang='lat' dir='ltr'>ut</span> <span class='ocrx_word' id='word_1_244' title='bbox 656 2154 775 2184; x_wconf 75' lang='lat' dir='ltr'>Caecilii</span> <span class='ocrx_word' id='word_1_245' title='bbox 796 2164 922 2185; x_wconf 83' lang='lat' dir='ltr'>nomen</span> 
     </span>
     <span class='ocr_line' id='line_1_32' title="bbox 256 2204 920 2249; baseline -0.008 -9"><span class='ocrx_word' id='word_1_246' title='bbox 256 2219 327 2240; x_wconf 81' lang='lat' dir='ltr'>non</span> <span class='ocrx_word' id='word_1_247' title='bbox 347 2207 566 2244; x_wconf 81' lang='lat' dir='ltr'>immutaret,</span> <span class='ocrx_word' id='word_1_248' title='bbox 587 2212 644 2237; x_wconf 79' lang='lat' dir='ltr'>aut</span> <span class='ocrx_word' id='word_1_249' title='bbox 661 2204 863 2249; x_wconf 82' lang='lat' dir='ltr'>produceret</span> <span class='ocrx_word' id='word_1_250' title='bbox 884 2205 920 2235; x_wconf 86' lang='lat' dir='ltr'>in</span> 
     </span>
     <span class='ocr_line' id='line_1_33' title="bbox 259 2256 922 2301; baseline -0.005 -11"><span class='ocrx_word' id='word_1_251' title='bbox 259 2261 479 2295; x_wconf 62' lang='lat' dir='ltr'>Caecilianum,</span> <span class='ocrx_word' id='word_1_252' title='bbox 502 2256 594 2301; x_wconf 85' lang='lat' dir='ltr'>quod</span> <span class='ocrx_word' id='word_1_253' title='bbox 618 2257 725 2288; x_wconf 85' lang='lat' dir='ltr'>libera</span> <span class='ocrx_word' id='word_1_254' title='bbox 748 2268 820 2300; x_wconf 86' lang='lat' dir='ltr'>rep.</span> <span class='ocrx_word' id='word_1_255' title='bbox 847 2256 922 2288; x_wconf 80' lang='lat' dir='ltr'>fieri</span> 
     </span>
     <span class='ocr_line' id='line_1_34' title="bbox 256 2309 920 2343; baseline -0.006 0"><span class='ocrx_word' id='word_1_256' title='bbox 256 2311 398 2343; x_wconf 83' lang='lat' dir='ltr'>solebat.</span> <span class='ocrx_word' id='word_1_257' title='bbox 425 2310 536 2342; x_wconf 80' lang='lat' dir='ltr'>Etiam</span> <span class='ocrx_word' id='word_1_258' title='bbox 557 2309 694 2341; x_wconf 85' lang='lat' dir='ltr'>retinuit</span> <span class='ocrx_word' id='word_1_259' title='bbox 717 2309 920 2341; x_wconf 72' lang='lat' dir='ltr'>senatoriam</span> 
     </span>
     <span class='ocr_line' id='line_1_35' title="bbox 255 2361 921 2408; baseline -0.006 -11"><span class='ocrx_word' id='word_1_260' title='bbox 255 2364 360 2408; x_wconf 83' lang='lat' dir='ltr'>patris</span> <span class='ocrx_word' id='word_1_261' title='bbox 371 2362 568 2407; x_wconf 83' lang='lat' dir='ltr'>dignitatem</span> <span class='ocrx_word' id='word_1_262' title='bbox 579 2386 587 2401; x_wconf 88' lang='lat'>‚</span> <span class='ocrx_word' id='word_1_263' title='bbox 599 2374 705 2406; x_wconf 86' lang='lat' dir='ltr'>quum</span> <span class='ocrx_word' id='word_1_264' title='bbox 720 2361 777 2393; x_wconf 73' lang='lat' dir='ltr'>inti</span> <span class='ocrx_word' id='word_1_265' title='bbox 789 2374 803 2392; x_wconf 79' lang='lat' dir='ltr'>a</span> <span class='ocrx_word' id='word_1_266' title='bbox 818 2374 921 2406; x_wconf 75' lang='lat' dir='ltr'>eque-</span> 
     </span>
     <span class='ocr_line' id='line_1_36' title="bbox 256 2413 918 2448; baseline -0.003 0"><span class='ocrx_word' id='word_1_267' title='bbox 256 2424 358 2448; x_wconf 87' lang='lat' dir='ltr'>strem</span> <span class='ocrx_word' id='word_1_268' title='bbox 387 2414 589 2448; x_wconf 82' lang='lat' dir='ltr'>substitisset</span> <span class='ocrx_word' id='word_1_269' title='bbox 617 2414 818 2446; x_wconf 82' lang='lat' dir='ltr'>avunculus.</span> <span class='ocrx_word' id='word_1_270' title='bbox 839 2413 918 2446; x_wconf 67' lang='lat' dir='ltr'>Yid.</span> 
     </span>
     <span class='ocr_line' id='line_1_37' title="bbox 256 2466 920 2506; baseline -0.003 -6"><span class='ocrx_word' id='word_1_271' title='bbox 256 2467 405 2501; x_wconf 80' lang='lat' dir='ltr'>Masson.</span> <span class='ocrx_word' id='word_1_272' title='bbox 434 2467 468 2506; x_wconf 87' lang='grc' dir='ltr'>Ι,</span> <span class='ocrx_word' id='word_1_273' title='bbox 492 2469 524 2499; x_wconf 89' lang='grc'>6.</span> <span class='ocrx_word' id='word_1_274' title='bbox 552 2467 717 2498; x_wconf 70' lang='lat' dir='ltr'>Caeterum</span> <span class='ocrx_word' id='word_1_275' title='bbox 752 2466 831 2498; x_wconf 84' lang='lat' dir='ltr'>huic</span> <span class='ocrx_word' id='word_1_276' title='bbox 859 2479 920 2498; x_wconf 90' lang='lat' dir='ltr'>suo</span> 
     </span>
     <span class='ocr_line' id='line_1_38' title="bbox 255 2519 921 2564; baseline 0 -12"><span class='ocrx_word' id='word_1_277' title='bbox 255 2521 342 2564; x_wconf 75' lang='lat' dir='ltr'>patri</span> <span class='ocrx_word' id='word_1_278' title='bbox 361 2519 521 2564; x_wconf 65' lang='lat' dir='ltr'>adoptixo</span> <span class='ocrx_word' id='word_1_279' title='bbox 544 2519 833 2551; x_wconf 75' lang='lat' dir='ltr'>immortalitatem</span> <span class='ocrx_word' id='word_1_280' title='bbox 860 2519 921 2552; x_wconf 79' lang='lat' dir='ltr'>ad-</span> 
     </span>
     <span class='ocr_line' id='line_1_39' title="bbox 253 2571 919 2618; baseline -0.002 -14"><span class='ocrx_word' id='word_1_281' title='bbox 253 2572 361 2618; x_wconf 84' lang='lat' dir='ltr'>juvit,</span> <span class='ocrx_word' id='word_1_282' title='bbox 384 2573 488 2603; x_wconf 82' lang='lat' dir='ltr'>libros</span> <span class='ocrx_word' id='word_1_283' title='bbox 509 2580 540 2603; x_wconf 87' lang='lat' dir='ltr'>et</span> <span class='ocrx_word' id='word_1_284' title='bbox 557 2571 630 2603; x_wconf 55' lang='lat' dir='ltr'>vitaz</span> <span class='ocrx_word' id='word_1_285' title='bbox 648 2572 737 2603; x_wconf 55' lang='lat' dir='ltr'>iliius</span> <span class='ocrx_word' id='word_1_286' title='bbox 754 2572 919 2604; x_wconf 76' lang='lat' dir='ltr'>rationem</span> 
     </span>
     <span class='ocr_line' id='line_1_40' title="bbox 257 2623 720 2663; baseline -0.002 -7"><span class='ocrx_word' id='word_1_287' title='bbox 257 2623 561 2656; x_wconf 73' lang='lat' dir='ltr'>commemorando</span> <span class='ocrx_word' id='word_1_288' title='bbox 586 2624 658 2662; x_wconf 86' lang='lat' dir='ltr'>III,</span> <span class='ocrx_word' id='word_1_289' title='bbox 687 2625 720 2663; x_wconf 82' lang='lat'>5,</span> 
     </span>
     <span class='ocr_line' id='line_1_41' title="bbox 256 2675 742 2721; baseline 0 -14"><span class='ocrx_word' id='word_1_290' title='bbox 256 2688 362 2721; x_wconf 72' lang='lat' dir='ltr'>genus</span> <span class='ocrx_word' id='word_1_291' title='bbox 381 2675 585 2708; x_wconf 64' lang='lat' dir='ltr'>celebrando</span> <span class='ocrx_word' id='word_1_292' title='bbox 600 2676 669 2713; x_wconf 78' lang='lat' dir='ltr'>VI,</span> <span class='ocrx_word' id='word_1_293' title='bbox 692 2680 742 2708; x_wconf 72' lang='lat'>16.</span> 
     </span>
    </p>
   </div>
   <div class='ocr_carea' id='block_1_4' title="bbox 746 2624 919 2657">
    <p class='ocr_par' dir='ltr' id='par_1_6' title="bbox 746 2624 919 2657">
     <span class='ocr_line' id='line_1_42' title="bbox 746 2624 919 2657; baseline 0.006 -1"><span class='ocrx_word' id='word_1_294' title='bbox 746 2632 776 2656; x_wconf 79' lang='lat' dir='ltr'>et</span> <span class='ocrx_word' id='word_1_295' title='bbox 803 2624 919 2657; x_wconf 65' lang='lat' dir='ltr'>mortis</span> 
     </span>
    </p>
   </div>
   <div class='ocr_carea' id='block_1_5' title="bbox 976 1523 1656 2717">
    <p class='ocr_par' dir='ltr' id='par_1_7' title="bbox 986 1523 1656 1778">
     <span class='ocr_line' id='line_1_43' title="bbox 1033 1523 1656 1570; baseline 0.002 -14"><span class='ocrx_word' id='word_1_296' title='bbox 1033 1525 1080 1567; x_wconf 82' lang='lat'>(6)</span> <span class='ocrx_word' id='word_1_297' title='bbox 1106 1525 1175 1557; x_wconf 82' lang='lat' dir='ltr'>Nec</span> <span class='ocrx_word' id='word_1_298' title='bbox 1199 1523 1260 1557; x_wconf 83' lang='lat' dir='ltr'>diu</span> <span class='ocrx_word' id='word_1_299' title='bbox 1283 1524 1443 1570; x_wconf 83' lang='lat' dir='ltr'>adoptivo</span> <span class='ocrx_word' id='word_1_300' title='bbox 1468 1532 1565 1570; x_wconf 85' lang='lat' dir='ltr'>patre</span> <span class='ocrx_word' id='word_1_301' title='bbox 1588 1525 1656 1557; x_wconf 87' lang='lat' dir='ltr'>frui</span> 
     </span>
     <span class='ocr_line' id='line_1_44' title="bbox 986 1576 1655 1622; baseline 0.003 -15"><span class='ocrx_word' id='word_1_302' title='bbox 986 1576 1035 1607; x_wconf 92' lang='lat' dir='ltr'>illi</span> <span class='ocrx_word' id='word_1_303' title='bbox 1055 1577 1171 1617; x_wconf 83' lang='lat' dir='ltr'>licuit,</span> <span class='ocrx_word' id='word_1_304' title='bbox 1187 1577 1245 1621; x_wconf 88' lang='lat' dir='ltr'>qui</span> <span class='ocrx_word' id='word_1_305' title='bbox 1262 1578 1301 1608; x_wconf 91' lang='lat' dir='ltr'>A.</span> <span class='ocrx_word' id='word_1_306' title='bbox 1313 1578 1351 1610; x_wconf 91' lang='lat' dir='ltr'>C.</span> <span class='ocrx_word' id='word_1_307' title='bbox 1365 1577 1509 1610; x_wconf 86' lang='lat' dir='ltr'>LXXIX</span> <span class='ocrx_word' id='word_1_308' title='bbox 1521 1603 1527 1615; x_wconf 88' lang='lat'>‚</span> <span class='ocrx_word' id='word_1_309' title='bbox 1546 1589 1655 1622; x_wconf 90' lang='lat' dir='ltr'>quum</span> 
     </span>
     <span class='ocr_line' id='line_1_45' title="bbox 986 1629 1656 1674; baseline 0.001 -13"><span class='ocrx_word' id='word_1_310' title='bbox 986 1629 1106 1661; x_wconf 73' lang='lat' dir='ltr'>XVIII</span> <span class='ocrx_word' id='word_1_311' title='bbox 1125 1630 1229 1662; x_wconf 85' lang='lat' dir='ltr'>aetatis</span> <span class='ocrx_word' id='word_1_312' title='bbox 1244 1642 1372 1662; x_wconf 84' lang='lat' dir='ltr'>annum</span> <span class='ocrx_word' id='word_1_313' title='bbox 1386 1637 1501 1674; x_wconf 86' lang='lat' dir='ltr'>ageret</span> <span class='ocrx_word' id='word_1_314' title='bbox 1512 1654 1521 1669; x_wconf 86' lang='lat'>‚</span> <span class='ocrx_word' id='word_1_315' title='bbox 1537 1630 1656 1662; x_wconf 81' lang='lat' dir='ltr'>incen-</span> 
     </span>
     <span class='ocr_line' id='line_1_46' title="bbox 987 1681 1655 1727; baseline -0.001 -14"><span class='ocrx_word' id='word_1_316' title='bbox 987 1681 1043 1713; x_wconf 87' lang='lat' dir='ltr'>dio</span> <span class='ocrx_word' id='word_1_317' title='bbox 1059 1681 1200 1713; x_wconf 81' lang='lat' dir='ltr'>Vesuvii</span> <span class='ocrx_word' id='word_1_318' title='bbox 1218 1682 1368 1727; x_wconf 73' lang='lat' dir='ltr'>perierit.</span> <span class='ocrx_word' id='word_1_319' title='bbox 1390 1681 1484 1722; x_wconf 87' lang='lat' dir='ltr'>Quid</span> <span class='ocrx_word' id='word_1_320' title='bbox 1511 1681 1581 1725; x_wconf 85' lang='lat' dir='ltr'>ipse</span> <span class='ocrx_word' id='word_1_321' title='bbox 1603 1681 1655 1713; x_wconf 89' lang='lat' dir='ltr'>in-</span> 
     </span>
     <span class='ocr_line' id='line_1_47' title="bbox 987 1733 1654 1778; baseline -0.001 -12"><span class='ocrx_word' id='word_1_322' title='bbox 987 1734 1085 1767; x_wconf 79' lang='lat' dir='ltr'>terim</span> <span class='ocrx_word' id='word_1_323' title='bbox 1100 1734 1224 1766; x_wconf 85' lang='lat' dir='ltr'>Miseni</span> <span class='ocrx_word' id='word_1_324' title='bbox 1245 1733 1365 1778; x_wconf 79' lang='lat' dir='ltr'>egerit,</span> <span class='ocrx_word' id='word_1_325' title='bbox 1383 1741 1499 1766; x_wconf 81' lang='lat' dir='ltr'>narrat</span> <span class='ocrx_word' id='word_1_326' title='bbox 1514 1734 1579 1773; x_wconf 87' lang='lat' dir='ltr'>VI,</span> <span class='ocrx_word' id='word_1_327' title='bbox 1600 1746 1654 1766; x_wconf 84' lang='lat'>20.</span> 
     </span>
    </p>

    <p class='ocr_par' dir='ltr' id='par_1_8' title="bbox 976 1785 1656 2717">
     <span class='ocr_line' id='line_1_48' title="bbox 1033 1785 1656 1832; baseline 0.002 -14"><span class='ocrx_word' id='word_1_328' title='bbox 1033 1790 1079 1830; x_wconf 77' lang='lat'>(7)</span> <span class='ocrx_word' id='word_1_329' title='bbox 1097 1787 1147 1819; x_wconf 89' lang='lat' dir='ltr'>De</span> <span class='ocrx_word' id='word_1_330' title='bbox 1166 1786 1382 1827; x_wconf 82' lang='lat' dir='ltr'>Quintiliano</span> <span class='ocrx_word' id='word_1_331' title='bbox 1407 1799 1518 1832; x_wconf 83' lang='lat' dir='ltr'>nuper</span> <span class='ocrx_word' id='word_1_332' title='bbox 1539 1785 1656 1832; x_wconf 85' lang='lat' dir='ltr'>dispu-</span> 
     </span>
     <span class='ocr_line' id='line_1_49' title="bbox 986 1838 1656 1883; baseline 0.001 -13"><span class='ocrx_word' id='word_1_333' title='bbox 986 1839 1151 1878; x_wconf 76' lang='lat' dir='ltr'>tavimus,</span> <span class='ocrx_word' id='word_1_334' title='bbox 1168 1839 1203 1870; x_wconf 89' lang='lat' dir='ltr'>in</span> <span class='ocrx_word' id='word_1_335' title='bbox 1219 1838 1312 1883; x_wconf 67' lang='lat' dir='ltr'>sraef.</span> <span class='ocrx_word' id='word_1_336' title='bbox 1328 1840 1345 1881; x_wconf 79' lang='lat'>§</span> <span class='ocrx_word' id='word_1_337' title='bbox 1361 1852 1395 1880; x_wconf 87' lang='lat'>9,</span> <span class='ocrx_word' id='word_1_338' title='bbox 1410 1851 1460 1883; x_wconf 86' lang='lat' dir='ltr'>sq.</span> <span class='ocrx_word' id='word_1_339' title='bbox 1474 1839 1523 1870; x_wconf 86' lang='lat' dir='ltr'>De</span> <span class='ocrx_word' id='word_1_340' title='bbox 1540 1838 1656 1871; x_wconf 81' lang='lat' dir='ltr'>Nicete</span> 
     </span>
     <span class='ocr_line' id='line_1_50' title="bbox 986 1889 1655 1936; baseline 0 -13"><span class='ocrx_word' id='word_1_341' title='bbox 986 1891 1054 1924; x_wconf 81' lang='lat' dir='ltr'>vid.</span> <span class='ocrx_word' id='word_1_342' title='bbox 1064 1892 1213 1924; x_wconf 85' lang='lat' dir='ltr'>Masson.</span> <span class='ocrx_word' id='word_1_343' title='bbox 1227 1891 1321 1929; x_wconf 81' lang='lat' dir='ltr'>XIV,</span> <span class='ocrx_word' id='word_1_344' title='bbox 1333 1892 1367 1931; x_wconf 85' lang='grc'>4,.</span> <span class='ocrx_word' id='word_1_345' title='bbox 1379 1891 1493 1931; x_wconf 87' lang='lat' dir='ltr'>Quam</span> <span class='ocrx_word' id='word_1_346' title='bbox 1502 1889 1655 1936; x_wconf 83' lang='lat' dir='ltr'>jucunde</span> 
     </span>
     <span class='ocr_line' id='line_1_51' title="bbox 986 1942 1655 1987; baseline 0 -12"><span class='ocrx_word' id='word_1_347' title='bbox 986 1943 1076 1975; x_wconf 85' lang='lat' dir='ltr'>illius</span> <span class='ocrx_word' id='word_1_348' title='bbox 1090 1942 1251 1987; x_wconf 85' lang='lat' dir='ltr'>temporis</span> <span class='ocrx_word' id='word_1_349' title='bbox 1266 1950 1297 1975; x_wconf 87' lang='lat' dir='ltr'>et</span> <span class='ocrx_word' id='word_1_350' title='bbox 1314 1943 1438 1975; x_wconf 84' lang='lat' dir='ltr'>scholae</span> <span class='ocrx_word' id='word_1_351' title='bbox 1453 1943 1655 1975; x_wconf 82' lang='lat' dir='ltr'>memoriam</span> 
     </span>
     <span class='ocr_line' id='line_1_52' title="bbox 987 1994 1653 2041; baseline -0.003 -13"><span class='ocrx_word' id='word_1_352' title='bbox 987 1996 1202 2041; x_wconf 80' lang='lat' dir='ltr'>usurpaverit</span> <span class='ocrx_word' id='word_1_353' title='bbox 1226 2003 1360 2035; x_wconf 87' lang='lat' dir='ltr'>noster,</span> <span class='ocrx_word' id='word_1_354' title='bbox 1380 1995 1451 2039; x_wconf 89' lang='lat' dir='ltr'>ipse</span> <span class='ocrx_word' id='word_1_355' title='bbox 1477 1994 1576 2027; x_wconf 86' lang='lat' dir='ltr'>docet</span> <span class='ocrx_word' id='word_1_356' title='bbox 1597 1996 1653 2035; x_wconf 91' lang='lat' dir='ltr'>II,</span> 
     </span>
     <span class='ocr_line' id='line_1_53' title="bbox 991 2047 1654 2092; baseline -0.002 -11"><span class='ocrx_word' id='word_1_357' title='bbox 991 2049 1044 2088; x_wconf 86' lang='lat'>18,</span> <span class='ocrx_word' id='word_1_358' title='bbox 1064 2062 1093 2081; x_wconf 88' lang='lat'>1.</span> <span class='ocrx_word' id='word_1_359' title='bbox 1118 2047 1380 2092; x_wconf 87' lang='lat' dir='ltr'>Condiscipulos</span> <span class='ocrx_word' id='word_1_360' title='bbox 1400 2047 1520 2079; x_wconf 83' lang='lat' dir='ltr'>habuit</span> <span class='ocrx_word' id='word_1_361' title='bbox 1538 2048 1654 2080; x_wconf 91' lang='lat' dir='ltr'>Voco-</span> 
     </span>
     <span class='ocr_line' id='line_1_54' title="bbox 987 2100 1655 2139; baseline 0 -7"><span class='ocrx_word' id='word_1_362' title='bbox 987 2101 1081 2133; x_wconf 88' lang='lat' dir='ltr'>nium</span> <span class='ocrx_word' id='word_1_363' title='bbox 1103 2102 1198 2132; x_wconf 77' lang='lat' dir='ltr'>Rom.</span> <span class='ocrx_word' id='word_1_364' title='bbox 1219 2101 1266 2139; x_wconf 90' lang='grc' dir='ltr'>ΙΙ,</span> <span class='ocrx_word' id='word_1_365' title='bbox 1292 2101 1346 2138; x_wconf 83' lang='grc'>13,</span> <span class='ocrx_word' id='word_1_366' title='bbox 1367 2100 1400 2139; x_wconf 83' lang='grc'>5,</span> <span class='ocrx_word' id='word_1_367' title='bbox 1419 2108 1452 2131; x_wconf 83' lang='lat' dir='ltr'>et</span> <span class='ocrx_word' id='word_1_368' title='bbox 1468 2101 1565 2132; x_wconf 88' lang='lat' dir='ltr'>Rom.</span> <span class='ocrx_word' id='word_1_369' title='bbox 1582 2100 1655 2132; x_wconf 80' lang='lat' dir='ltr'>Fir-</span> 
     </span>
     <span class='ocr_line' id='line_1_55' title="bbox 987 2152 1653 2197; baseline 0.002 -12"><span class='ocrx_word' id='word_1_370' title='bbox 987 2166 1081 2185; x_wconf 83' lang='lat' dir='ltr'>mum</span> <span class='ocrx_word' id='word_1_371' title='bbox 1093 2178 1100 2192; x_wconf 83' lang='lat'>,</span> <span class='ocrx_word' id='word_1_372' title='bbox 1114 2164 1193 2197; x_wconf 79' lang='lat' dir='ltr'>erga</span> <span class='ocrx_word' id='word_1_373' title='bbox 1204 2165 1305 2197; x_wconf 88' lang='lat' dir='ltr'>quem</span> <span class='ocrx_word' id='word_1_374' title='bbox 1319 2152 1469 2184; x_wconf 83' lang='lat' dir='ltr'>liberalis</span> <span class='ocrx_word' id='word_1_375' title='bbox 1479 2160 1530 2184; x_wconf 85' lang='lat' dir='ltr'>est</span> <span class='ocrx_word' id='word_1_376' title='bbox 1544 2152 1579 2192; x_wconf 89' lang='lat' dir='ltr'>I,</span> <span class='ocrx_word' id='word_1_377' title='bbox 1598 2164 1653 2196; x_wconf 88' lang='lat'>19.</span> 
     </span>
     <span class='ocr_line' id='line_1_56' title="bbox 985 2204 1654 2250; baseline 0.001 -14"><span class='ocrx_word' id='word_1_378' title='bbox 985 2205 1078 2237; x_wconf 81' lang='lat' dir='ltr'>Alios</span> <span class='ocrx_word' id='word_1_379' title='bbox 1098 2217 1236 2249; x_wconf 85' lang='lat' dir='ltr'>quoque</span> <span class='ocrx_word' id='word_1_380' title='bbox 1256 2213 1443 2244; x_wconf 81' lang='lat' dir='ltr'>memorat,</span> <span class='ocrx_word' id='word_1_381' title='bbox 1462 2205 1521 2250; x_wconf 87' lang='lat' dir='ltr'>qui</span> <span class='ocrx_word' id='word_1_382' title='bbox 1538 2204 1654 2238; x_wconf 87' lang='lat' dir='ltr'>adole-</span> 
     </span>
     <span class='ocr_line' id='line_1_57' title="bbox 985 2257 1655 2295; baseline -0.001 -5"><span class='ocrx_word' id='word_1_383' title='bbox 985 2258 1149 2290; x_wconf 76' lang='lat' dir='ltr'>scentiam</span> <span class='ocrx_word' id='word_1_384' title='bbox 1170 2269 1265 2289; x_wconf 80' lang='lat' dir='ltr'>suam</span> <span class='ocrx_word' id='word_1_385' title='bbox 1286 2257 1524 2295; x_wconf 83' lang='lat' dir='ltr'>formaverint,</span> <span class='ocrx_word' id='word_1_386' title='bbox 1539 2265 1575 2289; x_wconf 90' lang='lat' dir='ltr'>ut</span> <span class='ocrx_word' id='word_1_387' title='bbox 1591 2257 1655 2289; x_wconf 93' lang='lat' dir='ltr'>Co-</span> 
     </span>
     <span class='ocr_line' id='line_1_58' title="bbox 985 2309 1653 2354; baseline 0.001 -13"><span class='ocrx_word' id='word_1_388' title='bbox 985 2309 1044 2341; x_wconf 65' lang='lat' dir='ltr'>rcl.</span> <span class='ocrx_word' id='word_1_389' title='bbox 1057 2310 1134 2341; x_wconf 84' lang='lat' dir='ltr'>Ruf.</span> <span class='ocrx_word' id='word_1_390' title='bbox 1150 2310 1180 2348; x_wconf 88' lang='grc' dir='ltr'>Ι,</span> <span class='ocrx_word' id='word_1_391' title='bbox 1196 2322 1207 2341; x_wconf 90' lang='grc'>1</span> <span class='ocrx_word' id='word_1_392' title='bbox 1219 2323 1250 2348; x_wconf 83' lang='lat'>2,</span> <span class='ocrx_word' id='word_1_393' title='bbox 1270 2309 1468 2354; x_wconf 81' lang='lat' dir='ltr'>12,Hispul.</span> <span class='ocrx_word' id='word_1_394' title='bbox 1486 2311 1559 2354; x_wconf 90' lang='lat' dir='ltr'>ejus</span> <span class='ocrx_word' id='word_1_395' title='bbox 1571 2321 1653 2342; x_wconf 86' lang='lat' dir='ltr'>uxo-</span> 
     </span>
     <span class='ocr_line' id='line_1_59' title="bbox 985 2361 1650 2405; baseline 0.002 -12"><span class='ocrx_word' id='word_1_396' title='bbox 985 2374 1057 2393; x_wconf 73' lang='lat' dir='ltr'>rem</span> <span class='ocrx_word' id='word_1_397' title='bbox 1071 2362 1109 2393; x_wconf 54' lang='lat' dir='ltr'>I&amp;</span> <span class='ocrx_word' id='word_1_398' title='bbox 1127 2386 1135 2400; x_wconf 86' lang='lat'>‚</span> <span class='ocrx_word' id='word_1_399' title='bbox 1151 2374 1204 2404; x_wconf 79' lang='lat'>19,</span> <span class='ocrx_word' id='word_1_400' title='bbox 1219 2374 1251 2405; x_wconf 73' lang='lat'>7,</span> <span class='ocrx_word' id='word_1_401' title='bbox 1264 2362 1360 2393; x_wconf 86' lang='lat' dir='ltr'>Arul.</span> <span class='ocrx_word' id='word_1_402' title='bbox 1372 2361 1537 2400; x_wconf 87' lang='lat' dir='ltr'>Rustic.I,</span> <span class='ocrx_word' id='word_1_403' title='bbox 1552 2370 1606 2402; x_wconf 68' lang='grc'>14,</span> <span class='ocrx_word' id='word_1_404' title='bbox 1620 2374 1650 2394; x_wconf 91' lang='lat'>1.</span> 
     </span>
     <span class='ocr_line' id='line_1_60' title="bbox 985 2413 1653 2459; baseline 0 -13"><span class='ocrx_word' id='word_1_405' title='bbox 985 2415 1084 2458; x_wconf 71' lang='lat' dir='ltr'>Spem</span> <span class='ocrx_word' id='word_1_406' title='bbox 1109 2413 1152 2446; x_wconf 81' lang='lat' dir='ltr'>(le.</span> <span class='ocrx_word' id='word_1_407' title='bbox 1162 2427 1196 2446; x_wconf 85' lang='lat' dir='ltr'>se</span> <span class='ocrx_word' id='word_1_408' title='bbox 1207 2427 1368 2459; x_wconf 80' lang='lat' dir='ltr'>magnam</span> <span class='ocrx_word' id='word_1_409' title='bbox 1384 2415 1574 2447; x_wconf 84' lang='lat' dir='ltr'>concitasse</span> <span class='ocrx_word' id='word_1_410' title='bbox 1589 2426 1653 2446; x_wconf 88' lang='lat' dir='ltr'>no-</span> 
     </span>
     <span class='ocr_line' id='line_1_61' title="bbox 987 2466 1653 2512; baseline 0.003 -15"><span class='ocrx_word' id='word_1_411' title='bbox 987 2473 1091 2497; x_wconf 79' lang='lat' dir='ltr'>strum</span> <span class='ocrx_word' id='word_1_412' title='bbox 1108 2492 1115 2505; x_wconf 87' lang='lat'>‚</span> <span class='ocrx_word' id='word_1_413' title='bbox 1137 2466 1215 2498; x_wconf 84' lang='lat' dir='ltr'>inde</span> <span class='ocrx_word' id='word_1_414' title='bbox 1235 2479 1373 2512; x_wconf 79' lang='lat' dir='ltr'>quoque</span> <span class='ocrx_word' id='word_1_415' title='bbox 1392 2474 1544 2510; x_wconf 84' lang='lat' dir='ltr'>apparet,</span> <span class='ocrx_word' id='word_1_416' title='bbox 1557 2466 1653 2511; x_wconf 85' lang='lat' dir='ltr'>quod</span> 
     </span>
     <span class='ocr_line' id='line_1_62' title="bbox 986 2519 1650 2563; baseline 0 -14"><span class='ocrx_word' id='word_1_417' title='bbox 986 2521 1135 2561; x_wconf 72' lang='lat' dir='ltr'>oppidum</span> <span class='ocrx_word' id='word_1_418' title='bbox 1145 2522 1278 2561; x_wconf 66' lang='lat' dir='ltr'>prcz‘diis</span> <span class='ocrx_word' id='word_1_419' title='bbox 1294 2519 1398 2563; x_wconf 83' lang='lat' dir='ltr'>ipsius</span> <span class='ocrx_word' id='word_1_420' title='bbox 1415 2520 1573 2557; x_wconf 79' lang='lat' dir='ltr'>vicinum,</span> <span class='ocrx_word' id='word_1_421' title='bbox 1598 2521 1650 2549; x_wconf 86' lang='lat' dir='ltr'>Ti-</span> 
     </span>
     <span class='ocr_line' id='line_1_63' title="bbox 976 2569 1652 2615; baseline 0 -14"><span class='ocrx_word' id='word_1_422' title='bbox 976 2574 1107 2614; x_wconf 45' lang='lat' dir='ltr'>fernum</span> <span class='ocrx_word' id='word_1_423' title='bbox 1126 2574 1302 2602; x_wconf 62' lang='lat' dir='ltr'>Tiberinum</span> <span class='ocrx_word' id='word_1_424' title='bbox 1319 2569 1425 2615; x_wconf 77' lang='lat' dir='ltr'>(quod</span> <span class='ocrx_word' id='word_1_425' title='bbox 1441 2572 1526 2602; x_wconf 75' lang='lat' dir='ltr'>Citcc&#39;z</span> <span class='ocrx_word' id='word_1_426' title='bbox 1541 2573 1575 2601; x_wconf 80' lang='lat' dir='ltr'>cli</span> <span class='ocrx_word' id='word_1_427' title='bbox 1594 2572 1652 2601; x_wconf 81' lang='lat' dir='ltr'>Ca-</span> 
     </span>
     <span class='ocr_line' id='line_1_64' title="bbox 985 2625 1651 2666; baseline -0.002 -12"><span class='ocrx_word' id='word_1_428' title='bbox 985 2626 1085 2665; x_wconf 71' lang='lat' dir='ltr'>stello)</span> <span class='ocrx_word' id='word_1_429' title='bbox 1101 2636 1192 2665; x_wconf 63' lang='lat' dir='ltr'>pct’ne</span> <span class='ocrx_word' id='word_1_430' title='bbox 1211 2625 1315 2654; x_wconf 66' lang='lat' dir='ltr'>adlam-</span> <span class='ocrx_word' id='word_1_431' title='bbox 1324 2636 1460 2665; x_wconf 78' lang='lat' dir='ltr'>pucrum</span> <span class='ocrx_word' id='word_1_432' title='bbox 1474 2632 1651 2666; x_wconf 76' lang='lat' dir='ltr'>patronum</span> 
     </span>
     <span class='ocr_line' id='line_1_65' title="bbox 986 2676 1334 2717; baseline 0.003 -10"><span class='ocrx_word' id='word_1_433' title='bbox 986 2678 1147 2717; x_wconf 63' lang='lat' dir='ltr'>cooptavit</span> <span class='ocrx_word' id='word_1_434' title='bbox 1164 2676 1229 2717; x_wconf 71' lang='lat' dir='ltr'>IV,</span> <span class='ocrx_word' id='word_1_435' title='bbox 1253 2687 1283 2715; x_wconf 82' lang='grc' dir='ltr'>Ι,</span> <span class='ocrx_word' id='word_1_436' title='bbox 1303 2680 1334 2715; x_wconf 65' lang='grc'>4.</span> 
     </span>
    </p>
   </div>
  </div>
 </body>
</html>
