1757 2880
589 105 746 148 VITA
780 103 1016 147 PLINII.

103 194 172 236 cui
195 193 302 248 urbe
319 190 518 233 excedere
534 191 673 246 jusso,
699 205 791 246 quae
811 189 1040 230 Domitiani
1067 188 1219 228 saevitia
1240 187 1343 240 fuit,
1370 203 1502 244 pecu-

104 265 236 314 niam,
257 277 339 318 qua
360 275 469 317 opus
491 270 601 312 erat,
627 275 650 299 a
669 259 956 316 locupletibus
979 268 1171 315 negatam
1190 290 1199 310 ,
1226 258 1314 313 ipse
1335 268 1503 298 mutua-

103 342 191 382 tus,
215 329 435 387 gratuitam
453 327 590 379 dedit,
615 328 702 379 III,
729 343 743 367 1
758 343 772 367 1
790 359 800 379 ,
824 343 844 367 2
865 359 874 375 ,
896 328 939 367 in
959 325 1212 379 Quintiliani
1235 325 1504 381 praeceptoris

103 400 231 440 filiam
246 431 256 451 ,
279 398 398 453 cujus
419 397 558 438 dotem
586 396 702 436 auxit
716 397 772 436 VI
787 428 798 447 ,
826 396 878 436 32
893 429 903 448 ,
932 397 974 436 in
999 395 1220 436 Corelliam
1236 426 1246 445 ,
1268 395 1336 434 cui
1355 409 1505 451 agrum

102 469 259 509 minori
290 468 425 524 pretio
457 465 645 507 vendidit
664 466 772 513 VII,
804 481 875 517 11,
911 476 953 505 et
979 468 1052 517 14,
1089 465 1131 504 in
1159 464 1401 516 Calvinam,
1435 463 1507 503 cui

104 539 233 594 patris
260 537 400 578 debita
426 536 588 577 remisit
615 535 679 586 II,
712 538 761 587 4,
800 550 821 574 2
848 535 949 591 (52).
980 535 1055 575 His
1083 534 1272 574 moribus
1296 532 1385 589 (33)
1412 547 1506 574 om-

105 610 223 649 nium
249 609 462 649 bonorum
494 605 829 647 benevolentiam
857 606 1101 647 conciliavit
1125 603 1240 660 (34),
1267 603 1437 659 Trajani
1463 603 1507 643 in

1407 117 1500 147 LVII

104 679 280 735 primis,
308 677 424 734 apud
447 693 573 733 quem
595 676 726 734 gratia
744 677 874 717 valuit
896 676 986 732 (35)
1002 707 1011 723 ,
1039 691 1121 732 qua
1147 674 1198 715 ad
1218 674 1399 715 aliorum
1422 688 1508 713 ma-

104 749 164 806 gis
182 747 404 790 commoda
417 780 427 798 ,
449 763 576 804 quarn
594 747 647 787 ad
664 763 737 788 sua
756 762 855 787 usus
874 758 934 788 est
950 745 1055 803 (36).
1075 745 1209 786 Multa
1231 746 1344 785 enim
1365 744 1509 784 multis

103 819 368 876 impetravit,
396 819 628 874 peregrinis
646 820 713 873 jus
740 818 917 857 civitatis
936 818 975 857 X
993 849 1003 868 ,
1033 820 1082 867 4,
1111 827 1152 857 et
1179 816 1230 867 63
1258 815 1420 855 libertis
1443 815 1510 868 jus

106 890 337 943 Quiritium
367 890 433 942 X,
470 893 520 941 4,
551 900 591 929 et
622 889 728 939 1053
761 888 955 928 Voconio
989 888 1183 927 Romano
1215 884 1511 940 condiscipulo

102 961 170 1015 jus
197 961 323 1001 trium
354 960 589 1000 liberorum
617 960 680 1007 II,
717 959 792 1011 13,
829 959 852 998 8
870 991 881 1010 ,
916 969 958 998 et
981 958 1233 998 senatoriam
1262 955 1511 1011 dignitatem

106 1031 171 1081 X,
197 1031 220 1070 3
237 1062 248 1082 ,
276 1046 323 1082 23
349 1031 480 1070 Accio
507 1030 623 1069 Surae
646 1040 868 1085 praeturam
892 1029 954 1078 X,
984 1043 1031 1082 7,
1061 1038 1102 1067 et
1125 1027 1215 1066 aliis
1236 1026 1326 1065 alia.
1351 1025 1504 1064 Amici·

105 1101 207 1140 tiam
235 1115 331 1140 cum
360 1099 526 1155 optimo
562 1113 733 1154 quoque
759 1097 890 1138 coluit
920 1096 1034 1153 (37),
1066 1096 1190 1136 etiam
1216 1094 1410 1151 periculo
1436 1107 1513 1133 suo

107 1170 193 1220 III,
222 1185 235 1209 1
251 1185 265 1209 1
280 1201 290 1220 ,
314 1185 335 1209 2
354 1201 365 1221 ,
390 1184 448 1224 sq.
472 1168 782 1223 (38),-maxime
805 1182 902 1207 cum
931 1167 1100 1206 literatis
1119 1177 1158 1206 et
1179 1165 1419 1205 studiorum
1445 1178 1514 1203 so-

109 1240 204 1291 ciis,
226 1240 267 1278 in
289 1239 442 1294 quibus
461 1238 656 1277 Tacitum
678 1237 817 1293 primo
838 1237 931 1276 loco
945 1267 956 1287 ,
977 1246 1017 1275 et
1034 1250 1168 1292 prope
1189 1249 1325 1274 unum
1343 1233 1514 1282 habuit,

110 1324 234 1365 quern
263 1323 285 1348 e
311 1308 412 1347 vivis
445 1307 733 1357 aemularetur,
775 1305 894 1362 quod
919 1305 1062 1362 paullo
1089 1306 1223 1361 major
1254 1315 1370 1345 aetate
1400 1313 1512 1351 erat,

62 1393 64 1396 ’
106 1378 212 1431 VII,
238 1393 314 1428 20,
343 1381 368 1428 4
385 1409 396 1429 ,
422 1392 549 1433 quem
574 1377 699 1417 etiam
726 1377 921 1433 ingenio,
950 1375 1163 1421 doctrina,
1195 1374 1430 1415 honoribus
1454 1383 1516 1414 est

108 1459 380 1504 assequutus3
418 1448 538 1503 isque
562 1447 743 1487 vicissim
782 1447 888 1486 tanti
924 1446 1112 1486 Plinium
1140 1445 1261 1497 fecit,
1300 1455 1348 1484 ut
1381 1443 1515 1484 libros

107 1533 205 1558 suos
224 1516 514 1557 emendandos
534 1516 572 1556 ei
590 1517 780 1556 crederet
802 1516 876 1555 VII
891 1548 901 1566 ,
924 1530 999 1567 20,
1024 1531 1054 1556 1.
1084 1515 1138 1554 Hi
1161 1514 1375 1555 duumviri
1394 1514 1513 1570 prin-

110 1588 294 1644 cipatum
322 1587 365 1626 in
392 1587 523 1627 literis
548 1598 748 1637 tenuere,
776 1597 824 1626 ut
841 1602 927 1626 una
946 1587 1284 1637 nominarentur,
1305 1599 1438 1641 quum
1465 1583 1517 1624 de

110 1657 262 1698 studiis
287 1672 426 1697 sermo
447 1668 552 1698 esset
570 1656 675 1707 VII,
704 1671 780 1707 20,
809 1672 829 1697 a
846 1689 855 1707 ‚
883 1657 927 1696 in
953 1657 1031 1697 hos
1055 1667 1302 1712 conjectura
1329 1655 1517 1695 ferretur

110 1728 144 1768 si
171 1727 224 1768 de
245 1727 376 1767 doctis
402 1741 489 1766 non
516 1727 746 1767 nominatis
773 1738 879 1767 esset
904 1727 1078 1768 ferenda
1106 1727 1189 1778 IX,
1221 1726 1289 1777 23,
1320 1725 1358 1766 3.
1387 1725 1517 1764 Caete-

156 1836 227 1878 (32)
251 1834 291 1866 In
316 1834 486 1866 Metilium
512 1833 697 1878 Crispum,
723 1834 779 1867 cui

111 1886 250 1920 ordines
264 1887 516 1932 impetraverat,
528 1895 560 1919 et
573 1885 780 1931 quadragin-

112 1948 145 1972 ta
163 1939 271 1971 millia
291 1951 472 1972 nummum
493 1941 597 1983 (2000
609 1938 641 1970 ss.
654 1938 778 1982 Rhen.)

113 1992 156 2025 ad
183 1991 421 2024 instruendum
455 2004 489 2024 se
516 1991 782 2036 ornandumque

114 2044 301 2077 donaverat
311 2045 376 2084 VI,
393 2046 448 2085 25,
466 2058 481 2077 2
499 2056 506 2076 :
522 2045 556 2077 in
569 2043 781 2083 Modestum,

114 2097 170 2130 cui
192 2096 380 2129 libertatem
401 2097 505 2130 dubie
527 2097 672 2142 legatam
694 2097 783 2129 ultro

114 2148 211 2182 dedit
229 2149 294 2187 IV,
319 2162 357 2182 xo
378 2161 385 2181 :
410 2150 444 2182 in
464 2149 637 2182 nutricem
663 2161 759 2181 suam
774 2173 782 2188 ‚

116 2201 171 2234 cui
194 2201 344 2246 agellum
359 2209 497 2235 centum
515 2202 661 2235 millium
688 2213 785 2233 num-

115 2265 211 2285 mum
231 2253 339 2295 (5000
354 2253 475 2286 floren.
492 2254 622 2296 Rhen.)
643 2252 785 2286 donavit

120 2306 169 2337 vl
181 2330 189 2345 ‚
206 2306 223 2338 ἲ

164 2357 235 2401 (33)
249 2357 345 2398 Quos
364 2357 480 2402 gloriae
500 2356 612 2390 studio
630 2357 786 2390 incitatos

119 2409 222 2442 fuisse
233 2434 242 2450 ‚
258 2422 327 2442 non
343 2409 533 2442 dissimulat
542 2409 609 2442 VII
622 2434 630 2449 ,
647 2409 703 2449 33,
715 2410 788 2453 (ubi

118 2462 320 2494 Ciceronem
337 2473 436 2493 suum
460 2461 610 2494 imitatus
634 2461 716 2493 fam.
738 2461 785 2501 V,

122 2515 191 2555 12),
211 2513 305 2546 cons.
324 2513 396 2553 VI,
414 2526 469 2556 29,
488 2512 521 2545 3.
539 2514 654 2554 Quam
670 2521 785 2546 tamen

119 2577 158 2598 ea
172 2566 207 2598 in
226 2578 263 2598 re
276 2565 547 2599 moderationem
563 2565 719 2599 adhiberi
734 2578 789 2598 ve-

120 2617 176 2657 lit,
197 2617 298 2651 docet
325 2619 340 2650 I
356 2644 364 2658 ‚
388 2619 430 2657 8,
455 2620 513 2655 13,
535 2631 586 2663 sq.
619 2619 785 2650 Caetcrum

845 1834 1064 1879 imperatoris
1091 1845 1231 1879 quoque
1253 1832 1369 1877 gloriae
1388 1843 1424 1864 se
1446 1838 1516 1864 stu-

845 1886 981 1919 diosum
1000 1885 1149 1919 ostendit
1165 1885 1351 1931 praesertim
1366 1885 1411 1924 Χ,
1429 1884 1484 1917 50.

891 1942 962 1983 (34)
978 1940 1108 1980 Quanti
1128 1938 1226 1972 illum
1245 1938 1417 1971 Corellius
1432 1938 1520 1970 fece-

847 1992 914 2031 rit,
935 1992 1081 2038 explicat
1104 1992 1169 2031 IV,
1194 2003 1248 2035 17,
1272 1995 1289 2022 S
1316 2002 1323 2022 :
1345 2002 1417 2023 esse
1431 2017 1439 2033 ,
1459 1991 1520 2036 qui

847 2057 883 2078 se
899 2045 1076 2078 imitentur
1091 2069 1099 2083 ,
1117 2043 1243 2089 gaudet
1260 2043 1326 2082 VI,
1350 2057 1361 2074 1
1373 2055 1403 2076 1.

895 2098 966 2141 (35)
983 2098 1052 2139 Qui
1066 2097 1180 2142 ipsum
1196 2097 1231 2129 in
1251 2096 1435 2130 consilium
1449 2108 1520 2128 non

850 2162 1030 2195 nunquam
1055 2149 1217 2182 adhibuit
1251 2149 1286 2182 in
1319 2148 1523 2194 cognitioni-

850 2203 939 2242 bus;
960 2215 995 2235 v.
1016 2215 1049 2247 g.
1071 2203 1136 2241 IV,
1158 2214 1196 2233 22
1211 2227 1220 2241 ‚
1244 2214 1255 2234 1
1272 2226 1280 2241 ,
1301 2201 1385 2233 etin
1402 2200 1523 2233 rescri-

851 2255 917 2299 ptis
935 2255 1003 2287 sujs
1014 2279 1022 2294 ‚
1039 2254 1126 2286 libro
1141 2253 1276 2287 decimo
1293 2252 1522 2298 comprehen-

852 2319 896 2339 S1s
909 2332 916 2345 ,
937 2314 1060 2340 tractat
1075 2314 1322 2339 amantissime.

899 2361 969 2402 (36)
985 2360 1118 2392 Tamen
1137 2359 1239 2392 etiam
1258 2358 1302 2391 ad
1318 2370 1379 2390 sua
1399 2369 1406 2389 τ
1423 2365 1460 2389 ut
1480 2356 1524 2390 ad

848 2414 905 2458 jus
921 2413 1025 2445 trium
1043 2412 1231 2444 liberorum
1243 2412 1287 2449 X,
1308 2423 1341 2449 2,
1360 2408 1404 2442 ad
1418 2422 1525 2454 augu-

852 2473 966 2498 ratum
983 2466 1028 2504 X,
1046 2466 1080 2504 8,
1095 2472 1160 2498 etc.

899 2519 970 2562 (37)
978 2518 1084 2551 Suum
1095 2517 1129 2549 in
1138 2514 1320 2549 laudandis
1330 2514 1450 2547 amicis
1459 2520 1526 2545 stu·

853 2569 949 2602 dium
973 2570 1175 2602 suavissime
1197 2575 1337 2601 excusat
1352 2568 1435 2605 VII,
1454 2566 1505 2598 28.

902 2622 972 2668 (38)
988 2621 1066 2654 Vid.
1090 2621 1131 2654 ad
1153 2620 1342 2666 proximam
1362 2626 1479 2652 notam
1498 2617 1523 2649 f.
