1742 2989
549 187 896 232 EPISTOLA
931 187 1089 229 XXX.

1424 185 1508 238 441

117 284 196 313 suo
217 269 316 329 jure
341 268 594 311 abutuntur.
615 271 750 312 Instat
771 278 812 311 et
835 268 1064 311 necessitas
1086 281 1289 326 agrorum
1312 264 1514 308 locando-

117 357 212 388 rum
243 356 452 401 perquam
479 339 682 384 molesta:
709 341 817 384 adeo
846 356 992 384 rarum
1023 349 1085 382 est
1112 338 1306 382 invenire
1334 337 1514 381 idoneos

116 409 420 456 conductores!
445 413 618 469 Quibus
648 430 699 457 ex
725 415 884 457 caussis
914 413 1111 473 precario
1138 411 1289 454 studeo
1322 427 1330 453 :

1362 410 1513 454 studeo
1540 419 1562 456 4

116 495 263 529 tamen
283 504 291 530 ε
320 502 419 529 nam
443 496 484 529 et
509 487 651 530 scribo
678 486 841 547 aliquid
863 495 905 529 et
925 485 1020 545 lego
1043 501 1053 528 z
1075 483 1148 527 sed
1170 500 1302 544 quum
1327 482 1443 542 lego,
1464 498 1516 526 ex

116 561 442 621 comparatione
473 561 634 614 sentio,
666 577 799 620 quam
828 559 939 602 male
968 557 1174 611 seribam3
1206 555 1305 599 licet
1337 565 1384 598 tu
1410 554 1517 597 mihi

115 631 280 675 bonum
308 633 503 675 animum
535 629 689 687 facias,
715 633 790 692 qui
818 631 983 675 libellos
1008 646 1127 673 meos
1150 629 1202 672 de
1223 628 1388 672 ultione
1414 626 1515 670 Hel-

115 704 218 747 vidii
253 706 440 747 orationi
476 705 785 748 Demosthenis
820 704 927 748 κατὰ
955 699 1122 747 Μειδίου
1155 701 1350 757 eonfers3
1387 717 1517 760 quam
1543 710 1560 740 5

115 792 240 830 sane,
264 795 397 837 quum
423 794 732 838 componerem
756 776 871 833 illos,
894 776 1027 819 habui
1049 776 1092 818 in
1114 775 1333 824 manibus,
1355 790 1444 816 non
1471 783 1520 816 ut

114 849 342 892 aemularer
356 849 627 909 (improbum
654 851 769 892 enim
797 865 846 892 ac
873 865 992 909 paene
1014 845 1351 905 furiosuln)‚sed
1372 856 1520 889 tamen

114 921 309 964 imitarer
333 931 375 964 et
395 938 620 982 sequerer,
643 932 856 983 quantum
882 932 956 965 aut
977 920 1202 964 diversitas
1220 919 1521 979 ingeniorum,

115 995 292 1037 maximi
326 1004 403 1039 aut
438 996 631 1052 minimi,
663 1006 735 1039 aut
762 1012 920 1039 caussae
945 992 1252 1038 dissimilitudo
1284 1000 1519 1052 pateretur.

116 1065 238 1109 Vale.

114 1191 202 1225 illud
217 1207 273 1225 suo
283 1196 355 1237 jure
369 1195 499 1229 indicat
512 1221 520 1236 ,
538 1199 630 1229 abaci
645 1196 701 1231 hic
715 1210 785 1231 non

117 1244 161 1277 ad
174 1245 334 1280 vitiosum
356 1256 388 1280 et
406 1249 535 1281 malum
560 1263 658 1283 usum
682 1251 785 1295 perti-

116 1308 214 1337 nere;
229 1299 289 1332 sed
300 1300 384 1332 nihil
394 1301 488 1334 aliud
499 1302 564 1335 sihi
573 1303 671 1345 velle,
681 1315 785 1348 quam

116 1360 181 1394 pro
198 1351 340 1385 arbitrio
355 1361 387 1385 et
401 1354 622 1387 vehementer
639 1357 701 1388 uti.
717 1355 761 1388 G.

165 1407 198 1442 4.
224 1407 346 1436 Bonum
363 1408 641 1450 (mimumfacere,
660 1407 788 1440 addere

118 1455 213 1487 alteri
235 1457 400 1490 animum.
431 1460 496 1491 En.
530 1479 566 1484 —-
589 1462 724 1491 Libellos
750 1461 788 1491 de

119 1509 237 1538 ultione
253 1511 399 1542 Helvidii.
417 1510 465 1542 De
479 1511 607 1555 quibus
620 1536 629 1550 ,
645 1512 692 1543 IX
707 1538 715 1551 ‚
735 1512 786 1544 13.

121 1561 233 1591 Oratio
262 1563 479 1593 Demosthenis
507 1572 622 1593 contra
652 1565 788 1594 Midiam

119 1619 227 1643 exstat
241 1638 248 1652 ‚
270 1624 348 1645 eum
363 1637 370 1652 ‚
389 1625 408 1646 a
422 1626 490 1658 quo
503 1621 620 1647 orator
634 1615 787 1648 Baccha-

118 1662 291 1695 naliorum
314 1663 369 1696 die
388 1665 474 1697 festo
495 1666 618 1711 pugnis
639 1667 673 1698 in
692 1667 787 1699 thea-

120 1721 173 1746 tro
193 1727 298 1747 caesus
318 1716 441 1750 fuerat.
463 1717 506 1750 G.

168 1767 199 1799 5.
211 1770 442 1801 AEmularer....
453 1770 727 1802 imitarerNerba
738 1782 788 1802 sa-

121 1818 163 1850 tis
180 1818 309 1865 alioqui
327 1821 446 1853 vicinae
463 1821 720 1866 significationis
734 1822 791 1855 hic

121 1869 392 1916 distinguuntur,
414 1881 450 1906 ut
471 1877 619 1907 (emulari
639 1874 792 1907 studium

851 1195 1053 1242 exaequanrli
1067 1221 1076 1236 ‚
1108 1195 1161 1228 vel
1192 1191 1377 1239 superandi
1411 1191 1498 1225 adeo
1511 1218 1522 1234 ,

853 1249 952 1283 simul
968 1248 1095 1281 indicet
1111 1259 1119 1287 ;
1135 1249 1257 1278 imitari
1269 1253 1383 1278 autem
1397 1244 1424 1277 is
1440 1256 1522 1288 quo-

854 1315 920 1348 que
933 1301 1082 1340 dicatur,
1094 1300 1153 1345 qui
1168 1298 1343 1344 adspirare
1357 1295 1400 1330 ad
1412 1308 1524 1341 aequa-

853 1357 919 1388 lem
932 1354 1077 1400 gloriam
1089 1352 1228 1386 minime
1240 1350 1385 1389 audeat,
1400 1347 1458 1381 sed
1470 1360 1524 1381 ve-

855 1408 950 1453 stigia
966 1415 1099 1439 tantum
1117 1404 1234 1450 magni
1250 1402 1313 1435 wiri
1328 1401 1460 1434 adoret.
1477 1398 1521 1432 G.

855 1481 899 1484 —-
910 1461 1119 1491 Masimiaut
1128 1459 1260 1488 minimi.
1273 1455 1374 1486 Forle
1387 1450 1523 1497 legend-

855 1512 992 1543 maximi
1017 1520 1047 1541 ec
1076 1510 1207 1540 minimi.
1227 1506 1271 1539 G.
1296 1526 1340 1531 —-
1364 1504 1500 1537 Cortius
1515 1528 1524 1543 ‚

855 1562 952 1594 nulla
975 1561 1138 1594 varietate
1163 1565 1281 1592 notata
1297 1582 1305 1597 ,
1332 1559 1469 1588 maximi
1497 1565 1526 1587 ec

857 1616 988 1647 minimi.
1015 1611 1119 1653 Quod
1141 1611 1241 1644 unice
1261 1621 1394 1642 verum.
1416 1607 1471 1640 Sic
1494 1614 1526 1639 et

855 1665 1041 1710 Gierigffis,
1059 1663 1140 1696 nihil
1161 1673 1305 1695 monens
1324 1660 1366 1693 de
1380 1659 1526 1692 diversi-

855 1726 922 1750 tate
942 1717 1110 1749 lectionis.
1132 1716 1165 1749 S.
1179 1735 1223 1740 —
1240 1716 1366 1746 Caussae
1387 1713 1525 1744 dissimi-

855 1772 956 1803 litudo
965 1779 1141 1812 pateretur.
1153 1768 1271 1808 Quum
1281 1764 1526 1798 Demosthenes

859 1834 935 1855 suas
968 1821 1079 1854 ultum
1109 1820 1254 1866 injurias
1288 1825 1342 1852 eat
1359 1842 1368 1858 ‚
1398 1816 1526 1850 alienas

860 1874 1004 1907 Plinius.
1023 1873 1066 1907 G.
