1742 2989
593 214 934 256 EPISTULA
969 213 1050 254 [X.
1410 212 1494 257 301

103 297 306 350 decessit,
329 295 433 339 dum
457 311 507 338 ex
531 303 748 355 quaestura
769 294 881 337 redit
903 311 910 337 :
932 294 1116 337 decessit
1137 302 1282 336 autem
1312 295 1355 336 in
1378 296 1502 347 navi,

103 369 255 431 procul
285 386 308 413 a
338 368 467 412 fratre
498 368 821 421 amantissimo,
852 367 1003 427 procul
1032 383 1057 410 a
1088 376 1254 421 matre,
1282 384 1306 409 a
1339 369 1502 410 sorori-

103 444 198 486 bus.
221 442 340 487 Nihil
368 443 446 484 ista
474 441 528 484 ad
554 451 775 484 mortuum
803 441 1049 501 pertinent,
1076 440 1149 484 sed
1172 441 1502 500 pertinuerunt,

103 532 238 576 quum
265 524 511 558 moreretur
537 531 546 556 t
572 515 791 574 pertinent
816 514 868 556 ad
896 514 996 567 hos,
1019 514 1094 573 qui
1116 522 1363 573 supersunt.
1389 515 1503 567 Jam,

103 588 222 648 quod
252 589 294 630 in
326 587 430 630 flore
458 587 600 647 primo
627 597 755 630 tantae
782 586 939 630 indolis
959 587 1134 647 juvenis
1160 586 1398 629 exstinctus
1421 595 1505 637 est,

105 676 271 704 summa
294 669 668 720 consequuturus,
688 662 721 703 si
742 662 923 703 virtutes
943 661 1033 720 ejus
1054 660 1379 703 maturuissent.
1401 661 1503 715 Quo

106 732 174 777 ille
196 734 439 777 studiorum
470 750 616 777 amore
647 731 879 794 flagrabat!
903 744 1117 794 quantum
1144 731 1267 793 legit!
1289 743 1505 794 quantum

103 807 232 850 etiam
260 804 451 867 scripsit!
472 824 567 867 quae
595 824 712 850 nunc
737 808 883 850 onmia
906 824 1003 850 cum
1032 808 1125 868 ipso
1146 807 1237 851 sine
1264 807 1410 851 fructu
1429 824 1504 867 po-

105 879 310 923 steritatis
339 890 562 923 aruerunt.
592 880 675 923 Sed
705 880 811 940 quid
841 897 922 940 ego
948 880 1153 940 indulgeo
1179 879 1352 924 dolori?
1376 882 1445 924 cui
1471 881 1504 923 si

105 950 248 995 frenos
280 954 496 1006 remittas,
532 952 649 996 nulla
685 954 865 996 materia
898 970 987 996 non
1026 955 1214 997 maxima
1250 964 1325 998 est.
1352 955 1504 997 Finem

105 1025 294 1084 epistolae
327 1026 481 1069 faciam
500 1061 510 1079 ‚
540 1036 586 1069 ut
616 1026 754 1070 faeere
787 1028 947 1087 possim
980 1029 1112 1070 etiam
1147 1027 1370 1088 lacrymis,
1399 1044 1506 1088 quas

106 1097 287 1156 epistola
313 1099 534 1159 expressit.
551 1098 672 1143 Vale.

108 1230 193 1262 VIII
203 1254 212 1269 ,
227 1243 283 1276 ep.
303 1231 343 1263 23
356 1255 364 1268 ‚
382 1230 446 1262 ΕΙ).
459 1251 504 1254 —
514 1234 653 1262 Decessit
666 1242 771 1263 autem

107 1285 138 1314 ιή
154 1286 237 1315 navi.
251 1285 347 1316 Rom.
368 1286 509 1315 Decessit
523 1286 554 1315 in
573 1287 655 1316 navi.
671 1284 715 1317 H.
728 1305 772 1309 -—

108 1335 197 1369 Bene
215 1347 222 1368 ε
245 1335 362 1381 sicque
384 1336 486 1369 etiam
505 1337 563 1369 alii
582 1337 656 1369 libri
676 1338 773 1369 honae

108 1396 206 1421 uotae.
243 1388 371 1433 Repetit
391 1388 569 1422 Secundus
598 1390 640 1422 ab
659 1389 774 1423 amieo

108 1441 170 1473 sibi
179 1453 225 1474 sel
236 1441 320 1486 ipta‚
332 1453 401 1473 non
411 1442 480 1486 ipse
490 1441 539 1474 illi
551 1450 679 1475 narrat.
690 1441 774 1475 Ideo

106 1503 212 1525 antem
229 1493 284 1526 hic
302 1494 551 1540 importunum.
569 1496 603 1528 S.

154 1550 188 1585 4.
203 1550 294 1585 Iam,
313 1550 402 1589 quod
415 1550 457 1579 in.
474 1548 524 1580 Ex
543 1548 775 1593 superioribus

109 1598 152 1631 ita
181 1599 348 1643 explenda
379 1600 510 1641 oratio,
529 1606 602 1633 Jam
627 1604 708 1633 illud
729 1605 775 1634 Iu-

108 1662 250 1684 ctuosum
277 1663 338 1691 esc,
364 1662 428 1686 etc.
447 1653 490 1686 G.
506 1675 550 1678 —
566 1655 677 1687 Immo
694 1667 775 1699 sup-

110 1702 274 1748 plendum
286 1728 295 1744 ‚
311 1718 408 1747 quam
426 1707 600 1737 luctuosum
615 1717 669 1738 est.
682 1702 775 1746 ῥῆσις

110 1757 181 1788 haec
189 1764 238 1789 est
246 1757 458 1790 exclamatio.
469 1757 523 1790 Sic
531 1758 639 1791 Graeci
648 1774 710 1794 κατ
719 1750 776 1793 ’ἔλ-

109 1811 205 1854 λειψιν
218 1813 260 1844 Τὸ
276 1808 313 1844 δὲ
325 1837 334 1852 ,
354 1823 448 1855 sequ.
467 1820 614 1845 accusat.
633 1825 710 1845 cum
727 1813 777 1844 in-

109 1861 256 1895 finitivo.
278 1863 311 1896 S.
325 1863 491 1895 —Etiam
510 1863 545 1895 in
565 1865 661 1898 Rom.
683 1869 774 1902 Iam,

838 1234 927 1274 quod
943 1234 1065 1278 inflore
1077 1235 1195 1274 primo,
1216 1232 1367 1273 Deinde,
1388 1235 1422 1264 Si
1442 1236 1508 1264 vir-

839 1295 918 1317 tutes
934 1287 1000 1328 ejus
1018 1288 1252 1318 maturuissenc.
1275 1288 1370 1328 Quod
1383 1288 1447 1318 ille.
1462 1285 1507 1317 Η,

885 1341 1080 1381 ——Scripsit.
1101 1338 1167 1372 Sed
1183 1351 1251 1371 non
1273 1338 1381 1372 edidit
1402 1350 1409 1371 :
1427 1339 1509 1371 alio—

840 1390 899 1435 qui
914 1403 983 1423 non
999 1392 1166 1424 aruissent
1180 1391 1252 1424 sine
1271 1392 1388 1424 fructu
1401 1399 1513 1436 poste-

839 1442 960 1476 ritatis.
990 1443 1174 1484 Editurus‚
1198 1444 1341 1489 opinor,
1365 1451 1460 1484 erat,
1483 1445 1511 1477 si

841 1495 935 1540 prius
948 1497 1173 1541 expolivisset.
1190 1497 1222 1530 S.

890 1550 922 1582 5.
940 1551 998 1580 Cui
1017 1551 1167 1593 sifrenos
1177 1573 1276 1581 .....
1287 1559 1341 1581 est.
1366 1549 1444 1581 Non
1463 1561 1513 1581 re-

842 1600 1091 1646 prehenderem
1127 1601 1326 1635 Secundum
1342 1627 1350 1641 ‚
1383 1602 1411 1634 si
1441 1601 1512 1633 haec:

843 1654 1022 1687 omisisset.
1032 1654 1158 1686 Parum
1166 1654 1358 1686 humanum
1367 1653 1513 1693 videtur,

842 1707 876 1739 in
888 1714 956 1739 tam
968 1706 1117 1739 luctuosi
1130 1719 1229 1739 casus
1243 1706 1513 1751 comploratione

842 1758 970 1791 addere
984 1784 992 1798 ‚
1013 1757 1124 1791 dolori
1143 1772 1213 1792 nou
1239 1758 1512 1803 indulgendum,

842 1814 944 1854 quod,
968 1811 993 1843 si
1015 1811 1128 1844 frenos
1156 1812 1202 1844 illi
1224 1812 1396 1851 remittas,
1417 1813 1511 1842 eciam

844 1865 985 1896 Ieviordo
990 1866 1078 1895 lenda'
1085 1877 1196 1896 caussa
1205 1866 1449 1908 gravissimctfia
1454 1873 1474 1894 t.
1480 1863 1511 1895 ΞΑ

1536 886 1552 917 <51
