1742 2989
541 187 885 231 EPISTOLA
920 190 1067 232 VIII.
1462 212 1513 257 19

112 267 230 309 boris
249 301 259 321 ‚
284 276 327 309 et
351 266 459 308 mihi
484 266 683 326 exigendi
710 270 1016 313 verecundiam
1043 271 1253 316 sustulisti
1278 290 1287 317 :
1311 291 1410 330 nam
1436 295 1516 321 nec
1545 303 1559 320 2

112 356 180 383 me
210 338 359 382 timide
394 340 456 382 uti
492 340 615 383 decet
642 357 718 392 e0‚
750 343 867 402 quod
896 344 1090 387 oblatum
1119 357 1205 402 est⁷
1237 364 1315 392 nec
1343 359 1384 393 te
1415 367 1513 411 gra-

110 413 222 466 vari,
259 412 377 473 quod
412 412 717 474 depoposcisti.
759 418 860 460 Non
902 427 963 461 est
1006 428 1174 473 tamen,
1197 422 1315 481 quod
1348 424 1401 466 ab
1434 425 1515 467 ho·-

108 486 224 528 mine
244 485 458 530 desidioso
475 487 637 548 aliquid
653 489 753 531 novi
771 491 914 549 operis
931 503 1163 553 exspectes.
1182 497 1402 540 Petiturus
1420 516 1514 542 sum

106 560 247 614 enim,
281 569 330 603 ut
364 577 512 604 rursus
547 577 673 605 vaces
705 565 922 615 sermoni,
951 581 1081 625 quem
1119 567 1235 628 apud
1273 571 1517 631 municipes

105 650 224 677 meos
240 633 396 686 habui,
413 633 723 678 bibliothecam
744 635 1036 681 dedicaturus.
1055 640 1239 683 Memini
1259 642 1460 701 quidem,
1476 654 1516 687 te
1543 654 1560 683 :5

101 706 194 766 jam
219 707 416 767 quaedam
438 708 668 752 adnotasse
683 744 693 763 ,
719 709 793 752 sed
814 711 1074 770 generaliter
1095 730 1104 756 ε
1129 713 1226 757 ideo
1247 732 1365 759 nunc
1389 734 1516 778 rogo,

104 789 153 822 ut
189 796 278 822 non
314 789 487 823 tantum
519 782 792 825 universitati
827 784 919 843 ejus
953 785 1176 840 attendas⁷
1196 803 1351 831 verum
1384 791 1514 833 etiam

103 852 360 912 particulas,
382 870 468 914 qua
490 854 600 898 soles
628 854 755 907 lima,
781 859 1069 917 persequaris.
1093 860 1188 903 Erit
1209 862 1325 904 enim
1351 872 1392 905 et
1420 875 1517 923 post.

103 926 454 970 emendationem
483 926 667 971 liberum
693 929 819 972 nobis
844 930 909 973 vel
937 931 1160 991 publicare
1186 933 1250 977 vel
1275 937 1515 980 continere.

103 999 225 1055 Quin
257 1000 392 1043 immo
423 1000 605 1044 fortasse
638 1002 752 1045 hanc
786 1004 924 1062 ipsam
959 1007 1285 1049 cunctationem
1320 1019 1513 1053 nostram
1543 1028 1561 1060 ,ῑ

102 1072 147 1113 in
167 1071 423 1116 alterutram
443 1074 704 1117 sententiam
726 1076 1045 1120 emendationis
1064 1080 1175 1121 ratio
1194 1079 1402 1135 deducet,
1421 1100 1517 1142 quae

103 1154 181 1188 aut
212 1145 444 1206 indignum
472 1146 686 1203 editione,
716 1148 820 1191 dum
849 1151 1006 1209 saepius
1035 1161 1269 1209 retractat,
1294 1155 1515 1201 inveniet:

103 1228 180 1261 aut
213 1218 424 1279 dignum,
454 1219 558 1263 dum
599 1220 644 1263 id
681 1222 823 1281 ipsum
856 1224 1104 1282 experitur,
1133 1226 1308 1269 efficiet.
1342 1228 1516 1284 Quam-
1545 1235 1560 1265 5

102 1308 235 1351 quam
257 1293 388 1352 hujus
412 1294 705 1337 cunctationis
729 1311 832 1337 meae
857 1311 1017 1339 caussae
1039 1313 1128 1339 non
1151 1308 1236 1341 tam
1261 1299 1304 1340 in
1326 1301 1517 1360 scriptis,

103 1381 235 1424 quam
262 1366 308 1407 in
335 1366 429 1425 ipso
452 1367 644 1409 materiae
670 1383 831 1426 genere
857 1370 1115 1413 consistunt.
1140 1372 1216 1413 Est
1243 1371 1358 1413 enim
1384 1373 1517 1433 paulo

103 1437 337 1498 gloriosius
374 1448 415 1481 et
450 1438 614 1482 elatius.
643 1440 859 1483 Onerabit
891 1441 975 1483 hoc
1010 1441 1267 1485 modestiam
1298 1452 1518 1499 nostram„

101 1512 272 1555 etiamsi
300 1511 423 1555 stilus
453 1514 543 1571 ipse
570 1511 701 1555 fuerit
732 1529 905 1573 pressus
931 1513 1230 1575 demissusque
1247 1551 1257 1569 ‚
1284 1526 1514 1576 propterea

100 1584 220 1645 quod
239 1587 440 1646 cogimur
461 1601 561 1628 cum
585 1585 638 1628 de
660 1586 962 1630 munificentia
984 1598 1216 1647 parentum
1239 1599 1515 1645 nostrorum,

74 1667 197 1702 ¹tum
237 1658 290 1701 de
321 1668 469 1702 nostra
505 1657 741 1718 disputare.
779 1662 953 1721 Anceps
985 1660 1057 1704 hic
1096 1672 1138 1704 et
1168 1662 1363 1707 lubricus
1396 1664 1517 1708 locus
1542 1681 1562 1709 e

101 1741 187 1783 est,
217 1733 349 1774 etiam
390 1748 529 1791 quum
571 1731 629 1774 illi
672 1734 905 1777 necessitas
942 1732 1232 1779 lenocinatur.
1268 1738 1443 1780 Etenim
1483 1740 1515 1781 si

100 1803 251 1847 alienae
277 1821 452 1864 quoque
474 1803 622 1848 laudes
646 1822 801 1866 parum
822 1807 957 1866 aequis
987 1807 1165 1851 auribus
1186 1810 1325 1869 accipi
1351 1810 1513 1865 solent;

99 1894 232 1938 quam
264 1876 442 1921 difficile
477 1887 540 1921 est
572 1878 797 1933 obtinere,
833 1896 887 1922 ne
925 1878 1106 1923 molesta
1143 1880 1342 1924 videatur
1375 1885 1515 1927 oratio

99 1950 152 1994 de
183 1967 250 2007 se,
276 1961 351 1994 aut
384 1951 436 1994 de
471 1953 559 1996 suis
586 1952 869 1996 disserentis?
895 1969 996 1996 nam
1033 1970 1131 1997 cum
1163 1955 1242 2014 ipsi
1276 1955 1515 2009 honestati„

99 2034 195 2068 tum
233 2023 458 2085 aliquanto
492 2028 629 2087 magis
667 2026 814 2087 gloriae
853 2027 945 2087 ejus
981 2027 1370 2089 praedicationique
1400 2031 1515 2073 invi—

145 2167 246 2199 VIII.
263 2180 291 2199 2.
304 2170 376 2199 Non
396 2179 441 2204 est
459 2179 576 2201 tamen.
594 2168 648 2202 Sic
665 2168 769 2201 etiam
888 2169 916 2200 5.
947 2172 1049 2201 Paulo
1073 2173 1256 2213 gloriosius.
1293 2173 1513 2219 Inteijectam

98 2220 195 2251 Rom,
218 2220 261 2252 H,
838 2224 927 2255 inter
945 2222 1016 2254 haec
1043 2222 1112 2255 duo
1133 2224 1235 2257 verba
1261 2229 1373 2267 quasi,
1401 2227 1517 2260 Coi-tio

146 2293 190 2296 —
206 2275 364 2303 Petiturus
382 2286 449 2304 sum
466 2275 559 2305 enim.
577 2274 654 2306 Non
668 2273 771 2306 habet
838 2283 979 2308 auctore
994 2300 1002 2315 ‚
1023 2276 1213 2309 omisimus.
1236 2278 1278 2310 G.
1309 2299 1354 2303 —
1380 2282 1518 2311 Etiamsi

98 2325 154 2357 hic
170 2324 256 2357 ordo
273 2325 454 2357 verborum
468 2351 476 2364 ‚
491 2325 585 2370 quod
604 2339 703 2359 aures
720 2328 771 2358 of·
846 2352 852 2358 .
870 2352 876 2359 .
893 2352 899 2358 .
916 2330 1156 2372 .demi55usque.
1177 2331 1274 2362 Rom.
1291 2334 1416 2363 etiamsi
1429 2336 1514 2364 stilti>

99 2377 218 2411 fendat
241 2390 248 2410 :
277 2378 384 2410 immo
403 2377 539 2411 mollior
558 2378 693 2412 videtur
713 2379 771 2413 illo
839 2382 904 2422 ipse
922 2394 1048 2423 pressus
1070 2384 1282 2425 demissusque
1297 2386 1420 2426 suerit,
1446 2398 1515 2418 nou

99 2430 206 2464 altero
220 2456 228 2470 ‚
247 2444 349 2476 quem
375 2430 545 2476 Gierigius
571 2433 746 2476 praeferret
763 2458 771 2473 ,
832 2434 964 2475 suerat,
983 2434 1077 2478 quod
1096 2447 1174 2467 cuni
1199 2435 1358 2480 pluribus
1378 2436 1516 2469 Cortius

99 2485 258 2515 Petiturus
280 2486 363 2515 enim
381 2497 459 2515 sum.
477 2483 602 2516 Similis
622 2485 718 2517 locus
738 2485 771 2517 in
838 2485 990 2518 retinuit.
1007 2486 1050 2519 H.
1068 2509 1113 2512 —
1128 2492 1267 2520 Pressas.
1283 2488 1360 2520 Vid.
1377 2489 1511 2523 Ernest.

99 2534 220 2568 Horat.
233 2535 383 2584 Tursell.
401 2547 476 2580 cap.
496 2537 660 2575 LXVIII,
679 2538 712 2575 3,
731 2550 771 2570 ex
838 2538 1220 2572 Lexic.'['eclmol.1.at.
1238 2539 1374 2573 lsslietor.
1388 2541 1465 2574 ὴν.
1478 2546 1511 2575 S.

99 2587 523 2627 Ciceronelaudatur,Or.
541 2589 686 2634 prolege
697 2590 772 2622 Ma-
889 2594 920 2623 6.
943 2594 1141 2626 Dim-eremis.
1164 2593 1301 2625 Cortius
1322 2595 1460 2634 mallet,
1488 2596 1511 2626 si

99 2640 180 2673 uilia
196 2641 243 2681 II,
260 2646 302 2681 43
324 2645 429 2674 Genus
446 2651 490 2673 est
503 2643 586 2673 enim
600 2644 772 2685 ejusmodi,
840 2655 901 2687 per
933 2645 1153 2678 membranas
1179 2645 1293 2677 liceret
1312 2672 1320 2684 ‚
1351 2649 1486 2678 dissert-n
1506 2674 1511 2677 .

98 2695 203 2734 quod,
223 2701 287 2726 etc.
304 2693 393 2726 Vide
410 2707 511 2739 supra
533 2696 549 2726 ’ἰ
566 2720 573 2733 ,
597 2696 626 2727 ’5.
648 2696 684 2727 S.
842 2696 944 2728 Maio.
962 2698 993 2727 ς.

1264 2774 1306 2798 21..
