1742 2989
189 203 252 249 66

629 204 678 247 C.
715 203 944 248 PLINII
978 204 1105 249 LIB.
1142 208 1174 248 Ι.

188 303 292 331 nam
319 285 399 330 tibi
426 286 654 346 imponas,
681 302 778 347 quae
805 287 994 346 sapienti
1021 289 1116 331 viro
1142 287 1203 332 ita
1229 285 1418 348 aptanda
1446 296 1534 342 est,
1561 298 1610 331 ut

189 360 453 422 perferatur.
482 359 607 405 Vale.

184 490 221 524 in
235 497 361 524 natura
374 515 383 530 ,
397 501 505 535 quam
520 502 602 523 cum
618 488 782 522 omnibus
800 488 861 521 ho-

184 543 336 577 minibus
355 555 579 576 communem
599 543 768 576 habemus
785 553 794 582 ;
815 540 862 574 al·

183 605 259 631 tera
274 597 311 630 in
329 595 450 629 indole
470 596 595 642 cuique
614 595 777 641 propria;
797 602 863 627 ter-

182 651 230 684 tia
256 651 293 683 in
316 662 462 683 munere
478 675 487 690 ‚
513 661 585 695 quo
610 648 808 694 fungimur,
829 654 863 680 et

182 703 326 736 omnino
349 702 386 735 in
415 703 563 736 fortunae
589 702 714 742 bonis3
739 708 863 747 quarta

181 756 216 788 in
238 755 315 788 vitae
331 767 457 801 genere
467 781 476 797 ,
488 755 584 801 quod
599 755 707 789 secuti
723 767 842 788 sumus
852 780 861 796 ‚

185 817 218 842 et
246 810 283 843 in
309 809 449 844 vivendi
475 809 671 855 agendique
696 821 736 842 ex
760 807 862 841 certis

927 499 1029 522 ratur.
1050 488 1103 522 Ad
1121 488 1227 522 finem
1241 501 1353 535 usque
1366 514 1375 530 ‚
1392 489 1498 522 etiam
1514 488 1608 521 diffi-

927 542 1114 575 cultatibus
1128 543 1252 576 oblatis
1263 568 1272 583 ‚
1284 543 1430 576 feratur.
1442 543 1520 576 Jam
1537 543 1607 576 lau-

927 594 1025 630 davit
1045 596 1185 629 Cortius
1211 596 1403 642 elegantem
1427 596 1608 629 Ciceronis

925 647 1043 682 locum
1056 650 1228 695 proRosc.
1241 649 1320 682 Am.
1337 661 1368 682 c.
1384 649 1449 682 IV.
1466 651 1510 680 Id
1520 651 1610 691 quod

927 704 1070 746 suscepi,
1089 705 1204 746 quoad
1212 712 1330 745 potero
1343 727 1352 741 ‚
1368 702 1546 746 perferam.
1565 701 1609 733 Et

928 764 1050 789 notum
1066 763 1117 788 est
1128 780 1136 795 ,
1146 757 1292 799 perferre
1307 758 1407 799 legem
1421 753 1492 788 dici
1506 766 1586 787 eum
1597 779 1607 793 ,

928 808 956 841 si
981 808 1058 855 quis
1085 808 1232 855 objectis
1257 807 1526 841 difficultatibus
1554 813 1607 840 ta-

926 874 1008 895 men
1029 861 1147 895 tulerit
1160 887 1169 901 ‚
1191 869 1224 894 et
1249 868 1286 894 ut
1304 860 1458 900 valeret,
1478 860 1604 893 effece-

925 915 983 948 rit.
1004 915 1047 948 G.

179 862 359 908 praeceptis
384 863 532 896 ratione.
558 862 603 895 H.
630 862 655 895 l.
684 869 861 908 postremo

179 928 283 949 sensu
308 915 510 961 capiendus.
538 916 603 948 En.
625 937 671 941 -—
699 920 741 948 Ut
753 916 860 959 perfe-

187 1044 490 1054 wmmsmxxmvsm
494 1044 591 1053 uzu
596 1043 653 1054 §aa
657 1043 797 1054 xmus
801 1043 981 1053 mmmmm
985 1039 1596 1053 w=u==mmmwsmwstnm

773 1156 1020 1211 XXIV.

178 1302 351 1352 Hispano
374 1302 642 1352 Tranquillum
670 1301 912 1338 commendat
944 1302 982 1337 in
1013 1300 1177 1337 emendo
1202 1301 1336 1350 agello.
1363 1299 1539 1337 Jucunda
1567 1308 1605 1335 et

232 1367 352 1403 faceta
374 1367 556 1416 epistola,
577 1367 683 1416 cujus
707 1379 891 1403 summam
911 1374 1044 1402 auctor
1064 1365 1145 1415 ipsc
1166 1366 1284 1402 multa
1305 1365 1546 1414 simplicitate
1566 1364 1604 1400 in

231 1431 421 1480 principio
446 1431 642 1480 proponit.
666 1433 734 1467 En.

351 1563 392 1591 C.
433 1562 667 1591 PLINIUS
704 1561 869 1589 BEBIO
906 1544 923 1561 ῃ
959 1561 1205 1589 HISPANO
1242 1561 1345 1589 SUO
1382 1561 1416 1588 S.

239 1680 595 1729 TRANQUILLU5‚
612 1674 943 1719 contubernalis
961 1690 1104 1730 meus,
1122 1673 1218 1717 vult
1231 1689 1378 1717 emere
1390 1672 1602 1734 agellum,

175 1767 306 1811 quem
332 1749 558 1793 venditare
586 1745 752 1792 amicius
787 1759 890 1791 tuus
923 1747 1100 1791 dicitur.
1126 1750 1252 1808 Rogo
1282 1763 1427 1800 cures,
1447 1747 1601 1807 quanti

174 1840 350 1885 aequum
375 1832 464 1875 est,
491 1832 608 1865 emat
632 1839 641 1865 z
669 1823 728 1865 ita
752 1823 870 1865 enim
893 1821 1130 1866 delectabit
1153 1822 1324 1864 emisse.
1350 1821 1465 1866 Nam
1487 1819 1602 1863 mala

176 1899 342 1958 emptio
369 1913 542 1957 semper
568 1898 744 1958 ingrata
769 1905 853 1951 est,
873 1911 925 1939 eo
952 1895 1164 1950 maxime,
1183 1893 1305 1954 quod
1330 1893 1601 1954 exprobrare

180 1970 410 2015 stultitiam
438 1969 622 2013 domino
648 1969 836 2013 videtur.
864 1972 916 2013 In
941 1969 1027 2013 hoc
1052 1977 1200 2012 autem
1222 1966 1362 2028 agello
1377 2001 1389 2021 ‚
1411 1968 1446 2010 si
1467 1966 1600 2010 modo

220 2097 351 2130 XXIV.
362 2098 376 2112 '‘
387 2098 508 2129 ΒΕΒΙΟ.
526 2095 756 2130 Scribendun]
771 2108 851 2129 cum

175 2150 253 2184 cod.
285 2151 413 2183 Bffimo.
440 2151 531 2183 Nota
558 2162 642 2194 gens
668 2148 783 2182 Baebia
812 2161 851 2181 ex

174 2204 271 2237 libris
288 2211 444 2237 veterum
459 2227 468 2243 ‚
485 2201 659 2247 lapidibus
673 2201 828 2234 litteratis
840 2226 849 2241 ‚

173 2254 338 2288 nummis.
372 2253 499 2288 Similis
531 2253 690 2286 confusio
718 2254 754 2286 in
782 2256 850 2300 ὄρος

174 2307 302 2343 Baetem
315 2333 323 2346 ‚
346 2306 477 2349 Βέὲιον,
498 2306 542 2339 de
561 2307 728 2340 Vesuvio.
748 2308 782 2341 S.
805 2328 850 2332 —

173 2362 296 2395 Postea
311 2360 433 2393 consul
447 2360 559 2392 factus
574 2367 607 2392 et
621 2360 684 2392 sub
694 2360 851 2393 Adriano

173 2415 356 2461 praefectus
369 2412 477 2446 urbis.
492 2413 559 2445 ΕΙ).

226 2482 237 2499 1
247 2494 253 2500 .
266 2469 448 2499 Venditare.
460 2464 665 2510 Simpliciter
677 2468 760 2497 velle
774 2478 852 2497 ven-

174 2522 264 2558 dere,
280 2522 430 2552 venalem
446 2520 576 2551 habere.
587 2517 671 2550 Vid.
686 2517 850 2550 vossium

174 2571 217 2604 de
230 2572 379 2616 Analog.
393 2571 475 2604 LIII
486 2596 495 2611 ‚
510 2584 546 2617 p.
568 2571 646 2615 173,
659 2570 719 2615 qui
732 2570 849 2604 locum

174 2624 369 2657 Plinianum
392 2650 400 2664 ‚
433 2624 499 2657 nisi
529 2634 715 2669 operarum
747 2623 849 2668 culpa

176 2686 226 2710 cst
240 2703 248 2717 ‚
268 2677 497 2723 negligentius
510 2675 737 2722 transcripsit.
756 2675 847 2708 Add.

176 2730 281 2762 eund.
304 2730 337 2762 in
356 2730 552 2775 Etymolog.
567 2731 608 2762 L.
624 2730 665 2762 L.
678 2742 709 2762 v.
729 2732 846 2761 lf'endo.

919 2095 1122 2129 Diminutivi
1136 2097 1258 2138 agellus
1272 2106 1353 2127 cum
1366 2094 1474 2127 verbo
1486 2097 1600 2126 ‘vendi-

919 2159 990 2180 care
1000 2149 1079 2194 conj
1086 2148 1204 2180 unctio
1215 2159 1286 2192 qua
1300 2147 1411 2192 gratia
1425 2159 1600 2180 commen-

917 2200 1018 2234 detur
1031 2226 1040 2241 ,
1059 2200 1216 2233 hebetior
1235 2212 1313 2232 sum
1325 2225 1333 2238 ‚
1350 2212 1457 2245 quam
1484 2207 1524 2232 ut
1548 2200 1599 2233 vi-

917 2253 1032 2286 deam.
1041 2254 1076 2287 S.
1086 2273 1131 2277 -
1143 2255 1275 2285 Amicus
1286 2263 1367 2285 tuus.
1378 2253 1412 2285 Is
1423 2252 1483 2298 qui
1494 2261 1597 2293 esset,

916 2319 989 2339 non
1008 2306 1193 2351 ignorabat
1212 2306 1348 2338 Baebius
1366 2317 1373 2338 :
1390 2314 1428 2338 ut
1445 2318 1516 2338 non
1531 2306 1596 2338 mi-

914 2372 971 2392 rer
984 2371 1116 2392 nomen
1130 2359 1298 2392 omissum
1315 2371 1400 2392 esse.
1421 2359 1456 2393 S.

963 2426 994 2445 2.
1012 2416 1151 2455 Ingrata
1173 2423 1228 2445 est.
1255 2416 1316 2444 Est
1334 2411 1471 2445 Cortius
1499 2419 1595 2444 recte

916 2464 1079 2510 expunxit
1092 2465 1214 2510 optimi
1229 2464 1359 2498 codicis
1373 2463 1592 2497 auctoritate.

916 2517 1114 2550 Innumeris
1139 2518 1224 2551 locis
1248 2517 1413 2551 sedulitas
1434 2516 1595 2548 librario-

916 2584 995 2603 rum
1025 2571 1142 2615 inepta
1163 2571 1309 2604 verbum
1339 2568 1593 2602 substantivum

917 2624 1058 2657 invexit.
1075 2622 1157 2656 Vid.
1186 2622 1362 2656 Drakenb.
1386 2620 1431 2654 ad
1451 2621 1526 2654 Liv.
1552 2622 1569 2652 I
1583 2645 1590 2658 ‚

919 2678 936 2710 3
954 2702 963 2717 ‚
984 2678 1003 2710 3
1021 2701 1030 2717 ,
1047 2677 1081 2710 S.

964 2733 992 2761 53.
1025 2733 1061 2760 In
1085 2731 1143 2760 hoc
1164 2738 1270 2760 autem
1294 2729 1409 2769 agello,
1430 2727 1528 2758 Rom.
1552 2730 1589 2756 In
