1742 2989
558 236 906 280 EPISTULA
942 235 1079 278 XVI.

1438 233 1519 280 185

120 324 205 359 tua.
227 316 354 376 Legis
375 315 492 359 enim
513 316 766 361 suavissime
788 328 832 362 et
851 316 1120 378 peritissime.
1142 314 1330 359 Confido
1353 324 1520 372 tamen,

118 404 187 432 me
210 405 299 432 non
325 389 386 432 sic
410 389 591 433 auribus
615 390 716 434 duci
732 425 743 446 ‚
770 401 818 435 ut
843 407 995 435 omnes
1021 388 1157 434 aculei
1176 388 1330 449 judicii
1355 391 1441 433 mei
1466 391 1520 434 il-

118 460 259 505 larum
283 460 578 506 delinimentis
605 463 918 525 refringantur.
948 464 1222 508 Hebetentur
1248 462 1455 519 fortasse,
1477 474 1520 508 et
1545 475 1563 510 4

116 533 344 594 paululum
369 535 688 593 retundantur3
714 537 840 582 evelli
865 537 1041 600 quidem
1067 537 1407 598 extorquerique
1429 553 1518 580 non

114 617 311 667 possunt.
334 608 475 669 Igitur
497 626 586 653 non
609 619 772 655 temere
787 613 878 672 jam
898 628 1016 656 nunc
1039 610 1092 654 de
1114 610 1396 654 universitate
1418 627 1518 671 pro·
1546 619 1564 653 5

116 680 274 723 nuntio
298 697 307 723 :
335 680 388 724 de
415 682 613 742 partibus
637 685 836 744 experiar
860 684 1057 746 legendo.
1073 683 1197 729 Vale.

158 832 204 837 —--
221 815 331 856 Legis.
348 840 353 845 .
370 838 377 844 .
393 838 399 845 .
411 816 556 860 Confido.
575 817 674 849 Rom.
693 820 784 861 Legis

114 867 196 897 enim
215 867 405 898 suavissime.
432 869 578 913 Corfido.
602 869 736 903 Desunt
753 880 785 902 et

109 919 309 959 peritissime.
324 918 370 952 H.

158 991 205 995 --
223 972 459 1015 Refiingancur.
486 973 711 1019 Aptissimum
739 975 783 1009 ad

112 1027 223 1056 aculeo
235 1024 410 1058 sverbum.
424 1026 628 1061 Avunculus
644 1029 782 1069 Nostri,

113 1089 133 1109 a
148 1076 265 1109 Cortio
284 1077 564 1119 excitatus,VIII
578 1105 587 1120 ,
610 1080 648 1113 15
663 1106 673 1121 ‚
694 1088 780 1114 extr.

121 1146 133 1157 υ
146 1129 274 1162 Mirum
298 1130 448 1176 pardos,
479 1132 686 1178 pantheras,
715 1133 784 1168 leo-

112 1194 172 1215 nes
186 1207 195 1223 ,
212 1190 244 1215 et
257 1182 380 1216 similia
393 1209 402 1224 ‚
417 1184 557 1218 condito
576 1185 613 1218 in
626 1186 782 1232 corporis

112 1235 253 1280 vaginas
274 1237 442 1282 unguium
461 1250 627 1272 mucrone
640 1263 648 1279 ‚
669 1252 714 1272 ne
732 1252 782 1273 re-

114 1286 286 1333 fringatur
318 1289 543 1325 hebeteturve
559 1316 568 1332 ‚
597 1291 775 1338 ingredi.»

850 820 972 864 Itaque
1003 818 1149 852 verbum
1180 817 1247 850 hoc
1280 816 1520 863 reponendum

849 879 945 912 erat,
974 871 1035 905 etsi
1066 871 1222 917 plerique
1248 870 1326 903 libri
1353 870 1522 904 haberent

848 927 1091 969 restringantur.
1111 925 1251 966 Quanto
1266 923 1375 969 magis
1387 948 1395 964 ,
1413 935 1522 969 quum

850 985 971 1011 contra
990 990 1026 1010 se
1045 989 1098 1010 res
1114 977 1255 1010 habeat.
1277 979 1380 1008 Evelli
1396 988 1458 1022 pro
1476 989 1523 1008 re-

851 1032 921 1063 velli
937 1043 977 1063 ex
994 1029 1091 1063 libris
1110 1029 1224 1075 posuit
1240 1029 1391 1063 Cortius.
1417 1029 1462 1062 G.
1477 1049 1521 1053 ——

849 1085 947 1116 Rom.
981 1084 1083 1115 Evelli
1113 1085 1241 1126 quidem
1275 1083 1522 1125 extorquerique

849 1149 912 1167 non
923 1145 1069 1179 possunt.
1084 1136 1184 1169 Recte
1195 1159 1203 1175 ‚
1219 1147 1291 1168 non
1309 1137 1416 1167 revelli
1427 1133 1473 1166 H.

897 1187 929 1221 5.
952 1193 1027 1220 Jam
1052 1202 1135 1220 nunc
1160 1191 1199 1220 de
1224 1190 1428 1220 universitate
1444 1199 1521 1230 pro-

848 1244 970 1274 nuntio.
985 1242 1084 1274 Rom.
1096 1246 1171 1274 Jam
1183 1243 1223 1273 de
1236 1243 1521 1284 universicacepro-

847 1296 969 1326 nuntio.
984 1293 1029 1326 H.

121 1421 177 1432 svs
181 1421 499 1435 musmnmstut.
505 1425 700 1436 wxmnmn
704 1425 1086 1438 smmmmwzm
1091 1427 1146 1437 :u
1150 1427 1267 1437 wstmx
1272 1425 1511 1437 smsxumvvs

725 1571 896 1627 XVI.

139 1724 223 1761 Alia
244 1726 406 1774 majora,
425 1726 499 1762 alia
520 1726 681 1763 clariora
702 1740 802 1774 esse,
820 1728 940 1765 Arriae
960 1729 1065 1765 factis
1085 1738 1122 1765 et
1145 1729 1320 1779 exemplo
1341 1728 1488 1778 probat.

405 1852 444 1881 c.
481 1854 716 1883 PLINIUS
751 1855 963 1884 NEPOTI
993 1839 1011 1857 ⁴⁶

1048 1857 1155 1885 SUO
1192 1859 1225 1885 S.

175 1959 449 2005 ADNOTASSE
470 1960 643 2017 videor,
663 1961 776 2006 facta
794 1963 1000 2025 dictaque
1023 1965 1218 2010 virorum
1241 1966 1519 2011 feminarum-

112 2048 195 2092 que
220 2031 455 2077 illustrium
481 2033 565 2078 alia
588 2034 772 2079 clariora
798 2052 904 2090 esse,
930 2036 1013 2080 alia
1039 2039 1219 2098 majora.
1245 2039 1519 2084 Confirmata
1546 2064 1561 2083 2

112 2115 176 2149 est
189 2106 339 2167 opinio
354 2124 448 2151 mea
462 2107 667 2152 hesterno
681 2111 857 2154 Fanniae
874 2127 1089 2155 sermone.
1104 2113 1260 2173 Neptis
1273 2113 1365 2156 haee
1381 2114 1518 2157 Arriae

113 2177 250 2234 illius,
279 2197 374 2240 quae
401 2183 559 2225 marito
590 2192 633 2225 et
663 2182 866 2226 solatium
892 2185 1044 2228 mortis
1071 2195 1114 2228 et
1142 2185 1392 2246 exemplum
1418 2186 1514 2231 fuit.

110 2251 253 2296 Multa
274 2253 487 2298 referebat
503 2257 608 2299 aviae
630 2274 716 2300 suae
736 2274 824 2300 non
842 2257 1011 2302 minora
1026 2259 1129 2314 hoc,
1146 2259 1221 2303 sed
1240 2260 1516 2304 obscuriora:

113 2343 208 2387 quae
222 2327 302 2370 tibi
321 2328 520 2373 existimo
536 2338 625 2374 tam
640 2330 858 2374 mirabilia
872 2330 1033 2392 legenti
1048 2331 1159 2389 fore,
1174 2349 1304 2394 quam
1326 2333 1433 2376 mihi
1449 2350 1517 2376 au-

112 2399 246 2444 dienti
260 2400 449 2445 fuerunt.
461 2404 718 2464 AEgrotabat
725 2405 897 2449 Caecina
905 2407 1062 2461 Paetus,
1072 2408 1255 2450 maritus
1266 2407 1301 2466 ej
1310 2423 1375 2461 us3
1387 2422 1516 2466 aegro-
1541 2411 1561 2444 3

158 2533 286 2566 XVI.*
311 2533 361 2566 De
388 2536 510 2577 Nepote
533 2534 624 2568 Vide
653 2534 697 2569 ad
726 2536 779 2577 II,

113 2597 168 2631 ep.
185 2586 218 2619 3.
234 2586 300 2618 En.

164 2649 193 2670 1.
229 2640 373 2670 Virorum
395 2641 679 2685 fembmrmnque,
710 2648 774 2674 etc.

113 2689 214 2721 Rom.
249 2692 394 2723 Virorum
420 2694 683 2737 feminarumque
712 2695 780 2725 alia

113 2743 252 2775 clariora
270 2756 345 2777 esse.
366 2745 491 2779 Omisit
510 2748 688 2780 illustrium.
710 2745 754 2778 H.

895 2539 926 2572 3.
949 2541 1076 2571 Caecina
1095 2543 1210 2571 Paetus.
1231 2539 1362 2571 Desunt
1380 2537 1414 2570 in
1434 2538 1512 2572 cod.

845 2591 956 2624 Oxon.
978 2591 1147 2637 facileque
1170 2590 1275 2624 credo
1292 2616 1300 2631 ,
1321 2604 1340 2623 e
1358 2591 1516 2636 margine

844 2642 880 2675 in
893 2650 1023 2676 textum
1033 2644 1219 2689 irrepsisse.
1231 2642 1394 2675 Maritum
1409 2644 1515 2677 Arriae

845 2696 1017 2730 Caecinam
1054 2697 1184 2729 Paetum
1223 2696 1353 2729 (lictum
1389 2696 1490 2730 fuisse
1504 2721 1513 2736 ‚

847 2749 959 2793 Nepos
976 2749 1106 2783 scilicet
1121 2748 1299 2783 docendus
1312 2756 1398 2781 erat.
1417 2749 1450 2781 S.
1468 2768 1514 2773 —-
