1742 2989
182 242 241 297 84

600 242 646 283 C.
684 237 909 281 PLINII
943 237 1070 280 LIB.
1105 238 1171 279 ΙΙ.

174 325 335 386 jusque
361 332 566 368 naturam
593 338 682 365 non
709 318 922 381 probetur
945 336 954 362 :
983 319 1043 362 ita
1076 317 1275 362 videmur
1297 333 1425 378 posse
1451 319 1592 363 confi-

179 400 303 453 dere,
319 409 367 442 ut
388 397 716 442 universitatem
738 392 942 437 omnibus
968 391 1154 437 varietas
1179 391 1272 451 ipsa
1299 391 1591 435 commendet.

134 480 154 512 8
178 474 294 518 Nam
321 481 364 515 et
385 472 430 514 in
457 471 626 514 ratione
649 466 976 523 conviviorum7
1002 466 1199 527 quamvis
1226 482 1250 508 a
1279 464 1498 526 plerisque
1527 467 1591 509 ci-

179 547 245 590 bis
266 544 426 607 singuli
448 554 766 604 temperemus,
786 549 924 584 totam
946 549 1092 583 tamen
1113 555 1283 582 coenam
1302 538 1480 582 laudare
1500 555 1590 582 om-

181 637 257 665 nes
277 619 466 664 solemus
489 635 497 661 :
522 633 602 661 nec
624 632 695 670 ea,
715 631 810 676 quae
835 613 1086 657 stomachus
1109 622 1256 656 noster
1280 621 1477 667 recusat,
1497 612 1589 655 adi-

133 714 152 745 9
180 704 308 738 munt
334 693 522 755 gratiam
548 689 656 745 illis7
683 706 706 733 a
733 688 892 749 quibus
919 687 1106 748 capitur.
1135 687 1279 746 Atque
1306 686 1399 730 haec
1424 702 1505 746 ego
1532 686 1593 729 sic

179 768 319 828 accipi
337 766 458 820 volo,
481 781 570 808 non
592 774 802 824 tanquam
824 769 1069 805 assecutum
1092 776 1160 803 me
1181 776 1272 803 esse
1299 759 1495 813 credam,
1518 759 1590 802 sed

178 851 390 901 tanquam
420 839 593 900 assequi
622 836 913 881 laboraverim
946 852 954 878 :

178 962 364 1008 opponitur
390 962 558 994 severitati.
586 957 852 1003 Adstipulantur

177 1016 346 1061 Excerpta
360 1012 569 1048 Brummeri.
590 1013 625 1045 S.

225 1082 255 1110 7.
280 1070 464 1114 Corfidere,
487 1076 531 1098 ut.
553 1063 776 1098 Rarissimum
801 1061 852 1093 lo-

176 1121 306 1168 quendi
320 1132 427 1166 genus
440 1144 448 1160 ‚
467 1118 548 1152 etin
564 1120 655 1150 bona
668 1123 767 1147 aetate
780 1113 852 1158 pla-

175 1188 219 1208 ne
229 1200 238 1216 ,
252 1183 336 1220 puto
348 1199 356 1214 ,
371 1171 568 1206 inauditum
581 1181 588 1202 :
602 1167 697 1215 quod
706 1167 853 1200 libenter

176 1227 233 1261 hic
247 1226 351 1260 etiam
362 1226 551 1259 tribuerem
566 1221 801 1256 semibarbaro
814 1218 853 1250 li-

175 1280 292 1313 brario
304 1305 312 1320 ,
330 1279 389 1325 qui
403 1277 628 1320 verbumfore
643 1273 695 1307 vel
701 1276 851 1317 finarum

175 1334 328 1367 omiserit
346 1358 354 1371 ‚
373 1331 438 1364 nisi
455 1330 556 1375 plura
572 1334 684 1361 essent
696 1351 704 1366 ‚
725 1325 760 1357 in
779 1324 853 1369 qui-

175 1387 240 1419 bus
256 1385 359 1418 Plinii
378 1392 457 1416 aetas
475 1381 643 1428 paulatim
661 1393 681 1412 a
697 1377 852 1423 superio-

175 1439 221 1471 ris
244 1438 358 1471 saeculi
381 1448 465 1469 cura
486 1433 639 1467 recessit.
657 1433 700 1463 Et
716 1430 851 1463 ridetur

176 1491 386 1525 constructio
403 1487 498 1521 verbi
516 1498 650 1522 vereor,
670 1496 745 1528 quae
764 1494 851 1528 prae-

176 1544 275 1577 cessit
290 1569 298 1584 ⁷
318 1542 459 1576 traxisse
479 1539 648 1576 similem,
670 1536 714 1569 ad
734 1548 850 1568 corro-

175 1595 394 1631 tundandam
412 1591 606 1639 periodum.
623 1589 667 1622 G.
686 1609 732 1612 —
750 1589 847 1620 Rom.

183 1668 196 1681 a
210 1651 258 1683 Ac
280 1649 367 1681 sicut
383 1657 544 1679 veremur
557 1669 565 1683 ‚
581 1656 624 1676 ne
640 1640 850 1688 quibusdam

174 1716 253 1749 pars
272 1703 386 1747 aliqua
406 1697 598 1732 secundum
619 1707 715 1727 suam
736 1694 851 1739 cujus-

175 1769 243 1801 que
271 1763 433 1788 naturam
466 1763 537 1783 non
568 1749 731 1794 probetur
765 1758 771 1778 :
804 1746 851 1779 ita

175 1823 187 1841 1
199 1809 332 1841 idemur
351 1818 451 1852 posse
469 1805 640 1849 conficere,
659 1808 695 1832 ut
715 1799 852 1832 univer-

176 1863 308 1896 sitatem
328 1859 487 1893 omnibus
503 1855 650 1889 varietas
668 1854 740 1898 ipsa
758 1865 851 1885 com-

177 1915 328 1948 mendet,
347 1931 360 1942 »
378 1911 501 1944 Adhuc
517 1909 551 1941 in
568 1906 731 1940 omnibus
746 1930 754 1945 ‚
774 1905 853 1938 scri-

178 1969 241 2012 ptis
270 1968 372 2000 etiam
405 1961 569 2010 [Falleris
589 1986 596 2001 ‚
624 1959 678 1993 vir
705 1958 824 1991 eximie
842 1970 849 1991 :

176 2021 342 2065 Excerpta
354 2018 445 2051 enim
458 2011 766 2056 Lindenbrogiana
780 2024 853 2056 per-

176 2073 258 2105 inde
272 2098 280 2112 ,
299 2085 337 2105 ac
351 2071 437 2103 liber
454 2076 534 2100 tuus
547 2068 722 2099 Romanus
737 2089 745 2103 ‚
763 2067 852 2095 ‹vide-

176 2135 327 2169 turposse
340 2124 506 2168 conficere.
518 2120 566 2163 S.]
582 2144 590 2158 ,
603 2120 852 2158 ‘videmurposse

178 2180 359 2224 confidere,
378 2175 505 2207 lectum
524 2179 572 2204 est
591 2182 598 2203 z
620 2171 664 2203 ita
682 2182 764 2203 vero
784 2169 853 2201 Pli-

178 2231 275 2264 nium
302 2230 457 2262 locutum
484 2237 557 2258 esse
573 2249 581 2265 ,
610 2235 712 2256 nemo
739 2221 853 2255 Latini

180 2282 348 2317 sermonis
378 2277 474 2312 haud
501 2276 679 2323 imperitus
714 2273 853 2307 credere

179 2344 292 2383 potest
305 2360 313 2375 ,
326 2347 345 2367 a
358 2345 428 2378 quo
441 2330 553 2363 decies
565 2342 605 2362 ac
618 2327 738 2373 saepius
748 2327 853 2360 verbo

180 2391 340 2435 confidere
357 2383 565 2418 infinitivum
577 2406 585 2420 ‚
602 2393 781 2426 nunquam
800 2391 850 2419 ut,

179 2441 354 2488 adjectum
369 2450 440 2471 esse
454 2442 600 2469 constat.
617 2434 727 2466 Antea
740 2433 854 2466 infini-

180 2496 288 2528 tivum
303 2494 380 2537 fore
402 2487 568 2523 excidisse
590 2487 757 2532 putabam
773 2511 781 2526 ‚
800 2485 852 2519 id-

180 2560 249 2594 que
268 2547 413 2592 juvenes
432 2567 440 2582 ,
467 2540 526 2587 qui
552 2551 606 2572 me
638 2537 850 2579 audiebant,

181 2597 346 2644 suspicari
377 2594 548 2628 malebam
564 2617 572 2631 ,
603 2603 707 2636 quam
738 2591 852 2625 vitiosi

180 2650 348 2686 sermonis
361 2655 537 2681 auctorem
547 2645 673 2678 habere
686 2643 848 2676 Plinium.

182 2705 278 2738 Idem
289 2709 406 2749 postea
415 2711 541 2745 magno
548 2697 702 2730 Gesnero
713 2697 746 2729 in
760 2709 852 2729 men-

182 2766 249 2791 tem
270 2755 405 2790 venisse
423 2752 491 2786 vidi
507 2777 514 2793 ,
535 2750 638 2796 idque
658 2762 738 2783 vero
756 2757 852 2782 tanto

988 833 1173 879 fortasse
1205 850 1292 877 non
1327 833 1518 889 frustra,
1558 834 1590 876 si

919 953 1064 987 similius
1101 953 1291 987 existimavi
1310 978 1319 994 ‚
1352 961 1484 999 quanto
1524 953 1593 987 fre-

918 1006 1082 1052 quentius
1095 1032 1105 1047 ,
1124 1006 1245 1040 iisdem
1263 1013 1322 1040 aut
1340 1006 1510 1039 similibus
1529 1006 1594 1052 syl-

919 1064 1005 1097 labis
1032 1071 1065 1098 et
1090 1064 1232 1097 vocibus
1258 1064 1426 1109 copulatis
1451 1065 1511 1107 (ut
1536 1064 1593 1097 hic

913 1119 1018 1161 fidere
1036 1124 1068 1149 et
1076 1119 1168 1161 fore)
1181 1141 1190 1157 ,
1212 1116 1320 1149 altera
1339 1117 1395 1150 vel
1413 1116 1593 1150 abundare

918 1169 993 1202 visa
1015 1177 1063 1203 est
1084 1169 1233 1202 librariis
1252 1168 1366 1201 minus
1389 1168 1499 1202 acutis
1512 1194 1521 1208 ‚
1539 1170 1595 1202 vel

919 1222 1044 1255 omissa
1059 1234 1183 1268 parum
1204 1220 1473 1255 attendentibus.
1492 1223 1593 1255 Nunc

918 1287 1000 1308 vero
1014 1276 1118 1320 longe
1132 1287 1214 1307 meze
1227 1274 1275 1306 illi
1292 1275 1497 1319 conjecturae
1512 1287 1594 1320 prae-

918 1328 992 1361 fero
1021 1328 1167 1361 Romani
1192 1327 1270 1360 libri
1299 1328 1507 1373 scripturam
1521 1353 1530 1369 ‚
1558 1328 1593 1360 in

917 1394 988 1426 quo
1009 1382 1126 1413 multis
1153 1381 1295 1414 testibus
1314 1394 1384 1413 non
1405 1383 1567 1426 confidere
1582 1407 1589 1415 .

917 1434 977 1466 sed
994 1436 1148 1479 conficere
1165 1441 1236 1473 est,
1256 1433 1359 1466 latine
1379 1434 1479 1473 satis,
1497 1441 1528 1466 et
1548 1433 1592 1466 ad

916 1500 991 1519 reni
1001 1486 1370 1519 accommodatissime.
1380 1486 1490 1519 Priori
1502 1486 1591 1519 enim

917 1540 1023 1572 verbo
1034 1553 1187 1571 veremur
1201 1552 1271 1571 non
1289 1551 1427 1572 necesse
1447 1547 1495 1572 est
1516 1553 1592 1571 con-

906 1594 1016 1636 fidere
1038 1592 1188 1637 opponi3
1209 1604 1316 1637 quum
1336 1594 1486 1623 videmur
1498 1606 1593 1635 posse

917 1647 1072 1690 conficere
1099 1644 1210 1677 simile
1240 1644 1371 1689 aliquid
1400 1645 1570 1690 significet
1583 1672 1590 1685 ‚

917 1705 950 1729 ct
975 1697 1062 1728 nihil
1089 1696 1183 1729 alind
1206 1697 1247 1729 sit
1261 1722 1269 1737 ‚
1296 1709 1400 1742 quam
1427 1711 1516 1740 spero
1545 1712 1592 1729 me

917 1760 1156 1781 COIISCCIllllrllln
1175 1763 1248 1782 (¹550.
1271 1752 1432 1795 COJZfiCC'I‘e
1454 1763 1535 1783 vero
1559 1761 1594 1782 Ill

918 1802 981 1835 sibi
990 1805 1133 1849 jungere
1145 1828 1153 1843 ‚
1168 1816 1270 1836 nemo
1284 1803 1346 1837 erit
1358 1828 1365 1842 ‚
1378 1803 1437 1848 qui
1448 1804 1589 1837 neseiat.

919 1856 1116 1889 Caesar.lib.
1128 1857 1157 1896 I,
1170 1855 1213 1889 de
1225 1856 1316 1889 bello
1327 1856 1418 1888 Gall.
1434 1869 1510 1902 cap.
1528 1858 1567 1890 13
1584 1868 1591 1888 :

921 1925 934 1937 α
948 1909 1066 1949 Quum
1093 1907 1127 1941 id
1142 1934 1151 1949 ‚
1180 1907 1275 1953 quod
1304 1908 1368 1953 ipsi
1398 1908 1520 1941 diebus
1550 1922 1592 1942 20

919 1962 1095 2006 aegerrime
1124 1962 1371 2000 confecerant,
1398 1968 1435 1993 ut
1460 1961 1590 1994 flumen

918 2015 1104 2047 transirent
1122 2039 1130 2054 ‚
1150 2014 1249 2046 illum
1276 2025 1345 2045 uno
1367 2012 1424 2046 die
1440 2038 1448 2053 ‚
1468 2014 1591 2047 intelli-

919 2075 1073 2112 gerent.»
1097 2066 1168 2099 Cic.
1184 2067 1244 2099 lib.
1262 2067 1295 2098 II
1307 2091 1316 2107 ,
1329 2066 1433 2100 Offic.
1452 2079 1529 2112 cap.
1550 2068 1568 2101 3
1581 2093 1590 2107 ,

921 2120 938 2153 5
952 2131 959 2151 :
978 2136 990 2148 «
1006 2120 1055 2152 Ex
1069 2132 1138 2165 quo
1153 2119 1350 2158 conficitur,
1366 2127 1403 2151 ut
1420 2119 1590 2165 quidquid

918 2171 1103 2204 honestum
1125 2171 1187 2211 sit,
1214 2170 1307 2203 idem
1331 2171 1371 2203 sit
1391 2172 1511 2204 utile.»
1537 2172 1589 2205 Ita

919 2224 1008 2257 enim
1029 2223 1076 2256 ibi
1094 2223 1207 2268 scripti
1224 2248 1231 2263 ‚
1251 2224 1307 2255 ubi
1325 2225 1428 2269 vulgo
1441 2226 1587 2270 efficitur.

918 2276 972 2308 Id.
988 2276 1049 2308 lib.
1063 2278 1096 2308 II
1110 2301 1118 2316 ⁷
1134 2275 1176 2308 de
1191 2276 1320 2309 invent.
1339 2290 1414 2322 cap.
1433 2282 1476 2320 49
1492 2289 1500 2309 :
1521 2278 1589 2309 «Ex

919 2342 989 2374 quo
1001 2329 1204 2368 conficitur,
1217 2337 1253 2361 ut
1265 2354 1273 2369 ‚
1286 2330 1312 2362 si
1324 2330 1414 2374 leges
1425 2329 1500 2362 duae
1511 2344 1590 2364 con-

919 2394 1047 2415 servari
1058 2394 1127 2414 non
1138 2390 1267 2426 possint
1279 2406 1287 2421 ‚
1300 2394 1338 2414 ea
1349 2383 1499 2415 maxime
1510 2395 1589 2416 con-

917 2434 1084 2467 servanda
1100 2441 1258 2479 putetur,
1273 2446 1349 2480 quae
1364 2433 1409 2466 ad
1423 2434 1588 2469 maximas

915 2500 970 2520 res
985 2487 1155 2532 pertinere
1171 2485 1340 2520 videatur.
1356 2502 1369 2514 ι»
1385 2485 1429 2518 Η.

966 2544 998 2572 8.
1019 2541 1177 2571 Adimam
1189 2541 1332 2582 gratiam
1348 2540 1426 2576 illis,
1441 2552 1462 2569 α
1477 2542 1588 2582 quibus

917 2595 1052 2635 capitur.
1069 2593 1167 2624 Rom.
1184 2593 1339 2622 Adimam·
1349 2593 1490 2633 gratiam
1507 2595 1584 2633 illis,

917 2648 1027 2687 quibus
1041 2647 1175 2687 cupitur.
1191 2643 1235 2674 H.

965 2710 995 2738 9.
1019 2701 1201 2728 Assecntnm
1215 2707 1263 2726 me
1278 2707 1352 2727 esse.
1369 2693 1443 2728 Hoc
1466 2696 1587 2731 ordine

918 2757 950 2783 et
968 2751 1065 2782 Rom.
1088 2749 1130 2781 H.
1153 2768 1196 2772 »-
1214 2746 1318 2791 Vulg.
1347 2761 1407 2780 ass.
1432 2761 1496 2781 esse
1526 2764 1582 2782 me.
