1757 2880
251 198 305 224 xx
766 182 1116 224 PRAEFATIO

247 280 334 323 sait
350 295 432 341 par
448 279 487 323 le
499 295 611 323 nom
627 279 780 324 meme
800 277 1147 341 (Z'Ise'lczstiques
1158 313 1169 331 ‚
1187 277 1344 340 lequel
1358 279 1469 323 etait
1483 277 1642 323 donne

244 372 346 408 tant
372 365 396 408 a
424 363 548 407 leurs
570 364 709 424 jeux,
737 362 843 425 qu'a
872 362 996 407 leurs
1022 362 1282 425 privileges.
1312 364 1376 407 Ce
1403 378 1515 407 nom
1541 379 1645 425 sup-

246 447 399 509 posait
426 464 485 492 en
516 445 627 492 effet
655 464 749 492 une
785 449 944 492 entre'e
979 445 1236 491 solennelle
1275 446 1391 491 dans
1426 447 1469 491 la
1497 447 1645 509 patrie

245 531 309 576 du
347 533 624 593 vainqueur.
670 530 791 576 D'ou
832 531 864 575 il
904 531 1069 575 suivait
1109 547 1202 593 que
1249 530 1292 574 la
1337 534 1646 592 reeompense

246 616 364 661 dont
382 617 412 660 il
435 617 657 679 s'zigissait
681 634 741 661 ne
765 616 830 661 lui
853 616 964 661 etait
992 615 1082 660 due
1110 632 1203 678 que
1227 614 1291 659 du
1322 615 1432 675 jour
1449 615 1506 659 de
1525 623 1647 659 cette

247 706 435 757 entree‚
469 719 617 764 quum
653 707 756 764 qais
785 707 832 746 in
862 706 1089 746 civitatem
1126 717 1258 746 suam
1286 703 1382 762 ipse
1419 701 1647 753 εἰσήλασεν,

247 787 430 831 suivant
460 787 501 831 la
531 804 637 850 sage
668 790 872 849 reponse
901 786 958 831 de
988 787 1167 847 Trajan.

309 890 329 910 «
345 873 409 914 Ce
428 886 534 915 sens
555 880 624 915 est
644 870 777 927 emir,
796 880 841 914 et
862 870 1060 915 naturel.
1082 870 1196 914 Mais
1214 885 1289 913 ces
1306 877 1429 912 mots
1448 877 1651 912 extraor-

247 952 475 1010 dinaires,
513 954 761 1007 helmrici,
800 965 847 998 et
891 954 1259 1007 [mmmmm-um,
1299 953 1477 997 n'etant
1514 952 1654 1014 point

248 1037 481 1081 emendus
516 1037 598 1082 des
630 1038 856 1099 copsstes,
885 1047 970 1082 ont
1006 1054 1111 1082 sans
1143 1038 1288 1081 doute
1316 1037 1475 1082 donne
1505 1037 1601 1081 lieu
1627 1038 1653 1081 a

250 1120 348 1163 leur
383 1121 611 1182 meprise,
651 1136 835 1164 comme
863 1121 895 1164 il
935 1121 1052 1165 n’est
1086 1121 1235 1165 arrive
1267 1137 1361 1183 que
1395 1131 1503 1184 trop
1541 1137 1652 1166 sou-—

247 1214 369 1249 vent.
390 1226 410 1246 »

310 1292 379 1333 De
409 1288 578 1333 eodem
610 1288 716 1334 loco
759 1288 857 1350 ipse
889 1288 1255 1351 Hagenbuchius
1293 1290 1343 1332 in
1376 1289 1559 1351 epistol.
1597 1288 1655 1333 ad

250 1373 450 1417 Gorium
476 1389 578 1435 pag.
607 1371 693 1426 451
719 1390 727 1416 :

313 1461 449 1519 «Pag.
480 1475 493 1502 1
511 1475 548 1503 1.
575 1461 866 1520 κριτικώτατος
899 1457 1181 1504 Bouhierias
1207 1467 1486 1521 corruptum
1518 1456 1657 1502 Plinii

251 1541 678 1605 locumrestituere
698 1558 943 1605 aggressus
965 1552 1046 1587 est.
1074 1544 1228 1600 Quem
1250 1543 1408 1587 locum
1429 1543 1539 1605 quia
1562 1541 1656 1586 edi-

252 1636 376 1671 tores
389 1626 589 1671 Pliniani
608 1628 912 1672 nesciverunt
928 1644 952 1672 a
969 1630 1090 1673 Sam.
1115 1629 1266 1673 Petito
1281 1636 1513 1672 tentatum
1535 1641 1631 1670 esse
1644 1662 1656 1682 ,

253 1712 352 1772 ejus
379 1711 522 1757 verba
548 1712 607 1756 cle
637 1715 743 1775 Leg.
770 1714 865 1758 Alc.
887 1730 1003 1776 pag.
1034 1713 1092 1758 62
1111 1748 1122 1769 ‚
1156 1716 1254 1756 init.
1288 1711 1500 1772 subjicio.
1531 1713 1656 1755 «Re-

255 1795 410 1841 scribo
436 1815 444 1840 ε
468 1799 570 1858 Ego
589 1814 738 1859 quam
761 1797 1044 1854 transcribo,
1074 1797 1420 1842 Iselasticorum
1436 1831 1447 1850 ‚
1470 1800 1660 1840 nomine

255 1884 415 1941 itaque
441 1896 604 1925 eoram
625 1881 928 1926 vehementer
951 1881 1250 1937 addubitem,
1280 1898 1345 1925 an
1365 1884 1421 1925 sil
1434 1883 1594 1942 potius
1611 1880 1665 1924 id

257 1974 466 2025 tempus,
484 1981 579 2025 qao
601 1967 832 2023 εἰσέλασαν,
848 1967 1138 2012 Intuendum.
1161 1969 1341 2028 Nempe
1367 1979 1517 2027 quum
1535 1963 1661 2009 libel-

257 2045 355 2091 lum
383 2046 442 2091 ab
480 2047 727 2094 Iselastc‘ct's
764 2049 853 2094 sibi
899 2049 1113 2094 oblatum
1156 2050 1431 2112 imperatori
1470 2049 1660 2093 mitten·

258 2130 372 2174 dum
402 2131 737 2176 transcriberet
764 2132 964 2189 Plinius,
995 2134 1099 2195 ipso
1129 2150 1295 2178 eorum
1330 2133 1526 2177 nomine
1557 2147 1662 2175 mo—

259 2214 384 2258 nitus
414 2212 547 2258 faeile
572 2214 691 2259 vidit
716 2215 976 2260 [selastz'cos
1005 2216 1157 2260 dictos
1191 2215 1362 2271 fuisse,
1388 2232 1487 2260 non
1520 2232 1576 2259 ex
1605 2231 1662 2260 eo

260 2305 497 2358 tempore,
524 2314 621 2359 quo
649 2307 759 2342 sunt
786 2300 1028 2354 coronati,
1058 2299 1139 2344 sed
1163 2317 1219 2344 ex
1244 2316 1341 2362 quo
1371 2301 1568 2362 patriam
1595 2300 1662 2344 in-

262 2383 383 2426 vecti
408 2391 543 2437 sunt,
565 2384 824 2426 εἰσέλασαν.»
847 2382 1089 2428 Editiones
1122 2384 1259 2428 Plinii
1287 2384 1662 2446 praestantiores,

263 2465 523 2509 Hearniana
540 2501 551 2521 ,
577 2474 623 2510 et
651 2467 906 2511 novissima
934 2467 1252 2528 Longoliana,
1283 2467 1663 2512 emendationem

265 2548 490 2593 Sehefferi
523 2548 703 2593 habent
733 2568 740 2593 ε
782 2553 880 2612 Ego
916 2560 1082 2595 cuncta
1121 2550 1277 2595 scribo
1318 2550 1664 2595 Iselasticorum

266 2631 459 2675 nomine
485 2649 493 2674 ε
524 2635 590 2675 ila
615 2642 770 2677 tamen,
797 2643 848 2676 ut
875 2633 1182 2679 vehementer
1209 2632 1497 2678 addubitem.
1526 2634 1572 2677 Si
1601 2637 1667 2678 ita,
