1742 2989
249 200 340 245 386

647 201 694 243 C.
730 198 960 242 PLINII
994 199 1118 241 LIB.
1155 200 1241 241 VI.

246 283 313 327 cui
349 283 460 326 ratio
492 281 684 325 civilium
712 279 959 323 officiorum
989 279 1289 323 necessitatem
1321 280 1555 341 quamdam
1586 283 1655 335 nj-

245 356 352 413 togis
373 356 581 416 imponitg
605 353 756 405 debet„
777 351 1018 396 secundum
1039 352 1312 397 conditiones
1333 355 1498 409 mariti,
1515 365 1654 413 veste,

245 429 458 472 comitatu
486 427 665 488 (quibus
694 443 783 469 non
812 425 987 486 quiden]
1019 435 1205 486 augetur
1231 426 1443 487 dignitas,
1472 438 1657 472 ornatur

211 536 216 540 <
244 501 412 562 tamen)
445 501 612 544 instrui.
636 502 698 543 Te
730 515 862 559 porro
895 498 1043 543 animo
1071 498 1398 554 lmatjssilmnn,
1433 499 1654 544 modicum

245 575 524 619 facultatibus
551 574 654 617 scio.
685 576 837 633 Itaque
863 582 1032 633 partem
1061 574 1206 616 oneris
1236 574 1298 616 tui
1327 573 1433 616 mihi
1458 574 1654 631 vindico,

244 658 284 691 ct
313 658 524 708 tanquam
551 663 708 708 parens
734 645 843 689 alter
870 644 1025 706 puellae
1049 655 1207 689 nostrae
1233 646 1412 690 confero
1438 647 1655 707 quinqua-

243 721 365 781 ginta
393 719 528 764 millia
558 735 791 762 nummum
820 737 827 762 :

857 717 955 779 plus
989 717 1252 771 collaturus,
1278 720 1360 763 nisi
1393 736 1418 763 a
1441 736 1673 766 verecun-.

242 793 312 836 (lia
337 803 410 836 tua
436 793 525 837 sola
553 792 853 835 mediocritate
874 791 1124 835 munusculi
1148 792 1373 852 impetrari
1401 809 1526 853 posse
1551 806 1670 836 (Ὁτι-Ι

242 866 445 922 fiderem⁷
467 883 521 909 ne
546 882 780 910 recusares.
801 864 925 908 Vale.

238 999 429 1032 Celtiberiae
448 998 628 1044 praesidem
648 998 763 1031 fuisse.
786 997 851 1029 ΕΙ).
867 1017 911 1021 --

238 1054 415 1083 Secundum
425 1053 638 1089 conditiones,
653 1059 717 1084 etc.
731 1052 847 1082 Rom.«
858 1050 911 1083 SC-

239 1104 395 1137 cundum
417 1103 630 1137 conditiones
656 1102 771 1136 mariti
800 1109 910 1141 veste,

239 1157 405 1190 comitatu
413 1157 531 1202 augeri
541 1182 549 1195 ,
557 1155 642 1201 quib
647 1168 684 1188 us
692 1167 761 1188 non
769 1153 911 1200 quidem

240 1217 383 1255 augetur
401 1209 551 1255 dignitas
563 1234 571 1249 ‚
592 1215 733 1242 ornatur
749 1216 864 1240 tamen
881 1215 913 1240 et

239 1262 431 1296 instruitur.
444 1279 457 1292 n
473 1262 516 1295 H.
526 1282 572 1287 ——
582 1262 697 1294 Placet
710 1260 781 1293 haec
797 1260 912 1298 lectio,

240 1327 315 1359 quae
328 1316 409 1348 item
422 1315 569 1348 aliorum
580 1314 748 1347 librorum
758 1320 820 1345 est.
831 1313 915 1345 Prae-

241 1374 332 1401 terea
355 1380 434 1401 cum
459 1366 577 1401 Cortio
597 1374 629 1399 et
652 1365 805 1411 Gierigio
830 1364 913 1398 scri-

242 1419 394 1452 bendum
408 1445 417 1460 ‚
442 1420 539 1452 libris
558 1418 793 1465 praeeuntibus
808 1442 816 1457 ‚
840 1430 915 1449 con·

241 1474 406 1504 ditionem.
430 1471 604 1505 Pluralem
632 1471 699 1503 hoc
725 1482 828 1504 sensu
859 1469 914 1502 vix

240 1524 404 1569 reperias„
423 1524 457 1557 S.

289 1590 320 1610 2.
337 1578 502 1608 Illodicnm
510 1577 738 1619 facultatibus.
760 1576 836 1608 Non
852 1586 914 1618 pro

240 1629 378 1662 rhetore
394 1639 402 1660 z
418 1640 500 1661 nam
513 1627 560 1659 sic
573 1627 670 1660 dives
685 1635 756 1660 erat
773 1626 912 1659 Fabius.

240 1680 323 1713 Vid.
345 1681 468 1713 Juven.
488 1680 555 1712 VII
571 1706 579 1721 ‚
603 1679 681 1718 188,
711 1692 761 1724 sq.
783 1680 914 1711 Verum

240 1746 303 1778 pro
317 1746 443 1778 genero
455 1757 463 1772 ,
480 1733 553 1766 viro
564 1731 745 1777 splendido
757 1757 765 1770 ‚
781 1738 813 1763 et
828 1730 915 1763 forte

242 1786 412 1831 Hispaniae
432 1784 596 1825 Praeside‚
612 1783 707 1830 quod
724 1783 913 1829 conjiciunt

240 1838 301 1871 viri
328 1838 419 1871 docti
445 1851 523 1871 eum
548 1850 639 1878 esse,
666 1837 709 1869 sle
732 1850 801 1882 quo
823 1837 913 1869 Mar-

979 997 1068 1029 tialis
1085 997 1153 1029 VII
1169 1021 1177 1036 ,
1199 997 1254 1029 51.
1273 997 1356 1030 Vid.
1384 997 1482 1031 Praef.
1508 999 1653 1039 Quintil.

980 1051 998 1091 §
1014 1061 1033 1091 9
1046 1074 1055 1088 ‚
1076 1061 1128 1082 11.
1146 1049 1189 1081 G.
1208 1049 1301 1082 Add.
1320 1050 1466 1083 Gesner.
1485 1050 1528 1084 ad
1545 1052 1655 1092 Quin=

978 1101 1030 1133 til.
1047 1102 1070 1134 l.
1091 1102 1114 1133 l.

1025 1175 1070 1179 —
1083 1159 1213 1186 Partem
1232 1156 1336 1186 oneris
1352 1157 1399 1186 tui
1417 1157 1497 1187 mihi
1509 1157 1652 1188 vindico.

979 1209 1207 1250 Rom.parcem
1227 1208 1332 1238 oneris
1351 1209 1400 1238 tui
1415 1209 1549 1240 vindico
1570 1210 1655 1240 mihi,

980 1260 1023 1293 H.
1046 1280 1092 1285 —
1117 1262 1207 1291 Alter
1225 1258 1400 1292 exciderat
1425 1259 1461 1292 in
1489 1259 1570 1292 edit.
1592 1259 1656 1294 Ge-

981 1312 1141 1346 sneriana
1155 1337 1163 1352 ‚
1174 1312 1385 1357 negligentia
1397 1336 1406 1352 ,
1420 1319 1504 1357 puto
1515 1337 1524 1352 ‚
1537 1325 1657 1359 opera·

980 1377 1071 1398 rum.
1090 1366 1211 1410 Itaque
1228 1363 1359 1397 addidi.
1376 1365 1410 1398 S.
1426 1385 1471 1389 —
1486 1368 1657 1408 Impetrmv'

975 1430 1069 1460 posse
1107 1419 1311 1460 confiderem.
1344 1417 1442 1449 Rom.
1480 1421 1655 1460 Impetrare

976 1483 1070 1513 posse
1092 1472 1297 1514 confiderem.
1315 1469 1360 1502 H.
1376 1470 1509 1502 Verum
1523 1469 1589 1502 hoc
1607 1470 1654 1502 vi—

982 1522 1095 1555 detur.
1125 1522 1298 1554 Mutatum
1311 1547 1319 1561 ‚
1350 1522 1385 1553 ni
1413 1521 1527 1561 fallor,
1560 1521 1655 1567 quod

980 1574 1198 1620 pronominis
1218 1575 1343 1619 ellipsis
1363 1573 1568 1607 offenderet.
1587 1574 1653 1607 Sed

980 1627 1052 1660 haec
1077 1626 1161 1658 nihil
1186 1625 1290 1659 habet
1315 1625 1394 1658 (luri
1421 1634 1481 1658 aut
1502 1626 1651 1658 insoliti:

980 1691 1181 1724 quanquam
1207 1679 1356 1711 librariis
1382 1679 1454 1711 fore
1477 1677 1564 1711 adeo
1588 1678 1653 1711 dis*

980 1732 1124 1776 plicuit,
1147 1739 1182 1763 ut
1209 1744 1302 1764 nunc
1329 1744 1519 1776 pronomen
1554 1732 1653 1764 infer=

980 1784 1087 1817 cirent
1099 1809 1107 1824 ‚
1120 1796 1213 1816 nunc
1223 1809 1232 1824 ‚
1246 1791 1283 1817 ut
1293 1784 1359 1816 hoc
1372 1784 1447 1817 loco
1457 1810 1464 1820 ,
1477 1784 1650 1829 passivum

980 1849 1042 1882 pro
1058 1837 1172 1869 activo
1187 1836 1386 1870 scriberent.
1401 1837 1434 1869 S.
