1742 2989
167 411 207 442 16

182 1785 200 1817 Γ..)

238 175 329 228 438
632 181 678 223 C.
716 183 939 226 PLINII
975 185 1245 229 Llsspwl.

237 274 369 318 rogo,
404 260 692 305 eruditionem
727 272 848 307 tuam
883 265 1094 309 intendas.
1126 267 1275 328 Digna
1305 284 1372 312 res
1398 279 1483 325 est,
1511 288 1642 331 quam

235 331 310 375 diu
341 333 618 395 multumque
643 338 890 382 consideres
914 356 922 382 :
944 355 998 383 ne
1021 357 1103 400 ego
1125 341 1302 401 quidem
1323 342 1552 405 indignus,
1573 346 1643 389 cui

235 406 407 465 copiam
433 409 624 452 scientiae¹
646 420 730 453 tuae
752 411 895 456 facias.
917 413 1042 457 Licet
1065 415 1196 458 etiam
1220 425 1452 478 utramque
1475 418 1520 462 in
1545 435 1644 479 par-

234 488 344 533 tem,
381 491 430 524 ut
456 481 590 539 soles⁷
612 483 806 544 disputes
837 503 846 529 :
877 502 929 530 ex
955 486 1090 531 altera
1116 496 1261 532 tamen
1288 489 1464 544 fortius,
1489 508 1544 535 ne
1574 508 1643 535 me

233 569 491 613 suspensum
524 556 828 619 incertumque
863 559 1075 614 dimittas,
1095 577 1232 621 quum
1253 563 1361 606 mihi
1387 563 1643 607 consulendi

233 642 383 671 caussa
409 628 565 681 fuerit,
596 641 645 674 ut
671 631 872 676 dubitare
895 633 1153 678 desinerem.
1182 635 1301 679 Vale.

246 768 362 779 mss-M
369 770 853 783 ιἉιΜιιςἋικκ-κινιιπιὶιω
858 773 915 783 nn
921 774 975 783 vs*
981 775 1035 783 xxm
1041 775 1158 784 umnam
1163 776 1381 787 «Λίνῳ-,ΜΝ
1387 777 1566 788 mmm«
1571 778 1630 788 αι’-ι

776 889 1098 946 XXVIII.

231 1029 498 1078 Reprehensus
515 1044 536 1067 a
551 1031 745 1067 nonnullis
757 1061 765 1076 ,
780 1032 883 1082 qnod
906 1033 1063 1069 nimium
1083 1035 1222 1071 amicos
1241 1035 1391 1081 laudet,
1407 1049 1535 1073 amore
1552 1050 1590 1074 se
1608 1046 1644 1073 et

659 1095 902 1146 benignitatis
925 1098 1053 1134 officio
1077 1107 1216 1134 tuctur.

513 1225 552 1253 C.
591 1227 822 1256 PLINIUS
858 1229 1122 1257 SEPTICIO
1151 1213 1169 1230 *
1204 1230 1306 1258 SUO
1342 1232 1377 1259 S.

294 1337 408 1390 Ais⁷
433 1335 646 1396 quosdam
673 1336 789 1397 apud
814 1346 856 1380 te
878 1337 1230 1397 reprehendisse,
1251 1348 1460 1399 tanquam
1481 1340 1644 1384 amicos

230 1425 349 1451 meos
379 1426 432 1452 ex
460 1409 580 1453 omni
609 1411 838 1454 occasione
870 1410 985 1454 ultra
1015 1411 1195 1455 niodum
1223 1411 1409 1456 laudem.
1440 1414 1645 1473 Agnosco

228 1482 415 1537 crimen,
454 1483 696 1543 amplector
736 1484 866 1527 etiam
898 1501 906 1526 :
949 1484 1054 1543 quid
1094 1485 1211 1527 enim
1249 1485 1475 1528 honestius
1514 1485 1645 1546 culpa

226 1555 541 1615 benignitatis?
563 1557 653 1612 Qui
675 1567 777 1600 sunt
791 1567 937 1600 tamen
956 1557 1025 1600 isti
1043 1592 1054 1611 ‚
1072 1558 1147 1617 qui
1167 1558 1329 1602 amicos
1348 1575 1467 1602 meos
1488 1557 1644 1601 melius

227 1645 297 1670 me
326 1629 506 1672 norint?
532 1629 607 1671 sed
639 1639 688 1672 ut
714 1629 883 1683 norint,
913 1629 1019 1688 quid
1042 1629 1238 1672 invident
1265 1630 1375 1673 mihi
1395 1629 1645 1674 felicissimo

227 1701 405 1745 errore?
423 1704 483 1746 Ut
501 1703 617 1746 enim
639 1718 727 1745 non
752 1703 839 1745 sint
862 1701 987 1757 tales,
1013 1701 1161 1762 quales
1187 1719 1210 1746 a
1236 1720 1303 1746 ine
1322 1703 1643 1764 praedicantur,

227 1791 308 1835 ego
324 1784 470 1818 tamen
487 1776 640 1819 beatus
654 1810 665 1830 ,
684 1775 803 1835 quod
820 1775 928 1818 milii
945 1774 1161 1819 videntur.
1181 1777 1322 1836 Igitur
1337 1776 1391 1820 ad
1406 1776 1512 1820 alios
1532 1777 1645 1819 hanc

227 1848 448 1891 sinistram
463 1848 737 1909 diligentiam
753 1847 983 1891 conferant
998 1847 1097 1908 (nec
1112 1859 1214 1892 sunt
1232 1865 1386 1909 parum
1404 1849 1550 1909 multi)
1568 1849 1641 1909 qui

227 1936 407 1979 carpere
427 1923 591 1963 amicos
612 1935 713 1963 suos
729 1920 945 1978 judiciuin
966 1931 1126 1962 vocant
1146 1938 1154 1963 :
1177 1922 1284 1963 mihi
1304 1939 1530 1981 nunquam
1554 1937 1644 1981 per—

229 1992 498 2047 suadebunt,
525 2001 575 2035 ut
603 2008 722 2035 ineos
748 1992 885 2034 amari
910 2008 933 2034 a
959 2008 1028 2035 ine
1052 1993 1237 2035 nimium
1258 2003 1422 2053 putem.
1452 1993 1574 2037 Vale.

274 2108 460 2141 XXVIII.*
468 2109 517 2141 De
527 2111 661 2152 Septicio
673 2107 803 2141 dictum
816 2106 860 2140 ad
871 2107 901 2149 I,

228 2173 282 2205 ep.
306 2173 335 2193 1.
353 2161 420 2193 En.

969 2106 1110 2150 (dicitnr
1123 2108 1166 2141 de
1181 2109 1222 2140 iis
1232 2109 1292 2153 qui
1305 2109 1423 2141 fecisse
1434 2104 1616 2153 gaudent).
1628 2126 1641 2139 ³,

1018 2173 1049 2194 2.
1071 2163 1262 2193 Felicissimo
1285 2174 1401 2193 errore.
1429 2162 1483 2194 Sic
1506 2161 1601 2194 dedit
1625 2175 1643 2195 e

279 2225 308 2246 1.
332 2217 511 2256 Tanquam.
532 2212 609 2244 Aldi
629 2215 718 2254 quod
734 2225 753 2245 a
772 2212 902 2257 glossa-

228 2273 301 2298 tore
313 2267 518 2310 profectum.
532 2265 612 2297 Vid.
632 2264 674 2297 ad
689 2266 741 2297 III
752 2290 761 2305 ,
784 2278 803 2309 9
816 2291 824 2304 ,
842 2265 898 2299 33.

275 2338 319 2342 ——
330 2323 479 2361 Agnosco
489 2342 613 2350 ......
623 2321 807 2360 amplector.
823 2319 900 2350 Non

227 2370 334 2403 modo
362 2383 512 2416 agnosco
534 2369 621 2404 illud
648 2371 779 2404 crimen
806 2384 899 2409 esse,

229 2422 288 2456 sed
303 2431 334 2456 et
349 2424 434 2456 mihi
445 2425 578 2469 imputo
589 2448 598 2464 ‚
609 2425 750 2470 ejusque
761 2423 899 2469 culpam

228 2475 356 2508 tribuo.
379 2476 469 2510 Hinc
489 2476 664 2521 sequentia
685 2487 691 2507 :
715 2479 801 2517 Quid
819 2479 902 2508 euim

229 2530 388 2561 honestius
420 2533 512 2573 culpa
547 2531 749 2572 benignitatis
761 2536 777 2560 :³
804 2530 843 2562 E.
857 2549 903 2554 -—

228 2580 353 2613 Melius
381 2581 475 2615 Gier.
501 2594 508 2614 :

228 2644 305 2665 rum
317 2658 325 2673 ,
337 2635 397 2679 qui
409 2634 541 2680 aliquid
556 2633 751 2668 concedunt
761 2660 770 2674 ‚
782 2647 900 2667 verum

230 2698 300 2718 esse
313 2687 475 2720 fatentur*
490 2690 685 2730 Ampleccor‚
699 2699 739 2720 eo
749 2686 902 2720 delector

540 2599 552 2611 ι(
572 2586 718 2625 Agnosco
753 2594 817 2613 vox
847 2594 902 2614 eo—

968 2213 1066 2245 ]ibris
1082 2214 1218 2246 Cortius
1232 2238 1240 2253 ‚
1259 2221 1290 2246 et
1310 2214 1359 2247 sic
1380 2214 1470 2246 hanc
1487 2221 1619 2247 aetatem
1631 2238 1640 2253 ‚

966 2265 1148 2311 ipsumque
1172 2274 1348 2305 nostrum,
1373 2278 1452 2298 usos
1481 2268 1643 2297 invidendi

966 2319 1071 2351 verbo
1083 2344 1090 2357 ‚
1105 2327 1183 2364 post
1199 2318 1283 2351 alios
1299 2317 1342 2351 ad
1357 2318 1501 2359 Quintil.
1518 2319 1581 2357 IX,
1599 2321 1616 2349 3
1631 2343 1639 2357 ,

972 2383 1002 2409 1,
1032 2371 1181 2417 itemque
1213 2372 1245 2403 in
1273 2371 1458 2410 thesauro,
1486 2370 1545 2416 qui
1573 2381 1640 2414 prae

967 2424 1126 2457 manibus
1149 2432 1218 2464 est,
1244 2436 1334 2456 novo
1360 2423 1491 2456 Latinae
1516 2422 1640 2466 linguae

967 2477 1193 2510 ostendimus.
1204 2477 1254 2509 De
1264 2489 1327 2509 usu
1337 2476 1443 2509 nostri
1454 2475 1555 2508 index
1563 2487 1641 2507 con-

968 2531 1032 2563 suli
1051 2538 1173 2575 potest.
1189 2530 1232 2563 G.

1014 2584 1046 2615 3.
1058 2584 1274 2626 Diligentiam.
1285 2581 1471 2616 Severitate
1482 2579 1637 2612 censoria

967 2634 1165 2680 inquirendi
1185 2634 1220 2667 in
1240 2633 1326 2666 alios
1339 2658 1348 2672 ‚
1369 2631 1578 2677 laudemque
1598 2631 1638 2663 iis

966 2687 1118 2721 debitam
1148 2686 1193 2720 ad
1219 2685 1384 2719 amussim
1411 2684 1579 2730 exigendi.
1600 2684 1633 2716 S.
