1742 2989
633 188 987 231 EPISTOLA
1023 188 1108 229 XI.
1483 186 1565 240 341

168 271 275 313 Tam
303 284 400 312 rara
431 269 475 311 in
501 268 702 312 amicitiis
735 269 866 324 fides,
893 278 981 312 tam
1007 277 1159 328 parata
1185 267 1345 311 oblivio
1372 277 1569 311 mortuo-
1600 281 1616 313 5

168 358 266 384 rum
283 377 294 397 ,
317 350 366 384 ut
389 341 470 401 ipsi
493 341 620 384 nobis
645 341 880 385 debeamus
904 343 1034 385 etiam
1058 341 1302 397 conditoria
1328 350 1571 394 exstruere,

168 415 401 474 omniaque
431 413 642 457 heredum
672 414 816 458 officia
842 430 1115 475 praesumere.
1146 416 1260 458 Nam
1292 413 1361 456 cui
1394 430 1481 456 non
1509 424 1573 457 est.
1597 422 1617 451 6

166 486 428 541 verendum,
452 487 571 547 quod
597 487 793 531 videmus
821 487 1024 532 accidisse
1043 485 1284 547 Verginio?
1305 488 1428 547 cujus
1454 488 1572 547 inju-

166 561 276 603 riam
307 569 356 603 ut
383 559 699 621 indigniorem,
726 563 786 605 sic
817 562 947 605 etiam
985 561 1204 604 notiorem
1238 561 1372 620 ipsius
1400 559 1572 617 claritas

166 616 280 675 Γᾶςίἶῑ
296 631 418 675 Vale.

164 763 359 790 versantem
389 757 537 790 Galbam
554 784 563 799 ,
600 754 675 793 lxm]
697 762 810 799 ἐκεῖνος
825 786 834 802 ,

163 809 278 850 addit,
303 814 367 850 τοῖς
399 812 429 851 ἐξ
452 814 550 857 ἀρχῆς

902 763 1026 795 -ὸνΟὐε
1016 774 1078 807 ργι
1071 758 1193 795 {umam}
1181 762 1455 806 χεσθαιτηνῆγε
1452 776 1473 794 υ,
1478 773 1574 801 :mot-1,

578 815 719 858 ἐμμένων
748 819 834 860 λογι-
899 815 920 850 ἦ
941 829 974 848 τ
963 829 992 848 ον
1017 812 1126 859 σίὸηρο
1130 829 1143 846 ν
1162 828 1192 847 γ..
1212 828 1243 848 τ.
1263 820 1292 847 λ.
1317 813 1446 846 Ultima
1470 813 1575 845 xerba

164 866 272 908 σμοῖς,
288 865 443 908 ἐφύλαττε
461 870 501 909 τῇ
519 866 684 911 συγκλήτῳ
702 867 757 902 τὴν
781 867 835 899 αἴ-

163 929 243 959 ρεσιν
259 920 312 950 τοῦ
325 918 835 963 αὐτοκράτορος-καίτοι,φανερᾶς

160 982 196 1012 γε
218 973 274 1008 τῆς
302 971 443 1014 Νέρωνος
470 975 617 1010 τελευτῆς
646 973 836 1017 γενομένης,

162 1022 199 1054 τό
227 1035 262 1054 τε
293 1025 409 1061 πλῆθος
434 1025 568 1057 ἐνέκειτο
595 1029 639 1070 τῷ
666 1025 836 1070 Οὐεργινίῳ

164 1075 280 1115 πάλιν,
297 1075 350 1108 καὶ
373 1080 433 1108 τῶν
458 1078 626 1120 χιλιάρχων
653 1091 699 1115 τις
721 1081 783 1110 τῶν
807 1079 835 1109 ἐν

160 1129 201 1168 τῇ
213 1132 313 1171 σκηνῇ
324 1130 534 1173 σπασάμενος
551 1130 701 1174 τὸδξίφος,
717 1131 836 1162 ἐκέλευε

902 866 1037 899 facilius
1062 865 1253 910 intelliges,
1278 873 1369 899 certe
1394 872 1526 903 vertes,
1547 865 1575 896 si

902 918 1098 952 memineris
1113 943 1121 958 ‚
1143 917 1389 963 gladiatoribus
1413 918 1576 951 inclama-

902 979 975 1004 tum
988 997 996 1011 ,
1006 973 1133 1015 ferrum
1153 973 1328 1014 reciperent
1338 976 1354 1003 Ρ
1368 970 1411 1003 G.

951 1024 983 1056 5.
1007 1028 1048 1055 Ut
1061 1026 1120 1067 ipsi
1133 1026 1221 1055 nobis
1234 1050 1244 1062 ‚
1263 1031 1328 1056 etc.
1345 1025 1442 1056 Rom.
1463 1027 1502 1054 Ut
1516 1025 1577 1066 ipsi

904 1078 991 1108 uobis
1009 1078 1177 1108 debeamus
1195 1078 1376 1108 conditoria
1392 1085 1553 1107 eaestruere
1563 1101 1571 1113 ,

904 1128 1040 1161 excluso
1055 1131 1162 1160 etiam.
1178 1129 1222 1160 H.

170 1252 1562 1267 mmmmmwummwswsmsutmmxntmtxwxnsmsmmmmxmm

810 1380 926 1434 XI.

158 1530 345 1574 Laetatur‚
363 1528 511 1565 nobiles
529 1529 787 1566 adolescentes
808 1529 854 1566 ad
875 1530 932 1566 sui
951 1530 1199 1566 imitationem
1220 1530 1359 1579 egisse,
1379 1539 1415 1566 et
1432 1542 1569 1566 nomen

210 1606 253 1629 ac
275 1593 411 1630 famam
432 1607 478 1629 ex
498 1593 630 1630 studiis
649 1603 791 1643 petere.
815 1593 942 1631 Habes
959 1594 1021 1631 hic
1042 1595 1281 1632 verissimum
1303 1595 1418 1631 animi
1441 1594 1568 1631 laetitia

210 1657 457 1694 redundantis
475 1670 700 1694 sermonem.
722 1661 790 1695 En.

445 1792 485 1820 C.
522 1792 754 1820 PLINIUS
789 1792 1026 1821 MAXIMO
1055 1775 1075 1795 *
1105 1791 1204 1820 SUO
1240 1792 1274 1820 S.

221 1904 262 1946 O
283 1902 397 1946 diem
417 1899 582 1946 laetuml
604 1902 825 1946 adhibitus
843 1903 888 1944 in
905 1901 1136 1946 consilium
1156 1919 1179 1946 a
1197 1904 1402 1964 praefecto
1422 1906 1564 1960 urbis,

158 1974 304 2019 audivi
328 1991 379 2018 ex
398 1975 566 2018 diverso
591 1984 766 2036 agentes
787 1991 965 2018 summae
989 1976 1101 2035 spei,
1126 1992 1303 2020 summae
1327 1977 1483 2021 indolis
1499 1979 1565 2037 ju-

157 2065 285 2092 venes
316 2048 448 2102 duos,
476 2050 664 2092 Fuscum
691 2047 981 2092 Salinatorem
1011 2059 1053 2092 et
1076 2049 1334 2094 Numidium
1359 2051 1562 2107 Quadra-

156 2129 275 2176 tum,
302 2121 526 2181 egregium
562 2137 668 2181 par,
702 2137 784 2164 nec
812 2120 942 2164 modo
973 2122 1245 2182 temporibus
1277 2124 1462 2179 nostris,
1489 2124 1561 2167 sed

156 2190 291 2235 literis
322 2193 424 2253 ipsis
456 2203 715 2237 ornamento
748 2193 962 2238 futurum.
993 2196 1109 2239 Mira
1135 2196 1310 2256 utrique
1341 2197 1563 2257 probitas,
1590 2217 1605 2235 τι

201 2320 263 2352 XI.
278 2320 293 2335 *
311 2320 360 2352 De
374 2323 522 2352 Maximo
538 2334 573 2354 v.
589 2320 633 2353 ad
649 2321 683 2353 II
697 2346 706 2361 ‚
726 2321 824 2366 epist.

158 2377 212 2413 14.
229 2372 294 2404 En.

206 2438 218 2456 1
229 2451 236 2457 .
252 2427 306 2455 Ex
321 2426 440 2455 diverso
453 2435 590 2467 agentes.
606 2425 824 2458 Diversarum

154 2477 305 2521 partium
335 2476 532 2509 advocatos.
553 2477 594 2509 E.
610 2497 654 2502 —-
674 2481 820 2510 Fuscum.

154 2529 205 2562 De
235 2533 334 2561 Fusco
369 2532 560 2562 Salinatore.
600 2531 721 2563 Noster
752 2531 824 2576 ipse

154 2582 257 2627 plura
269 2581 462 2615 dabitinfra
478 2594 533 2628 ep.
549 2584 602 2615 26.
616 2583 680 2615 En.
694 2603 738 2607 -
754 2587 825 2614 Um-

155 2635 270 2665 midias
298 2637 482 2676 Quadratus
507 2636 619 2680 Nepos
642 2634 823 2668 Ummidiae

155 2684 380 2725 Quadratillae
406 2687 449 2721 de
476 2699 545 2733 qua
562 2688 652 2728 VII,
678 2700 732 2734 ep-
763 2693 823 2729 242

891 2321 1016 2365 agitur.
1028 2322 1335 2355 Plu—Numidiam
1348 2325 1558 2364 Quadratum.

890 2374 988 2406 Rom.
1013 2377 1198 2407 Numidiam
1221 2378 1380 2407 Vim'dium
1411 2378 1560 2417 Quadra-

891 2434 966 2457 tum.
987 2426 1119 2471 Duplex
1140 2427 1252 2461 lectio.
1274 2427 1317 2459 H.
1332 2448 1376 2451 ——
1391 2427 1560 2472 Excerpta

890 2478 1083 2512 Brummeri
1097 2505 1105 2519 ,
1129 2493 1204 2525 quae
1222 2479 1392 2524 Gierigins
1414 2479 1556 2513 debebat

889 2531 1087 2573 consulere,
1123 2534 1313 2563 Ummidium
1343 2534 1555 2573 Quadratum.

889 2584 999 2616 Recte.
1011 2585 1044 2618 S.

1458 2638 1553 2669 Rom.

892 2690 977 2720 ‚Mira
991 2691 1154 2731 utriusque
1162 2691 1306 2730 probitas
1317 2715 1327 2728 ,
1345 2690 1439 2722 bene.
1456 2689 1499 2721 H.
1513 2710 1538 2713 α

938 2649 969 2668 2.
1000 2638 1087 2667 filisa
1117 2639 1240 2679 utrique
1268 2639 1423 2679 probitas.
