1742 2989
605 214 949 256 EPISTULA
988 214 1072 254 VI.

138 310 320 348 namur,
349 295 383 337 si
416 292 524 336 nihil
555 293 781 337 inductum
799 330 809 350 ,
839 304 880 337 et
906 294 1029 354 quasi
1060 292 1261 346 devium,
1293 292 1540 351 loquimur,

136 383 227 410 non
253 365 458 426 epistola,
487 382 581 426 quae
616 365 844 420 describit,
875 366 949 410 sed
975 365 1101 417 villa,
1132 381 1227 425 quae
1256 364 1541 415 describitur„

138 455 294 498 magna
322 449 399 483 est.
415 441 580 483 Verum
608 439 733 491 111116,
753 440 869 483 unde
896 440 1003 499 coepi
1023 457 1033 493 3
1055 455 1108 481 ne
1134 436 1371 481 secundum
1401 437 1538 497 legem

137 527 279 554 meam
303 512 402 571 jure
428 511 742 571 reprehendar,
764 513 797 555 si
819 512 990 573 longior
1016 511 1139 554 fuero
1164 511 1207 553 in
1227 511 1310 554 1106
1325 545 1334 563 ,
1358 511 1400 553 111
1423 511 1539 570 quod

1453 229 1475 253 ⁸).
1482 227 1510 271 (Χ)
1518 210 1541 253 3

138 585 313 627 excessi.
337 584 481 627 Habes
507 600 702 640 caussas,
725 602 802 629 cur
829 602 910 628 eoo
935 587 1098 628 Tuscos
1122 600 1241 626 meos
1261 582 1540 639 Tusculanis,
1567 592 1583 618 s

856 620 880 646 t>

138 657 400 713 Tiburtinis,
428 659 787 719 Praenestinisque
822 659 929 702 meis
965 674 1230 718 praeponam.
1261 658 1374 700 Nam
1411 673 1542 716 super

138 729 233 785 illa,
257 747 352 791 quae
379 729 531 784 retuli,
552 732 681 776 altius
708 733 767 775 ibi
793 734 931 775 otium
955 742 997 775 et
1018 731 1246 792 pinguius,
1267 747 1404 790 eoque
1427 748 1541 775 seeu-

138 804 247 855 rius,
275 803 393 846 nulla
419 805 650 848 necessitas
676 815 808 865 togae,
834 821 963 848 nemo
988 804 1218 848 arcessitor
1245 819 1295 846 ex
1324 804 1538 863 proxime.

136 874 308 919 Placida
338 878 485 920 onmia
510 887 553 920 et
579 879 845 938 quiescentia
862 914 873 934 ,
895 877 1011 938 quod
1041 878 1183 937 ipsum
1211 876 1455 920 salubritati
1484 893 1541 919 re-

136 948 299 1008 gionis,
329 960 375 992 ut
409 951 562 1010 purius
600 951 775 1007 eaelum,
808 961 855 994 ut
890 968 963 994 aer
994 950 1229 1011 liquidior,
1262 949 1440 993 accedit.
1475 950 1538 993 Ibi

136 1022 306 1077 animo,
326 1023 384 1065 ibi
411 1040 617 1084 corpore⁷
639 1026 826 1068 maxime
847 1024 982 1068 valeo.
1006 1025 1122 1067 Nam
1145 1022 1299 1067 studiis
1321 1023 1516 1065 animum
1531 1058 1540 1070 ,

136 1104 298 1137 venatu
331 1112 490 1156 corpus
523 1114 718 1142 exerceo.
749 1099 838 1142 Mei
869 1114 1043 1158 quoque
1076 1113 1291 1157 nusquam
1326 1095 1543 1140 salubrius

137 1166 325 1227 degunt,
347 1185 483 1229 usque
509 1170 652 1214 adhuc
680 1181 796 1214 certe
822 1173 1041 1215 neminem
1065 1187 1116 1213 ex
1142 1171 1192 1213 iis
1209 1205 1219 1223 ,
1245 1187 1354 1229 quos
1380 1170 1544 1213 eduxe-

138 1256 231 1283 ram
255 1258 423 1285 1116611111
447 1243 593 1303 (venia
614 1245 666 1288 sit
686 1245 821 1303 dictof)
846 1245 904 1288 ibi
926 1244 1065 1287 amisi.
1088 1243 1162 1286 Dii
1187 1242 1317 1286 modo
1340 1244 1381 1285 in
1404 1252 1545 1303 poste-

140 1331 238 1357 rum
264 1314 348 1358 hoc
376 1316 483 1359 mihi
508 1317 716 1377 gaudium
731 1353 741 1373 ,
762 1319 874 1361 hanc
897 1317 1078 1378 gloriam
1104 1315 1198 1358 1060
1220 1324 1405 1357 servent.
1420 1315 1542 1359 Vale.

139 1448 169 1477 in
190 1460 252 1489 quo
276 1449 417 1479 excessi:
436 1446 514 1479 Ald.
536 1449 567 1478 in
587 1449 647 1479 hoc
671 1450 701 1479 in
725 1450 814 1491 qaod

141 1501 270 1531 accessi.
287 1499 331 1532 H.

184 1556 283 1583 ——In
308 1554 546 1594 quodexcessi.
573 1554 615 1585 In
643 1566 683 1586 eo
708 1566 811 1598 argu-

139 1612 255 1637 mento
269 1630 278 1645 ,
291 1605 324 1637 in
336 1604 428 1650 quod
448 1604 622 1650 digressus
638 1619 726 1638 sum.
743 1609 810 1637 Ex-

139 1670 257 1689 cessum
273 1670 336 1702 pro
355 1658 503 1690 oratoria
523 1660 718 1701 digressione
736 1666 810 1692 tum

140 1711 281 1749 Noster,
308 1716 383 1742 tum
417 1711 651 1751 Quintilianus
683 1711 809 1744 dixere.

141 1761 418 1807 praepositionem
435 1764 466 1794 in
481 1771 559 1795 ante
571 1766 705 1806 quodex
718 1762 813 1796 libris

142 1813 236 1847 dedit
253 1814 401 1847 Coi-tius.
422 1814 466 1847 G.

190 1867 248 1908 45.
265 1870 442 1899 Necessitas
453 1878 547 1911 logan
563 1869 640 1910 Qua
655 1881 702 1902 sc.
719 1877 814 1902 extra

142 1920 264 1953 urbem
279 1928 311 1953 et
328 1921 441 1952 forum
456 1920 539 1952 1111111
557 1934 642 1966 opus
658 1930 719 1954 est.
732 1922 814 1955 Pars

144 1973 219 2005 vitae
235 1973 396 2006 beatioris
410 1973 602 2006 secundum
619 1974 812 2007 Martialem

144 2025 194 2066 X,
212 2030 269 2070 47,
287 2036 363 2069 toga
376 2039 465 2058 rara.
484 2026 594 2058 Multa
610 2026 665 2059 1116
685 2026 728 2060 de
745 2040 814 2059 non

148 2091 209 2111 usu
219 2086 304 2124 togae
315 2087 406 2111 extra
417 2079 538 2111 urbem
547 2079 761 2112 Buchnerus.
770 2079 813 2112 G.

191 2152 237 2156 -—
251 2133 459 2164 Salubricati.
476 2157 483 2163 .
499 2134 649 2164 .accedit.
666 2132 746 2178 Ipsa
759 2132 816 2165 illa

146 2184 398 2228 tranquillitas,
422 2193 454 2216 et
473 2183 606 2228 placida
626 2185 669 2216 in'
684 2185 817 2217 liberali

147 2236 217 2268 otio
234 2237 331 2281 quies
350 2250 369 2270 a
392 2237 495 2269 nullis
522 2238 668 2282 negotiis
688 2238 816 2283 impor-

147 2289 238 2321 tunis
264 2289 316 2321 vel
344 2290 542 2323 hominibus
568 2290 816 2330 interturbata,

147 2343 273 2373 accedit
290 2344 490 2381 salubritati,
508 2342 560 2375 vel
576 2351 708 2387 partem
729 2343 818 2375 illius

148 2395 377 2434 salubritatis,
394 2406 498 2439 quam
519 2395 590 2427 liare
607 2403 745 2440 praestat
765 2396 822 2428 vil-

149 2448 200 2487 la,
223 2447 340 2480 efficit.
361 2448 420 2480 Est
442 2460 524 2480 sane
549 2448 652 2480 etiam
680 2447 822 2481 medicis

148 2501 236 2533 iuter
261 2513 336 2540 165,
353 2513 439 2546 quas
465 2512 535 2532 11011
563 2500 738 2533 naturales
759 2513 820 2533 vo-

150 2560 250 2593 cant,
270 2554 323 2587 vel
341 2554 482 2586 maximi
505 2553 692 2593 momenti,
714 2560 820 2586 status

150 2605 206 2638 ille
230 2614 303 2639 tum
333 2606 439 2639 animi
463 2613 536 2637 tuni
564 2606 739 2651 corporis,
765 2606 819 2638 vel

153 2658 288 2702 quietus
310 2658 361 2691 vel
387 2659 566 2692 turbatior.
598 2658 641 2691 G.
659 2678 703 2683 -
721 2660 816 2691 Rom.

153 2713 345 2744 salubritate
363 2713 509 2755 regionis.
525 2711 568 2743 H.

925 1450 979 1487 46.
996 1448 1116 1486 (Venia
1141 1448 1183 1477 sit
1200 1448 1313 1486 dictos).
1335 1446 1362 1477 A
1383 1445 1461 1478 diva
1480 1447 1547 1479 Ne-

877 1500 980 1540 mesi,
1001 1511 1076 1544 quae
1100 1497 1226 1530 invidia
1251 1497 1402 1543 quadam
1430 1511 1548 1545 prose-

877 1553 994 1598 quitur
1024 1564 1081 1584 eos
1102 1576 1109 1590 ‚
1145 1551 1204 1596 qui
1238 1552 1328 1584 beati
1359 1551 1420 1584 sibi
1449 1552 1548 1585 nimis

878 1604 1059 1643 videntur,
1076 1612 1109 1636 et
1129 1604 1326 1636 felicitatem
1348 1617 1444 1636 suam
1465 1617 1549 1649 111-16-

878 1657 1017 1696 dicant,
1037 1657 1093 1689 vel
1118 1655 1298 1702 praedicari
1321 1657 1467 1690 libenter
1487 1671 1548 1690 au-

878 1710 976 1743 diunt
995 1722 1002 1749 ;
1018 1710 1178 1754 precibus
1195 1709 1340 1753 proinde
1355 1710 1525 1754 placanda
1541 1737 1547 1745 .

878 1762 1207 1808 quo'iesjaetantius
1219 1762 1350 1807 aliquid
1362 1763 1460 1795 nobis
1475 1788 1482 1802 ‚
1500 1764 1551 1796 161

879 1816 952 1848 aliis
972 1815 1014 1846 (16
1041 1815 1139 1846 nobis
1165 1814 1302 1847 excidit.
1328 1815 1494 1848 Proeclara
1524 1816 1551 1848 si

880 1868 1073 1914 DISplacet
1087 1892 1095 1906 ‚
1111 1869 1182 1913 ejus
1196 1867 1245 1899 rei
1256 1867 1342 1899 ratio
1356 1875 1403 1900 est
1422 1893 1430 1907 ,
1446 1880 1549 1913 quam

881 1921 1015 1966 sapiens
1035 1921 1091 1953 1116
1109 1920 1213 1954 Solon
1230 1921 1364 1965 profert
1380 1920 1413 1952 in
1429 1921 1551 1965 Dispu-

880 1974 1007 2007 tatione
1024 1985 1104 2005 cum
1127 1973 1263 2012 Cioeso,
1284 1972 1376 2018 apud
1396 1972 1553 2005 Herodo-

880 2036 973 2067 tum,
989 2028 1024 2066 I,
1048 2027 1088 2059 32
1102 2050 1109 2064 ‚
1127 2028 1162 2059 τὸ
1180 2029 1258 2060 θεῖον
1278 2029 1342 2059 πᾶν
1359 2028 1500 2072 φθονερόν
1518 2041 1551 2059 τε

881 2081 934 2114 καὶ
958 2078 1162 2126 ταραχῶδες.
1183 2077 1362 2110 Rationem
1390 2078 1479 2111 hanc
1498 2078 1554 2111 de-

881 2141 1047 2167 testamur
1070 2131 1191 2172 hodie,
1215 2130 1273 2163 sed
1299 2143 1371 2163 rem
1390 2131 1496 2176 ipsam
1518 2139 1551 2164 ut

883 2186 955 2219 aliis
965 2186 999 2218 111
1011 2186 1113 2219 rebus
1125 2184 1249 2217 scilicet
1260 2185 1458 2217 retinemus.
1470 2185 1556 2217 Lau-

883 2238 924 2271 da
932 2239 1041 2271 vimus
1052 2237 1263 2283 pulchellum
1278 2237 1445 2269 infantem
1456 2244 1487 2268 et
1500 2250 1555 2270 va-

883 2291 1054 2324 lentulum
1073 2302 1081 2330 ;
1106 2290 1325 2336 subjicimus,
1345 2292 1422 2321 Gott
1445 2291 1555 2320 belziice

886 2358 916 2376 es
928 2349 940 2376 !
954 2344 1107 2376 Diximus
1119 2342 1247 2387 aliquid
1263 2342 1305 2375 (le
1323 2340 1475 2374 secunda
1491 2342 1556 2373 for-

886 2405 969 2430 tuna
989 2404 1105 2429 nostra
1126 2396 1177 2428 vel
1199 2395 1368 2433 aliorum3
1389 2394 1495 2426 exsilit
1516 2394 1555 2426 11-

886 2449 966 2489 lud,
997 2452 1075 2481 (ἔστι
1101 2451 1182 2480 lasse
1212 2449 1292 2479 ‘nich
1325 2462 1354 2477 es
1384 2461 1439 2479 zar
1457 2456 1555 2489 gater]

886 2504 1006 2534 Stunde
1024 2504 1141 2533 reden!
1155 2501 1228 2533 Hoc
1245 2501 1354 2544 ipsunt
1372 2507 1416 2532 cst
1432 2524 1440 2538 ‚
1463 2502 1554 2531 renim

886 2558 927 2587 sit
952 2557 1059 2587 dicto!
1079 2554 1122 2587 G.
1141 2555 1293 2585 ——Ronr
1319 2554 1418 2584 l'em'a
1444 2555 1484 2584 sit
1509 2555 1557 2583 ‹ls-

886 2619 971 2640 ctum
983 2634 991 2646 ,
1011 2610 1105 2639 amisi
1117 2608 1190 2640 sim·
1205 2608 1257 2637 ibi.
1274 2605 1317 2637 11.
1342 2625 1378 2629 —-
1396 2609 1479 2636 Loco
1496 2620 1557 2635 n.»-

887 2671 965 2693 vent.
989 2660 1072 2693 Hor.
1099 2660 1170 2693 Sit.
1201 2659 1320 2697 ll,15‚
1353 2661 1370 2691 5
1386 2682 1394 2696 ,
1418 2658 1553 2701 [11011111

885 2712 957 2745 haec
976 2712 1061 2745 1111111
1081 2724 1220 2745 munera
1245 2711 1322 2742 saxi·
1340 2710 1346 2741 ἕ
1367 2710 1426 2742 ⁸30.
