1742 2989
583 201 922 243 EPISTULA
964 201 1100 242 XIX.
1452 193 1542 254 355,

141 335 481 347 §.vnn-§mmmm
488 335 521 345 m
528 334 899 345 ιιἎνιινι-ιὶαπιιςννι
905 330 1480 345 ΜΜΜΜι-’νιιςιιτ-ςνιιι-ιιιη
1488 329 1543 339 ιιι

750 457 930 512 ΧΙΧ.

140 605 303 642 Pretium
319 617 495 655 agrorum
514 604 674 640 crevisse
689 602 838 639 scribit:
856 602 943 651 quia
961 600 1149 637 candidati
1164 600 1312 636 tertiam
1328 598 1544 648 patrimonii

364 677 511 718 partem
533 668 569 703 in
587 667 729 717 praedia
747 667 876 703 Italica
891 666 985 715 jussi
1001 666 1075 701 sint
1091 663 1322 714 impendere.

441 798 477 826 c.
515 797 749 826 PLINIUS
783 796 994 826 NEPOTI
1021 779 1039 796 '⁸
1075 795 1176 824 suo
1213 795 1248 823 s.

199 910 297 953 SCIS
320 918 368 951 tu
390 908 616 951 accessisse
640 907 829 967 pretium
857 907 972 967 agris
987 940 997 958 ,
1020 907 1237 966 praecipue
1257 902 1545 947 suburbanis?

135 984 299 1025 Caussa
330 981 482 1024 subitae
518 981 735 1035 caritatis,
762 996 828 1023 res
861 978 1008 1022 multis
1044 978 1206 1038 agitata
1245 975 1543 1027 sermonibus,

142 1054 352 1114 proximis
386 1053 574 1097 comitiis
600 1052 927 1096 honestissimas
954 1067 1081 1094 voces
1108 1051 1275 1093 senatui
1305 1048 1514 1109 expressit
1536 1063 1545 1090 :

137 1141 391 1170 CANDIDATI
434 1142 491 1169 NE
528 1141 872 1178 CONVIVENTUR,
900 1141 957 1168 NE
992 1140 1205 1168 MITTANT
1240 1137 1460 1175 MUNERA,
1487 1137 1545 1165 NE

138 1214 359 1243 PECUNIAS
388 1214 648 1243 DEPONANT.
682 1199 747 1240 Ex
776 1197 935 1257 quibus
965 1196 1051 1239 duo
1083 1197 1229 1256 priora
1262 1205 1350 1238 tam
1376 1202 1544 1254 aperte,
1574 1215 1589 1233 2

135 1287 265 1330 quam
294 1270 526 1314 immodice
549 1270 713 1314 fiebant
741 1287 749 1312 ε
772 1271 856 1313 hoc
883 1269 1059 1312 tertium
1076 1304 1086 1321 ,
1110 1283 1378 1328 quamquam
1397 1264 1543 1309 occul-

136 1353 314 1397 taretur,
332 1361 420 1407 ρι’-2
433 1353 662 1404 comperto
680 1343 937 1386 habebatur.
957 1342 1188 1385 Homullus
1206 1340 1362 1384 deinde
1382 1349 1544 1394 noster,
1570 1349 1587 1380 3
1645 1339 1650 1344 ’

133 1433 236 1460 usus
262 1417 492 1477 vigilanter
517 1417 601 1460 hoc
621 1433 837 1460 consensu
860 1426 1033 1459 senatus
1050 1451 1059 1468 ,
1086 1415 1310 1458 sententiae
1337 1413 1432 1456 loco
1460 1428 1542 1472 po·—

133 1490 309 1534 stulavit
324 1526 335 1545 ,
356 1499 403 1533 ut
419 1490 618 1533 consules
635 1489 899 1532 desiderium
924 1490 1229 1532 universorum
1250 1497 1402 1530 notum
1423 1486 1543 1546 prin-

133 1563 219 1624 cipi
244 1563 459 1618 facerent,
484 1571 790 1623 peterentque,
817 1562 926 1605 sicut
956 1560 1049 1604 aliis
1077 1561 1214 1610 vitiis,
1240 1560 1343 1602 huic
1366 1573 1541 1618 quoque

132 1635 407 1696 providentia
436 1652 511 1679 sua
537 1645 800 1679 occurreret.
828 1634 1049 1679 Occurrit.
1076 1635 1190 1677 Nam
1216 1642 1415 1692 sumptus
1440 1647 1539 1674 can·
1566 1640 1585 1674 ά

131 1707 403 1764 didatorum,
424 1707 560 1751 foedos
580 1707 673 1751 illos
695 1717 736 1751 et
755 1706 958 1761 infames,
972 1707 1160 1749 ambitus
1180 1705 1273 1766 lege
1290 1704 1536 1748 restrinxit:

131 1781 305 1825 eosdem
336 1781 588 1841 patrimonii
617 1781 791 1824 tertiam
823 1790 991 1840 partem
1022 1780 1221 1822 conferre
1241 1778 1368 1837 jussit
1397 1778 1441 1819 in
1467 1792 1538 1830 ea,

131 1872 226 1915 quae
253 1854 344 1899 solo
370 1855 726 1909 continerentur,
751 1853 945 1896 deforme
973 1852 1230 1903 arbitratus,
1251 1859 1296 1893 ut
1321 1859 1435 1900 erat,
1457 1850 1536 1892 ho-

130 1945 282 1972 norem
303 1928 519 1988 petituros
548 1928 701 1970 urbem
730 1925 1013 1985 Italiamque,
1042 1941 1131 1966 non
1162 1940 1241 1983 pro
1272 1922 1435 1982 patria,
1463 1920 1538 1964 sed

132 2018 211 2062 pro
253 2001 445 2062 hospitio
485 2010 561 2044 aut
586 1998 777 2059 ‘stabulo
822 1999 943 2060 quasi
986 1997 1315 2058 peregrinantes
1356 1995 1533 2038 habere.

176 2125 296 2158 XIX.*
316 2126 365 2158 De
384 2128 508 2168 Nepote
527 2124 657 2157 dietum
678 2122 721 2156 ad
741 2123 775 2155 II
790 2148 798 2163 ‚
867 2134 964 2155 suam
999 2129 1112 2154 tamen
1138 2121 1172 2153 in
1205 2118 1432 2165 suffragando
1457 2120 1536 2164 (per

132 2190 187 2223 ep.
207 2177 238 2210 3.
259 2178 327 2210 En.
866 2174 1008 2207 tabellas
1024 2172 1232 2219 praesertim)
1254 2173 1447 2204 libertatem
1468 2184 1538 2203 ser-

183 2243 212 2263 ῑ.
239 2232 399 2262 Proximis
427 2231 578 2265 comitiis,
609 2237 672 2262 etc.
701 2230 798 2261 Rom.
865 2225 1324 2259 varent.Vid.Vi1·idoctiad
1336 2225 1408 2258 Cic.
1425 2224 1533 2257 divin.

132 2285 289 2314 Proximis
311 2284 446 2314 consitiis
474 2284 695 2313 honestissima
719 2294 800 2313 voce
865 2279 898 2312 in
919 2280 1006 2312 Caec.
1029 2292 1060 2312 c.
1080 2279 1170 2318 VII,
1189 2278 1232 2311 G.

130 2345 258 2367 senatus
277 2336 442 2377 expressit.
465 2334 507 2366 H.
528 2355 572 2358 —
586 2333 661 2366 Hoc
684 2333 800 2378 genui-
915 2333 946 2365 3.
964 2335 1131 2363 Homullus
1148 2333 1281 2367 deiude,
1302 2338 1366 2362 etc.
1382 2330 1478 2361 Rom.
1503 2332 1534 2360 C.

130 2400 214 2419 num
245 2395 351 2432 puto,
376 2387 424 2419 sic
444 2393 480 2418 ut
504 2393 579 2430 post
608 2388 801 2417 sermonibus
867 2387 1034 2416 Homullus
1070 2386 1184 2415 deinde
1223 2392 1329 2414 noster
1364 2383 1530 2423 m'gilaucer

130 2442 237 2474 τελεία
269 2447 418 2484 ponatur
454 2440 586 2484 στιγμή.
619 2440 652 2472 S.
683 2459 726 2462 —
754 2441 802 2469 Ne
868 2450 940 2468 usus
964 2450 1069 2468 rursus
1091 2438 1150 2468 hoc
1173 2448 1335 2468 consensu.
1357 2434 1400 2465 H.
1422 2453 1466 2457 —-
1486 2433 1534 2463 De

124 2494 280 2535 pecunias
307 2494 478 2534 deponant.
506 2490 606 2535 Apud
630 2500 800 2533 sequestres
867 2489 1030 2522 Homullo
1046 2488 1117 2521 vid.
1138 2488 1179 2520 :ul
1196 2489 1256 2522 IV.
1274 2500 1328 2531 ep.
1344 2499 1379 2529 9,
1399 2485 1450 2517 15.
1466 2484 1532 2516 En.

130 2557 252 2590 nempe
266 2569 274 2584 ,
291 2552 362 2577 tum
380 2543 521 2576 demum
542 2542 775 2576 numerandas
789 2567 798 2581 ,
866 2544 1069 2573 Providentia
1079 2555 1154 2579 sua,
1169 2548 1231 2572 etc.
1248 2542 1343 2571 Rom.
1361 2538 1533 2569 Prudentia

130 2609 237 2641 quum
252 2597 417 2641 suffragia
431 2595 586 2628 tulissent
600 2594 797 2633 ‹ranrlidati3
864 2608 922 2626 sua
944 2605 1122 2628 occurreret
1137 2608 1146 2625 .·
1165 2594 1375 2634 occurritque.
1395 2590 1438 2622 H.

130 2661 172 2681 ne
198 2649 329 2682 accidat
347 2675 355 2690 ,
373 2648 467 2692 quod
493 2649 622 2681 suctum
644 2660 715 2681 esse
739 2660 798 2692 ap-
911 2652 943 2688 4.
977 2650 1039 2679 Sed
1059 2660 1117 2690 pro
1150 2647 1284 2688 hospitio
1313 2654 1368 2675 auc
1393 2645 1530 2674 stabulo.

130 2708 228 2746 paret
241 2725 249 2741 ‚
261 2709 298 2734 ut
315 2710 455 2746 accepta
473 2701 619 2746 pecunia
638 2700 795 2734 homines
864 2701 959 2732 Rom.
974 2703 1037 2731 Sed
1046 2703 1084 2731 de
1095 2701 1231 2741 hospicio
1243 2695 1530 2729 ‹zucseabuloff-
