1742 2989
52 889 89 909 11

122 205 180 260 54

551 210 597 252 C.
633 210 856 253 PLINII
890 211 1014 254 LIB.
1051 213 1081 254 Ι.

119 305 210 331 non
234 288 392 332 bonam
419 290 636 334 actionem
663 307 753 334 esse
779 308 873 352 quae
898 292 948 335 fit
973 293 1089 336 bona
1115 295 1269 337 oratio.
1302 297 1380 339 Est
1402 296 1517 340 enim

56 386 95 406 10
119 363 259 405 oratio
287 364 468 407 aetionis
494 363 735 424 exemplar,
757 374 799 408 et
816 366 937 425 quasi
956 369 1194 427 ἀρχέτυπον.
1218 367 1322 412 Ideo
1343 370 1387 412 in
1408 371 1519 430 opti-

119 452 188 478 ma
212 453 385 497 quaque
408 436 525 480 mille
550 438 711 498 figuras
735 439 1052 501 extemporales
1075 440 1319 484 invenimus

1350 459 1358 484 :
1389 443 1433 484 in
1454 442 1521 485 his

118 511 248 552 etiam
265 545 276 563 ‚
300 528 431 570 quam
468 520 639 555 tantum
672 511 808 555 editas
842 513 1028 566 scimus3
1051 522 1100 555 ut
1125 513 1170 555 in
1196 515 1379 557 Verrem
1397 549 1408 569 ,
1434 516 1522 558 Ar-

115 584 279 640 [ficem
293 600 420 642 quem
433 585 456 627 Ρ
472 586 745 644 quemnam?
760 595 875 628 recte
891 585 1119 629 admones.
1145 587 1416 646 Pogycletzmz
1433 603 1524 630 esse

116 655 336 699 (latebas-22.
369 659 578 717 Sequitur
605 675 710 719 ergo
727 693 737 711 ‚
763 668 811 702 ut
837 660 950 703 actio
977 659 1025 702 fit
1052 658 1370 703 absolutissima
1388 696 1398 715 ‚
1427 676 1524 720 quae

119 730 306 772 maxime
334 732 545 775 orationis
571 731 898 776 similitudinem
927 732 1210 792 expresserit,
1235 733 1268 775 si
1299 732 1430 775 modo
1451 733 1521 792 ju-

116 811 231 844 stum
255 813 297 846 et
316 803 512 848 debitum
540 814 712 866 tempus
732 807 946 866 accipiat:
969 805 1087 866 quod
1109 807 1143 849 si
1169 816 1380 866 negetur,
1404 805 1523 849 nulla

115 876 323 929 oratoris,
350 879 539 921 maxima
560 878 720 937 judicis
746 878 874 939 culpa
901 889 978 923 est.
1005 879 1179 923 Adsunt
1200 879 1302 922 huie
1324 879 1524 939 opinioni

114 964 219 991 meae
246 948 384 1009 leges,
412 967 506 1010 quae
534 951 785 1012 longissima
812 962 1010 1012 tempora
1036 951 1307 1010 largiuntur,
1328 968 1407 994 nec
1427 952 1524 994 bre-

115 1093 217 1125 nimis
237 1094 367 1125 actioni
389 1101 421 1126 et
442 1095 691 1138 pronuntiandi
711 1096 789 1128 arti-

116 1144 196 1178 ficio
215 1146 399 1178 tribuimus
414 1172 422 1186 ‚
450 1147 551 1179 etiam
570 1161 678 1192 quum
701 1149 789 1181 forte

119 1197 233 1230 stilum
254 1198 366 1244 ipsum
384 1212 453 1231 non
468 1200 682 1245 negligenter
698 1214 792 1234 exer-

117 1263 255 1283 ceamus
270 1277 278 1291 ‚
294 1264 399 1296 quam
415 1251 507 1296 apud
517 1252 660 1285 Veteres
672 1279 680 1293 ,
697 1255 791 1299 apud

118 1315 205 1348 quos
222 1316 285 1336 vox
302 1311 334 1336 et
351 1304 543 1350 hypocrists
563 1319 632 1338 non
653 1307 767 1340 minus
783 1333 791 1348 ‚

119 1368 222 1401 quam
241 1357 313 1401 ipsa
335 1357 506 1390 scribendi
524 1358 671 1391 facultas
688 1385 696 1399 ‚
717 1359 793 1392 dili-

119 1409 212 1452 genti
232 1410 454 1443 meditatione
476 1411 658 1444 coleretur.
681 1412 724 1444 G.
746 1434 791 1437 ——

122 1464 223 1502 Quasi
243 1464 433 1509 ἀρχέτυπον.
457 1463 539 1496 Ideo
558 1465 649 1497 enim
672 1466 791 1498 scribi-

118 1526 196 1546 mus
223 1522 255 1547 et
283 1523 582 1556 commentamur,
608 1525 645 1549 ut
667 1517 792 1551 deinde

122 1578 161 1599 ex
180 1574 334 1611 tempore
352 1580 422 1600 non
448 1567 595 1601 multum
622 1568 793 1603 deteriora

120 1619 290 1663 possimus
318 1619 444 1653 dicere.
475 1621 516 1652 Et
546 1623 606 1666 qui
639 1622 794 1655 scribunt

121 1672 223 1705 etiam
254 1682 331 1718 post
365 1675 537 1707 actionem
556 1699 564 1715 ‚
596 1676 642 1708 ita
672 1676 793 1709 volunt

121 1726 228 1769 egisse
247 1726 377 1765 videri,
400 1735 435 1759 ut
456 1728 677 1772 scripserunt.
702 1728 792 1762 Add.

120 1779 243 1819 Quint.
261 1779 328 1811 XII
344 1805 351 1819 ‚
372 1793 410 1812 10
427 1805 435 1820 ‚
455 1781 510 1814 53.
528 1780 571 1813 G.

172 1844 222 1863 10.
239 1836 277 1862 In
298 1836 435 1864 Verrem.
453 1834 635 1867 Actionem
653 1834 687 1866 in
705 1835 793 1867 Ver-

121 1897 192 1916 rem
215 1884 310 1917 libris
329 1885 484 1931 quinque
507 1886 794 1931 comprehensam

123 1950 140 1967 a
161 1937 328 1970 Cicerone
347 1951 418 1970 non
440 1951 513 1971 esse
532 1940 565 1971 in
584 1938 717 1985 judicio
736 1940 796 1972 ha-

122 1990 229 2021 bitam
246 2014 254 2028 ‚
273 1992 542 2024 constatNerba
561 2017 569 2030 ‚
586 2004 661 2036 quae
678 1991 798 2024 laudat

124 2040 301 2073 Secundus
327 2055 366 2074 ex
384 2043 449 2081 IV,
474 2045 512 2082 3,
538 2044 640 2076 etiam
664 2044 799 2084 Quinti-

122 2093 216 2125 liano
235 2094 397 2139 placuere
418 2097 463 2127 XI
481 2121 488 2135 ‚
511 2111 527 2129 2
543 2121 551 2135 ‚
568 2099 608 2129 61
628 2121 636 2136 ‚
653 2109 687 2141 p.
705 2096 795 2140 785,

124 2157 233 2189 quum
259 2148 455 2192 exemplum
476 2148 610 2181 adferre
630 2149 701 2180 vult
727 2151 799 2180 sim-

123 2200 214 2239 plicis
238 2209 270 2229 et
295 2212 359 2230 ηοη
384 2211 584 2243 praeparata:
615 2203 772 2232 orationis
787 2227 795 2239 ,

126 2250 159 2281 in
181 2263 249 2295 qua
269 2251 355 2283 illud
375 2260 537 2297 praeterea
555 2278 564 2292 ‚
585 2252 706 2286 eodem
726 2266 800 2286 mo-

127 2310 230 2335 nente
249 2303 355 2336 Fabio
374 2329 382 2342 ‚
401 2305 622 2350 consequitur
641 2330 649 2344 ‚
667 2318 709 2337 ne
730 2305 799 2350 ipse

126 2368 264 2400 quoque
295 2355 469 2389 studiosus
494 2357 669 2402 signorum
696 2366 799 2403 atque

125 2408 323 2441 tabularum
336 2408 506 2449 videatur,
520 2422 622 2454 quem
638 2411 797 2443 morbum

128 2460 229 2492 Verri
254 2461 383 2506 objicit.
411 2461 520 2506 Igitur
544 2474 613 2493 non
640 2462 796 2494 nominat

129 2515 243 2548 statim
269 2515 434 2547 artificem
458 2515 634 2560 signorum
659 2518 796 2560 κανηφό-

130 2580 188 2610 ρων
202 2593 211 2607 s
227 2568 321 2611 quod
338 2568 583 2614 pronissimum
602 2568 648 2600 illi
666 2568 776 2600 fuerat
787 2594 796 2607 ‚

131 2627 222 2652 certe
253 2621 414 2653 scribenti
447 2633 454 2653 :
483 2620 541 2653 sed
571 2621 707 2653 simulat
736 2621 796 2653 sibi

132 2671 291 2706 excidisse
308 2699 316 2713 ‚
337 2673 577 2719 reponendum
596 2673 734 2705 demum
755 2673 797 2705 ab

133 2723 340 2758 adstantium
378 2726 507 2771 aliquo.
540 2725 709 2758 Mirificus
750 2733 799 2759 est

852 1095 957 1141 hujus
975 1095 1040 1128 loci
1058 1096 1155 1140 lepor
1169 1119 1177 1134 ‚
1195 1108 1299 1140 quem
1317 1097 1414 1141 juvat
1435 1097 1528 1140 prius

853 1147 939 1180 illud
951 1160 1043 1190 quem
1053 1153 1069 1178 Ρ
1079 1146 1174 1192 quod
1184 1147 1357 1180 exciderat
1367 1161 1406 1180 ex
1417 1149 1527 1189 libris7

854 1208 1018 1233 manente
1033 1208 1149 1233 tamen
1165 1200 1198 1232 in
1212 1200 1422 1245 quibusdam
1435 1201 1529 1234 lacu-

854 1265 900 1285 na
917 1265 924 1286 :
943 1266 1013 1298 quo
1030 1253 1144 1285 minus
1161 1252 1396 1286 dubitavimus
1413 1266 1451 1287 ex
1467 1255 1530 1287 Fa»

854 1305 911 1338 bio
928 1331 936 1345 ‚
964 1307 1129 1350 ipsoque,
1152 1313 1188 1337 ut
1213 1307 1286 1351 jam
1313 1314 1362 1340 est
1378 1332 1388 1347 ‚
1413 1306 1531 1340 Tullio

854 1358 931 1400 (cui
947 1383 955 1398 ‚
976 1359 1083 1390 Fabio
1101 1383 1109 1398 ‚
1127 1357 1312 1391 Rufiniano
1332 1372 1371 1392 ac
1392 1359 1531 1392 Donato

856 1411 1054 1443 auctoribus
1071 1436 1079 1450 ‚
1116 1409 1290 1443 redditum
1323 1419 1372 1444 est
1400 1424 1418 1444 a
1448 1411 1530 1444 viris

855 1463 963 1496 doctis
980 1466 991 1508 )
1010 1463 1097 1495 illud
1114 1476 1292 1508 reponere.
1314 1463 1358 1496 G.
1379 1485 1424 1488 -
1440 1466 1531 1495 Arti-

845 1519 962 1562 ficem.
979 1542 986 1548 .
1003 1542 1009 1548 .
1026 1542 1032 1548 .
1043 1519 1206 1548 admones.
1234 1517 1332 1548 Rom.
1362 1518 1530 1561 Artificem

856 1582 1012 1612 quemque
1031 1583 1106 1601 nam
1126 1579 1210 1600 recte
1227 1571 1389 1600 admones.
1419 1569 1457 1600 In
1477 1569 1530 1601 his

855 1635 936 1654 vera
970 1622 1071 1654 lectio
1105 1621 1188 1654 latet
1217 1621 1289 1654 haec
1324 1633 1333 1654 :
1363 1623 1530 1666 Artificem

857 1681 974 1718 quenl-³
990 1688 1162 1717 qllffllllltllll
1174 1681 1190 1706 J
1206 1684 1289 1706 TCCtC
1302 1675 1466 1706 (ldnzones.
1484 1673 1529 1706 H-

857 1730 958 1759 Nulla
986 1729 1136 1759 oratoris.
1169 1728 1222 1759 Ita
1248 1725 1434 1771 legendum
1459 1727 1532 1771 jam
1567 1752 1571 1756 .

858 1779 1026 1812 suadebat
1042 1780 1238 1825 oppositum
1245 1780 1368 1822 judicis
1383 1792 1393 1810 .·
1409 1790 1533 1823 quum-

859 1845 926 1878 que
941 1832 1119 1865 Medieeus
1139 1840 1171 1864 et
1191 1831 1250 1865 alii
1266 1831 1383 1864 Cortio
1403 1829 1532 1862 laudati

858 1884 944 1917 illud
965 1886 1192 1930 comprobent
1206 1909 1214 1924 ‚
1239 1884 1336 1917 alteri
1357 1885 1529 1920 orationis,

859 1938 1022 1982 praeferre
1038 1951 1142 1971 ausus
1162 1951 1250 1970 sum.
1269 1937 1302 1970 Si
1321 1944 1456 1980 tempus
1475 1947 1533 1967 ne-

860 1997 959 2034 getur
979 1990 1115 2024 dicturo
1131 2016 1138 2029 ‚
1155 1989 1253 2023 nulla
1271 1989 1372 2033 culpa
1389 1996 1438 2020 est
1456 1999 1533 2020 ora-

859 2043 942 2075 toris
960 2068 969 2083 ,
989 2043 1016 2075 si
1034 2043 1124 2075 actio
1147 2041 1250 2086 ipsius
1271 2040 1405 2072 diversa
1423 2039 1463 2071 sit
1486 2040 1532 2071 ab

860 2096 1015 2128 oratione
1031 2121 1039 2135 ,
1065 2096 1101 2127 h.
1136 2107 1166 2126 e.
1196 2094 1311 2126 minus
1341 2099 1503 2125 accurata
1521 2116 1531 2132 ‚

861 2148 975 2180 minus
988 2148 1175 2180 luminibus
1190 2145 1318 2190 ingenii
1332 2153 1435 2191 atque
1452 2145 1533 2177 artis

861 2198 1036 2233 distincta.
1055 2200 1099 2231 G.
1118 2220 1163 2223 -—
1179 2200 1278 2231 Rom.
1301 2201 1400 2229 Nulla
1422 2206 1533 2229 oraco-

860 2253 904 2283 νίς
918 2278 926 2289 ,
945 2255 1091 2284 maxima
1103 2253 1225 2295 judicis
1245 2253 1338 2293 culpa
1357 2260 1411 2281 est.
1428 2249 1472 2281 H.
1488 2270 1533 2272 —

860 2303 941 2337 Haec
964 2304 1097 2337 servavi
1114 2329 1122 2343 ‚
1143 2315 1212 2335 non
1234 2310 1375 2348 propter
1396 2301 1533 2347 opposi-

861 2359 989 2390 tionem
1001 2359 1143 2400 jndicz's,
1164 2367 1378 2401 quamquam
1404 2362 1436 2387 et
1461 2354 1533 2385 haec

862 2409 1012 2442 multum
1025 2409 1115 2442 valet
1128 2410 1161 2441 in
1175 2408 1285 2440 Plinio
1297 2433 1305 2447 ,
1321 2406 1379 2440 sed
1394 2413 1534 2451 propter

862 2475 949 2496 rem.
972 2462 1084 2494 Filum
1105 2460 1343 2506 disputationis
1366 2459 1432 2491 hoe
1453 2465 1501 2491 est
1523 2469 1530 2489 τ

862 2517 949 2547 accio
968 2525 1014 2546 esc
1029 2516 1266 2546 absolutissima
1277 2539 1285 2551 ‚
1307 2512 1420 2557 inquit
1435 2536 1444 2551 ,
1462 2524 1534 2554 quoe

863 2570 1006 2599 maxime
1030 2568 1187 2598 orationis
1211 2566 1452 2597 similitudinem
1479 2576 1533 2595 ex-

858 2622 973 2662 primit
988 2646 996 2657 ‚
1018 2619 1054 2652 h.
1075 2632 1105 2652 e.
1128 2630 1203 2663 quae
1223 2616 1381 2650 eamdem
1399 2641 1408 2656 ‚
1427 2628 1533 2660 quam

864 2673 971 2705 oratio
984 2697 992 2711 ,
1011 2671 1143 2716 copiam
1156 2678 1187 2703 et
1201 2667 1460 2714 amplitudinem
1474 2667 1534 2699 ha—

863 2725 920 2757 bet
936 2749 945 2763 ,
964 2727 992 2756 si
1008 2726 1101 2756 modo
1111 2726 1235 2767 justum
1252 2732 1283 2753 et
1299 2723 1438 2753 debitum
1459 2729 1533 2751 tem-
