1742 2989
540 178 891 220 EPISTULA
925 179 1091 220 XXII.
1452 179 1512 225 63

114 274 192 315 ses,
206 275 291 319 qua
309 258 518 318 patientia
535 257 648 300 hanc
666 258 803 317 ipsam
818 257 1109 301 valetudinem
1126 257 1300 313 toleret,
1316 269 1364 302 ut
1377 260 1515 304 dolori

115 333 308 387 resistat,
335 341 383 374 ut
408 331 523 374 sitim
548 330 743 384 differat,
772 340 820 373 ut
847 329 1146 373 incredibilem
1172 330 1359 374 febrium
1375 333 1516 376 ‚ardo-

114 421 205 447 rem
222 405 427 447 immotus
442 413 708 464 opertusque
727 404 1002 446 transmittat.
1017 404 1171 463 Nuper
1184 420 1252 446 me
1267 421 1517 466 paucosque

114 493 309 533 mecum,
337 493 446 537 quos
472 477 658 520 maxime
686 475 851 536 diligit,
878 476 1102 519 advocavit
1130 494 1139 519 z
1166 477 1448 537 rogavitque,
1470 488 1519 522 ut

113 551 304 594 medicos
325 549 650 594 consuleremus
675 549 727 592 de
750 565 919 592 summa
946 548 1230 605 valetudinis,
1255 559 1325 605 ut,
1352 551 1386 592 si
1409 561 1519 594 esset

988 639 996 665 :
1027 623 1091 665 sin
1123 632 1299 665 tantum
1330 623 1519 667 difficilis

113 707 156 740 et
180 695 331 756 longa,
358 696 577 739 resisteret
603 705 901 755 maneretque.
928 695 1136 739 Dandum
1168 696 1284 738 enim
1316 698 1518 756 precibus

113 622 446 683 insuperabilis,
475 632 630 683 sponte
657 622 793 665 exiret
821 639 842 665 e
871 623 958 665 vita

113 770 260 813 uxoris
275 804 286 823 ,
309 768 502 812 dandum
530 767 626 812 filiae
652 768 852 829 lacrymis
867 804 878 825 ,
903 768 1095 811 dandum
1120 769 1250 812 etiam
1273 770 1398 812 nobis
1419 772 1519 814 ami-

114 843 197 897 cis,
224 858 278 884 ne
302 858 398 902 spes
422 850 615 895 nostras,
640 842 673 884 si
696 841 827 884 modo
851 858 938 884 non
963 851 1105 885 essent
1128 842 1277 885 inanes
1292 877 1302 897 ,
1324 843 1519 887 volunta-

114 916 178 958 ria
205 925 345 958 morte
371 914 600 958 desereret.
628 914 678 958 Id
705 931 785 975 ego
813 914 997 958 arduum
1027 916 1070 957 in
1099 917 1274 975 primis,
1302 926 1344 959 et
1371 919 1518 977 preeci-

114 1005 201 1047 pua
221 987 348 1031 laude
366 987 547 1048 dignum
569 997 693 1048 puto,
712 989 827 1031 Nam
851 988 1016 1047 impetu
1038 987 1226 1048 quodam
1249 997 1290 1030 et
1310 989 1516 1033 instinctu

113 1078 373 1121 procurrere
396 1061 449 1104 ad
472 1070 682 1116 mortem,
704 1078 937 1104 commune
961 1078 1058 1104 cum
1082 1061 1228 1105 multis
1250 1079 1258 1104 :
1279 1062 1519 1107 deliberare

113 1150 217 1177 vero
238 1144 281 1177 et
304 1150 476 1177 caussas
502 1135 595 1194 ejus
619 1134 883 1194 expendere,
903 1144 1037 1194 utque
1063 1136 1245 1178 suaserit
1272 1137 1401 1190 ratio,
1421 1138 1519 1180 vitae

114 1207 358 1266 mortisque
374 1206 604 1249 consilium
622 1208 839 1266 suscipere
858 1206 923 1250 vel
937 1204 1105 1267 ‘ponere
1122 1244 1132 1264 ,
1154 1209 1341 1268 ingentis
1355 1219 1417 1253 est
1433 1212 1520 1253 ani-

114 1279 188 1322 mi.
218 1281 274 1321 Et
301 1279 456 1322 medici
483 1279 658 1338 quidem
687 1279 876 1323 secunda
904 1281 1029 1323 nobis
1059 1280 1324 1341 pollicentur
1347 1300 1355 1325 :
1378 1300 1521 1343 super-

115 1410 323 1443 concedunt.
346 1409 388 1442 Id
407 1423 487 1443 vero
505 1411 629 1455 probat
647 1423 782 1443 summa

114 1463 241 1496 doloris
257 1463 422 1509 patientia
436 1488 444 1502 ‚
460 1475 530 1508 qua
548 1463 782 1496 valetudinem

114 1516 215 1548 istam
235 1516 368 1548 toleret.
390 1516 433 1548 H.
452 1536 498 1540 ——
515 1517 634 1561 Longe
648 1524 783 1561 praestat

113 1568 185 1602 haec
204 1569 293 1602 ratio
315 1569 435 1607 alteri,
455 1581 561 1613 quam
579 1570 733 1614 sequitur
752 1577 784 1602 et

113 1620 285 1667 Gierigius
301 1647 309 1661 ‚
324 1622 418 1654 hunc
433 1622 546 1654 locum
562 1621 608 1654 sic
622 1622 785 1667 interpre-

115 1680 193 1707 tans
211 1686 217 1706 :
240 1675 371 1707 etiamsi
391 1675 456 1707 sint
476 1674 671 1719 philosophi
692 1688 784 1707 sum-

116 1739 172 1758 ma
197 1726 378 1772 dignitate.
402 1727 483 1759 Mox
502 1727 631 1759 Plinius
657 1728 699 1761 de
725 1729 785 1762 ad-

115 1780 267 1812 mirabili
286 1780 343 1813 illa
370 1781 536 1812 Aristonis
559 1781 759 1815 fortitudine
776 1795 783 1814 :

119 1847 132 1859 u
153 1831 193 1863 Id
209 1844 272 1877 ego
287 1832 436 1865 arduum
454 1833 488 1864 in
506 1833 624 1877 primis
637 1859 644 1873 ,
660 1841 692 1866 et
705 1847 787 1878 prae-

125 1900 137 1911 α
151 1884 250 1929 cipua
267 1885 368 1918 laude
383 1886 527 1930 dignum
547 1894 640 1930 puto.
659 1904 670 1914 u
695 1888 728 1920 S.

163 1958 207 1961 —
230 1942 272 1969 Ut
289 1940 375 1969 sitim
395 1940 538 1981 differat.
553 1939 731 1979 Quantum
752 1940 786 1972 in

117 1989 203 2022 febri
217 1998 429 2024 tormentum
445 1991 485 2023 sit
499 1991 568 2024 sitis
581 2017 588 2031 ‚
605 1992 673 2024 heu
687 1993 787 2025 nimis

118 2055 205 2089 saepe
216 2044 373 2089 plerique
382 2044 616 2089 experiuntur.
628 2046 697 2077 Nec
705 2044 788 2077 Ger-

117 2097 229 2129 manis
254 2105 390 2129 tantum
409 2096 476 2129 hoc
499 2097 677 2143 objicitur,
698 2098 787 2130 ferre

118 2148 194 2180 illos
220 2149 309 2181 sitim
329 2151 472 2194 nequire
496 2161 503 2181 Ζ
533 2150 593 2183 sed
612 2151 786 2196 Epictetus

117 2199 185 2233 hoc
219 2202 407 2234 maximum
442 2203 618 2248 profectus
658 2205 788 2249 experi-

119 2262 272 2286 mentum
285 2254 518 2291 commendat,
530 2255 670 2288 Enchir.
684 2269 714 2289 c.
729 2269 785 2301 70,

118 2304 219 2351 διψῶν
234 2321 313 2342 ποτε
326 2306 469 2352 σφοδρῶς
479 2311 660 2343 ἐπίσπασαι
672 2311 786 2356 ψυχροῦ

119 2357 238 2399 ὕδατος
252 2385 259 2396 ,
275 2360 328 2393 καὶ
349 2362 505 2394 ἕκπτυσιν
517 2387 523 2392 .
540 2386 546 2392 .
563 2386 569 2392 .
586 2387 592 2392 .
609 2362 787 2403 Quantum

121 2412 223 2444 etiam
244 2413 286 2445 sit
304 2413 338 2445 in
358 2425 398 2445 eo
412 2438 419 2452 ,
438 2415 622 2456 utfebrimn
639 2418 787 2447 ardorem

121 2473 153 2496 et
182 2464 346 2505 sudores,
372 2466 431 2510 qui
458 2478 528 2498 non
555 2467 668 2499 minus
693 2475 788 2500 extra

122 2530 245 2562 corpus
266 2518 479 2563 inquietant,
503 2531 607 2563 quam
630 2520 720 2552 intus
741 2522 791 2566 ja-

119 2577 233 2603 ctatur
246 2572 418 2604 aestuantis
438 2572 614 2616 sanguinis
625 2573 789 2612 motibus,

122 2623 244 2669 aliquis
263 2626 409 2656 immotus
425 2635 614 2667 opertusque
631 2627 792 2656 transmit-

121 2685 190 2714 tat,
215 2685 247 2709 et
272 2690 376 2721 qnam
404 2690 527 2721 parum
553 2676 595 2709 ad
623 2690 696 2710 eam
720 2691 790 2710 rein

848 1412 1001 1455 vulgaris
1024 1411 1245 1457 philosophia
1266 1414 1372 1457 prosit
1386 1439 1394 1453 ‚
1420 1428 1520 1449 nove-

847 1472 929 1495 runt
946 1464 1074 1496 clinici.
1096 1464 1140 1497 G.

898 1520 929 1549 S.
948 1521 1094 1555 Summa,
1117 1517 1173 1557 id,
1194 1530 1262 1562 quo
1284 1525 1353 1551 tota
1370 1531 1424 1551 res
1442 1532 1522 1553 Con—

849 1569 990 1602 tinetur.
1018 1570 1108 1614 Ergo
1141 1584 1263 1602 summa
1298 1574 1494 1605 valetudinis
1508 1600 1517 1612 ,

848 1631 973 1654 natura
991 1629 1023 1654 et
1037 1624 1126 1655 ratio
1146 1623 1366 1656 valetudinis.
1389 1625 1454 1658 En.
1476 1647 1520 1650 —

850 1678 1089 1717 Insuperabilis.
1114 1680 1396 1719 Inezsuperabilis.
1421 1680 1519 1712 Rom.

850 1741 920 1761 non
939 1736 1073 1761 tantum
1088 1754 1096 1767 ‚
1117 1729 1175 1761 sed
1197 1729 1297 1762 etiam
1326 1731 1520 1765 Brummer.

850 1782 891 1814 A.
914 1789 946 1814 et
965 1782 1114 1814 Arnzen.
1133 1782 1176 1814 H.
1196 1803 1241 1806 —
1265 1782 1410 1816 Praefero
1433 1787 1522 1816 inex-

851 1836 1047 1876 superabilis.
1064 1834 1181 1866 Livius
1193 1834 1280 1866 VIII
1295 1859 1302 1873 ,
1322 1847 1356 1878 7,
1374 1837 1407 1869 8.
1431 1837 1521 1869 «Mo-

852 1894 905 1918 vet
938 1887 1089 1919 ferocem
1116 1887 1271 1919 animum
1300 1890 1435 1933 juvenis
1463 1903 1520 1923 seu

853 1939 902 1971 ira
913 1965 920 1978 ‚
937 1952 996 1971 seu
1013 1938 1228 1972 detrectandi
1247 1942 1444 1975 certaminis
1461 1956 1523 1988 pu-

853 1991 938 2032 dor,
959 2005 1017 2024 seu
1038 1992 1318 2038 inexsuperabilis
1340 1995 1390 2027 vis
1410 1996 1483 2029 fati.
1501 2014 1514 2025 »

852 2045 994 2090 Proprio
1021 2057 1122 2078 sensu
1148 2046 1330 2091 saepissime
1360 2047 1393 2080 in
1425 2049 1522 2081 Iiivio

851 2099 1015 2144 reperias.
1038 2098 1123 2131 Vid.
1149 2099 1327 2132 Drakenb.
1350 2099 1393 2132 ad
1414 2101 1495 2133 XXI
1513 2128 1521 2141 ‚

854 2153 896 2185 3ο
907 2176 915 2191 ,
930 2163 947 2195 7
957 2176 965 2191 ⁷
977 2164 1046 2195 quo
1059 2151 1136 2184 loco
1150 2151 1270 2185 eadem
1284 2153 1317 2184 in
1332 2153 1428 2186 libris
1443 2167 1522 2187 con-

854 2204 956 2236 fusio.
977 2203 1156 2237 Secundus
1182 2205 1273 2238 infra
1291 2205 1337 2245 V,
1358 2219 1378 2249 9
1393 2231 1401 2245 ,
1425 2220 1440 2239 2
1454 2232 1462 2246 ‚
1484 2208 1525 2240 si-

854 2256 926 2288 mili
945 2257 1133 2301 composito
1152 2257 1186 2289 in
1203 2257 1303 2289 simili
1318 2271 1354 2290 re
1369 2270 1375 2291 :
1402 2260 1524 2293 «inter-

854 2316 902 2340 est
922 2321 1027 2353 quam
1048 2310 1275 2343 maturissime
1295 2311 1522 2356 inexplicabili

855 2362 977 2394 morbo
997 2361 1148 2395 liberari.
1168 2380 1180 2390 n
1201 2363 1236 2396 S.

905 2426 956 2446 10.
990 2417 1292 2458 1‘1'1ce‚...p0nere.
1332 2419 1412 2447 Vim
1443 2431 1525 2449 mor-

857 2469 958 2508 tisque
977 2469 1143 2499 consilium
1164 2471 1219 2499 ‘rel
1229 2470 1385 2510 suscipere
1402 2472 1457 2501 vel
1467 2484 1525 2512 po-

856 2532 929 2550 nere
948 2521 1043 2552 Rom.
1065 2528 1097 2551 et
1114 2521 1269 2553 Brumm.
1296 2522 1337 2553 A.
1364 2521 1455 2554 Male
1481 2522 1526 2555 al-

857 2579 967 2604 terum
984 2576 1039 2604 wel
1057 2572 1158 2618 vulgo
1173 2573 1356 2606 omittitur.
1374 2574 1418 2607 H.

907 2637 918 2657 l
931 2638 943 2657 Ι
953 2652 959 2658 .
973 2629 1015 2657 Et
1028 2628 1158 2658 medici.
1175 2652 1181 2658 .
1198 2628 1412 2668 .J›ollt'c(²11t117·.
1425 2629 1520 2661 Rom.

860 2681 886 2708 E
890 2688 901 2709 t
913 2681 1028 2710 medici
1037 2681 1164 2719 quidem
1174 2681 1312 2711 secunda
1317 2682 1520 2721 pollicentur,

1542 418 1562 449 8

1548 1008 1586 1028 10

1546 1305 1584 1326 11
