1742 2989
569 226 901 269 EPISTULA
942 229 1046 270 xv.
1419 231 1501 282 241

110 325 233 369 pere,
258 307 405 369 quales
436 323 461 350 a
488 315 646 350 natura
674 306 862 349 solemus
898 318 1064 368 optare.
1094 310 1291 352 Decorus
1320 311 1403 353 erit
1431 311 1507 353 tib.

108 380 276 425 consuli
296 389 483 441 quaestor
508 389 631 440 patre
651 381 854 439 praetorio
870 415 881 434 ,
909 381 1167 441 propinquis
1192 373 1510 426 consularibus:

110 454 293 515 quibus,
317 452 485 513 judicio
511 454 731 512 ipsorum,
758 470 1025 513 quamquam
1056 453 1403 497 adolescentulus
1433 455 1513 498 ad-

111 528 216 582 huc,
237 528 327 586 jam
349 535 496 568 tamen
521 525 707 568 invicem
733 536 993 570 ornamento
1016 536 1093 570 est.
1120 526 1310 570 Proinde
1335 526 1515 587 indulge

110 600 313 660 precibus
344 599 474 654 meis,
501 598 739 658 obsequere
764 598 972 654 consilio,
1001 609 1044 642 et
1070 608 1169 642 ante
1195 599 1366 654 omnia,
1393 600 1428 643 si
1456 599 1515 643 fe-

108 673 270 716 stinare
297 671 473 726 videor,
502 671 680 732 ignosce
712 688 721 714 :
750 672 942 732 primum
970 670 1101 734 [quia
1131 673 1242 716 votis
1273 674 1360 716 suis
1391 689 1515 717 amor

110 744 369 806 plerumque
400 746 631 805 praecurrit
662 762 671 788 :
705 743 912 808 deinde],
939 745 1058 806 quod
1088 746 1133 789 in
1162 763 1212 789 ea
1242 747 1443 800 civitate,
1470 749 1513 790 in

109 834 195 878 qua
226 818 374 861 omnia
405 819 527 878 quasi
558 818 613 861 ab
649 819 967 879 occupantibus
998 828 1212 880 aguntur,
1238 836 1334 879 quae
1368 818 1516 880 legiti-

109 908 231 935 mum
266 901 439 953 tempus
477 901 755 952 exspectant,
790 909 879 935 non
914 902 1116 947 matura,
1144 892 1220 936 sed
1253 909 1348 936 sera
1384 903 1515 936 sunt:

108 964 289 1021 deinde,
319 965 437 1025 quod
471 981 642 1019 rerum,
675 981 783 1026 quas
815 966 985 1026 assequi
1020 967 1171 1026 cupias
1190 1000 1201 1019 ,
1233 966 1516 1027 praesumptio

110 1041 201 1099 ipsa
218 1038 414 1099 jucunda
430 1048 506 1082 est.
522 1041 790 1082 Revereatur
805 1039 896 1099 jam
916 1049 958 1082 te
982 1042 1160 1093 Bassus,
1183 1049 1231 1083 ut
1257 1038 1480 1083 consulem
1504 1055 1514 1082 :

110 1123 158 1156 tu
181 1113 311 1174 dilige
338 1130 460 1167 eum,
477 1123 526 1156 ut
546 1123 806 1173 quaestorem
833 1130 841 1156 :
864 1129 944 1157 nos
967 1113 1179 1173 denique,
1194 1114 1424 1173 utriusque
1446 1129 1516 1156 ve-

107 1195 247 1229 strum
281 1185 596 1241 amantissimi,
631 1185 793 1246 duplici
828 1185 975 1229 laetitia
1013 1186 1306 1247 perfruamur.
1341 1186 1517 1230 Etenim

110 1276 247 1319 quum
267 1260 328 1303 sic
352 1268 417 1314 te,
438 1259 498 1302 sic
518 1262 701 1302 Bassum
721 1258 975 1319 diligamus,
991 1268 1041 1301 ut
1065 1269 1107 1302 et
1130 1258 1252 1302 illum
1274 1259 1518 1318 cujuscum-

110 1348 219 1392 que,
239 1341 282 1375 et
305 1342 429 1375 tuum
455 1347 778 1392 quemeumque
804 1340 1064 1391 quaestorem
1090 1332 1135 1374 in
1159 1331 1359 1391 petendis
1379 1332 1516 1374 hono-

110 1405 230 1449 ribus
268 1406 389 1448 omni
419 1421 576 1465 opera,
609 1405 728 1447 omni
766 1403 936 1459 labore,
966 1406 1106 1465 gratia
1137 1405 1271 1448 simus
1296 1405 1517 1464 juvaturi;

111 1568 214 1610 quasi.
237 1566 281 1599 H.
301 1587 347 1590 —
367 1565 504 1599 Cortius
531 1578 549 1600 e
581 1564 779 1605 codicibus,

111 1618 234 1652 ordine
258 1618 400 1652 meliore
423 1630 430 1651 ε
449 1622 527 1651 tales
552 1620 645 1662 quasi
669 1620 781 1651 liberos

113 1685 134 1702 a
147 1673 320 1715 republica.
337 1672 371 1706 S.

157 1744 203 1748 —
221 1728 362 1756 Decorus
387 1725 448 1755 erit
472 1726 539 1755 tibi.
563 1725 659 1756 Rom.
683 1728 783 1755 Deco-

112 1790 181 1808 rum
195 1778 255 1808 eric
272 1779 340 1809 tibi.
356 1776 400 1808 H.

163 1840 216 1861 11.
238 1829 336 1873 [Quia
353 1830 456 1860 vocis.
472 1852 479 1859 .
496 1853 502 1859 .
513 1829 660 1873 deinde.]
680 1828 760 1861 Haec
772 1854 781 1868 ,

112 1880 229 1914 Cortio
240 1888 323 1913 teste
335 1906 343 1920 ,
355 1879 524 1913 absuntin
536 1880 676 1925 optimis
687 1880 782 1913 libris

111 1941 145 1967 et
169 1933 226 1966 vix
251 1933 407 1966 efficiunt
438 1933 643 1966 sententiam
671 1933 781 1966 Plinio

112 1985 266 2031 dignam.
281 1986 325 2019 G.
338 2006 385 2010 —-
401 1986 480 2018 Haec
500 1985 547 2018 ita
563 2010 571 2025 ‚
592 1993 630 2018 ut
644 1986 781 2031 vulgata

113 2047 212 2080 sunt,
231 2039 337 2072 habet
356 2041 453 2071 Rom.
475 2039 536 2071 etsi
563 2039 680 2072 abesse
703 2052 781 2084 pos-

113 2100 204 2125 sunt.
222 2092 266 2125 H.
283 2113 329 2117 ——
344 2093 456 2125 Immo
483 2091 662 2124 retinenda
687 2101 780 2126 sunt.

113 2144 236 2177 Omisit
270 2144 450 2184 librarius,
487 2146 587 2190 cujus
614 2145 734 2177 oculus
762 2159 782 2178 a

114 2198 227 2242 priore
250 2206 336 2231 nota
356 2210 451 2230 nunc
477 2200 554 2241 quia
578 2210 672 2230 nunc
697 2202 786 2241 quod

113 2249 328 2294 significante
347 2249 460 2293 (unde
479 2258 560 2283 nata
581 2251 785 2296 frequentis-

113 2303 200 2336 sima
208 2301 335 2334 harum
345 2303 593 2347 particularum
605 2304 762 2337 confusio
774 2317 782 2345 ;

113 2355 192 2390 vid-
212 2355 387 2387 Drakenb.
406 2354 451 2387 ad
474 2356 548 2388 Liv.
576 2356 783 2397 XXXVIII,

115 2409 158 2442 36
170 2433 179 2449 ,
191 2413 209 2448 4
222 2420 230 2448 ;
245 2407 324 2440 coll.
338 2408 432 2440 Cort.
445 2407 489 2439 ad
506 2408 593 2440 Plin.
606 2421 659 2453 ep.
675 2410 691 2441 I
704 2435 712 2449 ,
728 2410 782 2449 13,

115 2463 170 2506 4),
183 2460 228 2494 ad
250 2460 473 2506 posteriorem
495 2461 697 2494 aberrasset.
717 2462 784 2495 Pro

113 2515 273 2560 genuinis
292 2514 442 2547 habebat
463 2514 639 2546 Ernestius
656 2514 759 2547 etiam
774 2540 783 2555 ,

114 2567 175 2612 qui
188 2592 197 2607 ,
221 2584 234 2595 α
250 2567 424 2600 Gesnerus
436 2591 444 2606 ‚
465 2567 577 2612 inquit
593 2591 602 2605 ‚
622 2579 661 2599 ea
680 2568 784 2600 verba

115 2619 214 2652 uncis
231 2619 437 2658 incluserat,
461 2632 548 2665 quos
572 2632 664 2652 nunc
695 2619 784 2652 dele-

116 2670 238 2704 vimus.
259 2673 470 2718 Argumenta
487 2673 595 2706 Cortii
614 2685 684 2705 non
706 2674 785 2706 satis

117 2722 217 2757 firma
231 2732 329 2763 sunt,
344 2733 377 2758 et
388 2738 407 2758 a
420 2725 571 2770 Gierigio
589 2726 673 2759 bene
689 2727 781 2760 resu-

311 2784 349 2823 J.

847 1573 929 1599 tata.
953 1566 1123 1599 Tironum
1149 1569 1258 1612 gratia
1280 1567 1492 1601 monendum
1508 1594 1516 1608 ‚

846 1621 933 1651 votis
954 1622 1017 1651 suis
1041 1632 1112 1652 non
1141 1632 1213 1652 esse
1241 1620 1375 1655 dativos
1391 1648 1399 1662 ,
1419 1623 1479 1668 qui
1499 1635 1517 1655 a

841 1673 1017 1714 praecurrit
1039 1671 1232 1716 pendeant,
1260 1673 1319 1706 sed
1350 1676 1519 1709 ablativos

848 1723 914 1755 hoc
933 1736 1034 1756 sensu
1051 1735 1058 1755 ε
1076 1738 1169 1756 amor
1178 1728 1264 1757 vocis
1277 1729 1341 1758 suis
1349 1732 1521 1770 praem-rit

847 1776 921 1808 scil.
938 1776 1128 1821 legitimum
1144 1785 1277 1823 tempus
1292 1803 1300 1818 ‚
1316 1792 1388 1812 non
1404 1793 1519 1827 exspe-

847 1837 940 1862 ctare
955 1829 1041 1862 illud
1056 1838 1179 1875 potest.
1192 1849 1207 1859 n
1221 1832 1256 1865 S.
1272 1853 1318 1857 —
1331 1836 1394 1865 Sed
1403 1848 1518 1868 sera...

847 1895 963 1915 rerum.
979 1883 1032 1916 Sic
1043 1891 1075 1915 et
1090 1886 1187 1916 Rom.
1203 1884 1247 1918 H.
1259 1906 1303 1910 —
1314 1889 1448 1920 Deinde.
1465 1889 1521 1922 Sic

846 1934 924 1967 libri
942 1935 1062 1981 optimi
1083 1936 1187 1970 modo
1207 1937 1335 1972 laudati
1356 1951 1364 1971 ε
1387 1939 1443 1973 alii
1459 1942 1516 1975 ha<

846 1987 929 2020 bent
957 1991 989 2020 in
1016 2003 1152 2023 summa.
1184 1990 1228 2023 G.
1257 2012 1302 2015 —
1320 1993 1460 2026 Praestat
1488 1998 1519 2027 in

846 2054 969 2073 smnma
981 2067 990 2079 ‚
1007 2054 1027 2074 a
1042 2042 1193 2087 Gierigio
1212 2044 1300 2077 bene
1320 2045 1517 2081 reductum.

848 2093 907 2126 Est
923 2095 945 2126 i.
958 2107 992 2139 q.
1009 2094 1170 2141 (lenique.
1191 2098 1224 2130 S.
1239 2117 1285 2121 —
1298 2102 1518 2143 Pra’sampcio.

849 2146 997 2180 Fructus
1015 2149 1111 2193 quasi
1132 2162 1263 2193 praecox
1277 2175 1286 2190 ‚
1307 2164 1415 2196 quum
1441 2163 1521 2187 ante

851 2206 985 2244 tempus
1007 2201 1199 2245 legitimum
1224 2204 1292 2235 frui
1314 2205 1391 2238 licet
1417 2208 1519 2240 votis.

851 2252 1018 2286 Videmus
1038 2254 1104 2287 hoc
1123 2255 1276 2300 quotidie
1292 2257 1326 2288 in
1347 2257 1521 2293 lautorum

850 2304 1033 2338 hominum
1062 2308 1172 2352 epulis
1189 2333 1197 2348 ,
1226 2310 1285 2353 qui
1316 2322 1519 2356 asparagos,

849 2358 938 2402 pisa,
950 2371 1065 2398 cerasa
1074 2385 1082 2398 ,
1090 2359 1189 2393 ssores
1198 2387 1205 2400 ,
1216 2374 1269 2394 res
1277 2361 1430 2407 alioquin
1439 2365 1520 2397 satis

850 2410 1006 2455 vulgares
1018 2436 1026 2451 ‚
1042 2420 1197 2458 tempore
1217 2427 1287 2446 non
1301 2427 1378 2454 suo,
1391 2428 1519 2461 magno

849 2463 1038 2504 redimunt,
1048 2473 1197 2498 maturas
1205 2466 1466 2511 adspernantur.
1476 2469 1518 2502 G.

889 2528 901 2549 1
911 2530 926 2549 2
933 2543 938 2548 .
945 2520 1073 2560 Duplici
1079 2521 1192 2550 loeticia
1197 2521 1413 2562 peljruamur.
1423 2523 1504 2554 Rom
1511 2548 1517 2554 .

851 2571 978 2601 Laeticla
989 2572 1110 2613 duplici
1114 2573 1330 2614 perfruamur.
1348 2571 1391 2604 H.

895 2621 944 2654 13.
959 2625 1198 2666 Cujuscumqne.
1213 2623 1284 2655 scil.
1299 2625 1448 2657 consulis
1460 2626 1520 2659 fiat

849 2682 1009 2720 quaestor.
1020 2676 1207 2708 E.—-Omm'
1216 2689 1312 2717 opera
1322 2702 1329 2710 ,
1341 2684 1406 2709 ete.
1418 2678 1501 2710 Rom
1510 2704 1516 2710 .

851 2743 864 2756 α
877 2728 982 2762 Omni
999 2740 1103 2773 opera
1116 2753 1124 2768 ‚
1140 2728 1256 2761 laboro
1270 2753 1277 2766 ,
1293 2730 1398 2771 gratia
1414 2730 1519 2763 simus

1275 2785 1326 2828 16

1543 543 1577 563 11

1545 1055 1582 1075 12
