<?xml version="1.0" encoding="UTF-8"?>
<!DOCTYPE html PUBLIC "-//W3C//DTD XHTML 1.0 Transitional//EN"
    "http://www.w3.org/TR/xhtml1/DTD/xhtml1-transitional.dtd">
<html xmlns="http://www.w3.org/1999/xhtml" xml:lang="en" lang="en">
 <head>
  <title>
</title>
<meta http-equiv="Content-Type" content="text/html;charset=utf-8" />
  <meta name='ocr-system' content='tesseract 3.04.00' />
  <meta name='ocr-capabilities' content='ocr_page ocr_carea ocr_par ocr_line ocrx_word'/>
</head>
<body>
  <div class='ocr_page' id='page_1' title='image "./epistolarumlibri01plinuoft_0092.png"; bbox 0 0 1742 2989; ppageno 0'>
   <div class='ocr_carea' id='block_1_1' title="bbox 196 165 1162 224">
    <p class='ocr_par' dir='ltr' id='par_1_1' title="bbox 196 165 1162 224">
     <span class='ocr_line' id='line_1_1' title="bbox 196 165 1162 224; baseline -0.006 -10"><span class='ocrx_word' id='word_1_1' title='bbox 196 173 244 224; x_wconf 61' lang='grc' dir='ltr'>ιί,</span> <span class='ocrx_word' id='word_1_2' title='bbox 615 168 664 210; x_wconf 85' lang='lat' dir='ltr'>C.</span> <span class='ocrx_word' id='word_1_3' title='bbox 702 165 931 209; x_wconf 86' lang='lat' dir='ltr'>PLINII</span> <span class='ocrx_word' id='word_1_4' title='bbox 965 166 1089 209; x_wconf 90' lang='lat' dir='ltr'>LIB.</span> <span class='ocrx_word' id='word_1_5' title='bbox 1129 167 1162 209; x_wconf 78' lang='lat' dir='ltr'>I.</span> 
     </span>
    </p>
   </div>
   <div class='ocr_carea' id='block_1_2' title="bbox 187 246 1594 524">
    <p class='ocr_par' dir='ltr' id='par_1_2' title="bbox 187 246 1594 524">
     <span class='ocr_line' id='line_1_2' title="bbox 189 246 1588 308; baseline -0.002 -12"><span class='ocrx_word' id='word_1_6' title='bbox 189 252 350 296; x_wconf 78' lang='lat' dir='ltr'>oblitus</span> <span class='ocrx_word' id='word_1_7' title='bbox 374 267 419 294; x_wconf 85' lang='lat' dir='ltr'>es</span> <span class='ocrx_word' id='word_1_8' title='bbox 438 286 448 305; x_wconf 92' lang='lat'>,</span> <span class='ocrx_word' id='word_1_9' title='bbox 481 253 527 293; x_wconf 79' lang='grc' dir='ltr'>ίιι</span> <span class='ocrx_word' id='word_1_10' title='bbox 555 265 645 308; x_wconf 75' lang='lat' dir='ltr'>quo</span> <span class='ocrx_word' id='word_1_11' title='bbox 678 264 746 291; x_wconf 83' lang='lat' dir='ltr'>me</span> <span class='ocrx_word' id='word_1_12' title='bbox 774 250 1081 307; x_wconf 71' lang='lat' dir='ltr'><em>interrogasti,</em></span> <span class='ocrx_word' id='word_1_13' title='bbox 1113 246 1226 306; x_wconf 75' lang='lat' dir='ltr'>quid</span> <span class='ocrx_word' id='word_1_14' title='bbox 1245 247 1300 291; x_wconf 84' lang='lat' dir='ltr'>de</span> <span class='ocrx_word' id='word_1_15' title='bbox 1328 249 1464 293; x_wconf 66' lang='lat' dir='ltr'>Meta·</span> <span class='ocrx_word' id='word_1_16' title='bbox 1481 250 1588 293; x_wconf 92' lang='lat' dir='ltr'>Mo-</span> 
     </span>
     <span class='ocr_line' id='line_1_3' title="bbox 187 319 1592 386; baseline -0.002 -17"><span class='ocrx_word' id='word_1_17' title='bbox 187 325 304 369; x_wconf 75' lang='lat' dir='ltr'>desti</span> <span class='ocrx_word' id='word_1_18' title='bbox 327 328 501 386; x_wconf 72' lang='lat' dir='ltr'>pietate</span> <span class='ocrx_word' id='word_1_19' title='bbox 537 325 741 367; x_wconf 72' lang='lat' dir='ltr'>sentirem</span> <span class='ocrx_word' id='word_1_20' title='bbox 765 321 788 363; x_wconf 68' lang='lat'>‚9</span> <span class='ocrx_word' id='word_1_21' title='bbox 828 319 1050 380; x_wconf 82' lang='lat' dir='ltr'>Expalluit</span> <span class='ocrx_word' id='word_1_22' title='bbox 1087 319 1359 376; x_wconf 81' lang='lat' dir='ltr'>notabiliter,</span> <span class='ocrx_word' id='word_1_23' title='bbox 1393 324 1592 382; x_wconf 88' lang='lat' dir='ltr'>quamvis</span> 
     </span>
     <span class='ocr_line' id='line_1_4' title="bbox 187 393 1592 460; baseline -0.002 -17"><span class='ocrx_word' id='word_1_24' title='bbox 187 399 347 460; x_wconf 88' lang='lat' dir='ltr'>palleat</span> <span class='ocrx_word' id='word_1_25' title='bbox 370 413 540 458; x_wconf 83' lang='lat' dir='ltr'><strong>semper</strong></span> <span class='ocrx_word' id='word_1_26' title='bbox 561 414 569 439; x_wconf 88' lang='lat'><strong>:</strong></span> <span class='ocrx_word' id='word_1_27' title='bbox 591 405 633 439; x_wconf 84' lang='lat' dir='ltr'>ct</span> <span class='ocrx_word' id='word_1_28' title='bbox 651 393 975 438; x_wconf 72' lang='lat' dir='ltr'>haesitabundus</span> <span class='ocrx_word' id='word_1_29' title='bbox 996 395 1161 454; x_wconf 91' lang='lat' dir='ltr'>inquit,</span> <span class='ocrx_word' id='word_1_30' title='bbox 1181 396 1481 457; x_wconf 73' lang='lat' dir='ltr'>Interrogavi,</span> <span class='ocrx_word' id='word_1_31' title='bbox 1502 412 1592 440; x_wconf 77' lang='lat' dir='ltr'>non</span> 
     </span>
     <span class='ocr_line' id='line_1_5' title="bbox 188 467 1594 524; baseline -0.003 -8"><span class='ocrx_word' id='word_1_32' title='bbox 188 484 240 516; x_wconf 76' lang='lat' dir='ltr'>ut</span> <span class='ocrx_word' id='word_1_33' title='bbox 261 472 342 516; x_wconf 71' lang='lat' dir='ltr'>tz&#39;bc&#39;</span> <span class='ocrx_word' id='word_1_34' title='bbox 365 486 594 524; x_wconf 74' lang='lat' dir='ltr'>nocerem,</span> <span class='ocrx_word' id='word_1_35' title='bbox 626 468 708 513; x_wconf 83' lang='lat' dir='ltr'>sed</span> <span class='ocrx_word' id='word_1_36' title='bbox 729 479 776 511; x_wconf 78' lang='lat' dir='ltr'>ut</span> <span class='ocrx_word' id='word_1_37' title='bbox 799 467 1024 511; x_wconf 80' lang='lat' dir='ltr'><em>Modesto.</em></span> <span class='ocrx_word' id='word_1_38' title='bbox 1049 467 1162 512; x_wconf 84' lang='lat' dir='ltr'><strong>Vide</strong></span> <span class='ocrx_word' id='word_1_39' title='bbox 1187 468 1377 512; x_wconf 89' lang='lat' dir='ltr'>hominis</span> <span class='ocrx_word' id='word_1_40' title='bbox 1402 468 1594 513; x_wconf 79' lang='lat' dir='ltr'>crudeli-</span> 
     </span>
    </p>
   </div>
   <div class='ocr_carea' id='block_1_3' title="bbox 124 539 1590 604">
    <p class='ocr_par' dir='ltr' id='par_1_3' title="bbox 124 539 1590 604">
     <span class='ocr_line' id='line_1_6' title="bbox 124 539 1590 604; baseline -0.002 -14"><span class='ocrx_word' id='word_1_41' title='bbox 124 560 164 596; x_wconf 75' lang='lat'>14</span> <span class='ocrx_word' id='word_1_42' title='bbox 189 555 322 590; x_wconf 88' lang='lat' dir='ltr'>tatem</span> <span class='ocrx_word' id='word_1_43' title='bbox 338 580 348 598; x_wconf 87' lang='lat'>,</span> <span class='ocrx_word' id='word_1_44' title='bbox 371 545 445 604; x_wconf 89' lang='lat' dir='ltr'>qui</span> <span class='ocrx_word' id='word_1_45' title='bbox 472 560 515 587; x_wconf 91' lang='lat' dir='ltr'>se</span> <span class='ocrx_word' id='word_1_46' title='bbox 538 560 626 586; x_wconf 92' lang='lat' dir='ltr'>non</span> <span class='ocrx_word' id='word_1_47' title='bbox 652 539 892 586; x_wconf 85' lang='lat' dir='ltr'>dissimulet</span> <span class='ocrx_word' id='word_1_48' title='bbox 916 540 1052 584; x_wconf 85' lang='lat' dir='ltr'>exsuli</span> <span class='ocrx_word' id='word_1_49' title='bbox 1076 557 1234 585; x_wconf 90' lang='lat' dir='ltr'>nocere</span> <span class='ocrx_word' id='word_1_50' title='bbox 1256 541 1454 586; x_wconf 89' lang='lat' dir='ltr'>voluisse.</span> <span class='ocrx_word' id='word_1_51' title='bbox 1478 543 1590 587; x_wconf 89' lang='lat' dir='ltr'>Sub-</span> 
     </span>
    </p>
   </div>
   <div class='ocr_carea' id='block_1_4' title="bbox 125 846 163 876">
    <p class='ocr_par' dir='ltr' id='par_1_4' title="bbox 125 846 163 876">
     <span class='ocr_line' id='line_1_7' title="bbox 125 846 163 876; baseline -0.026 0"><span class='ocrx_word' id='word_1_52' title='bbox 125 846 163 876; x_wconf 85' lang='lat'>15</span> 
     </span>
    </p>
   </div>
   <div class='ocr_carea' id='block_1_5' title="bbox 123 1362 163 1393">
    <p class='ocr_par' dir='ltr' id='par_1_5' title="bbox 123 1362 163 1393">
     <span class='ocr_line' id='line_1_8' title="bbox 123 1362 163 1393; baseline 0 0"><span class='ocrx_word' id='word_1_53' title='bbox 123 1362 163 1393; x_wconf 81' lang='lat'>16</span> 
     </span>
    </p>
   </div>
   <div class='ocr_carea' id='block_1_6' title="bbox 123 1582 163 1614">
    <p class='ocr_par' dir='ltr' id='par_1_6' title="bbox 123 1582 163 1614">
     <span class='ocr_line' id='line_1_9' title="bbox 123 1582 163 1614; baseline 0 0"><span class='ocrx_word' id='word_1_54' title='bbox 123 1582 163 1614; x_wconf 86' lang='lat'>17</span> 
     </span>
    </p>
   </div>
   <div class='ocr_carea' id='block_1_7' title="bbox 184 615 1596 1628">
    <p class='ocr_par' dir='ltr' id='par_1_7' title="bbox 184 615 1596 1628">
     <span class='ocr_line' id='line_1_10' title="bbox 184 615 1593 679; baseline -0.001 -17"><span class='ocrx_word' id='word_1_55' title='bbox 184 620 330 679; x_wconf 84' lang='lat' dir='ltr'>junxit</span> <span class='ocrx_word' id='word_1_56' title='bbox 358 618 576 679; x_wconf 73' lang='lat' dir='ltr'>egregiam</span> <span class='ocrx_word' id='word_1_57' title='bbox 609 631 805 660; x_wconf 82' lang='lat' dir='ltr'>caussam</span> <span class='ocrx_word' id='word_1_58' title='bbox 841 632 848 657; x_wconf 91' lang='lat'><strong>:</strong></span> <span class='ocrx_word' id='word_1_59' title='bbox 879 616 1088 676; x_wconf 49' lang='lat' dir='ltr'>Soranus,</span> <span class='ocrx_word' id='word_1_60' title='bbox 1118 615 1289 675; x_wconf 87' lang='lat' dir='ltr'>inquit,</span> <span class='ocrx_word' id='word_1_61' title='bbox 1322 619 1366 659; x_wconf 79' lang='lat' dir='ltr'>in</span> <span class='ocrx_word' id='word_1_62' title='bbox 1405 618 1593 677; x_wconf 77' lang='lat' dir='ltr'>epistola</span> 
     </span>
     <span class='ocr_line' id='line_1_11' title="bbox 186 689 1594 752; baseline -0.002 -16"><span class='ocrx_word' id='word_1_63' title='bbox 186 692 409 752; x_wconf 74' lang='lat' dir='ltr'>quadam,</span> <span class='ocrx_word' id='word_1_64' title='bbox 431 707 536 750; x_wconf 64' lang='lat' dir='ltr'>quae</span> <span class='ocrx_word' id='word_1_65' title='bbox 571 689 698 752; x_wconf 71' lang='lat' dir='ltr'>apud</span> <span class='ocrx_word' id='word_1_66' title='bbox 718 691 1026 732; x_wconf 74' lang='lat' dir='ltr'>Domitianum</span> <span class='ocrx_word' id='word_1_67' title='bbox 1060 692 1248 732; x_wconf 78' lang='lat' dir='ltr'>recitata</span> <span class='ocrx_word' id='word_1_68' title='bbox 1278 700 1368 743; x_wconf 78' lang='lat' dir='ltr'>est,</span> <span class='ocrx_word' id='word_1_69' title='bbox 1397 690 1594 748; x_wconf 75' lang='lat' dir='ltr'>Regulus</span> 
     </span>
     <span class='ocr_line' id='line_1_12' title="bbox 188 761 1595 825; baseline -0.001 -17"><span class='ocrx_word' id='word_1_70' title='bbox 188 769 382 808; x_wconf 68' lang='lat' dir='ltr'>omnium</span> <span class='ocrx_word' id='word_1_71' title='bbox 420 763 623 825; x_wconf 65' lang='lat' dir='ltr'>bg‘pedcmz</span> <span class='ocrx_word' id='word_1_72' title='bbox 654 765 975 821; x_wconf 74' lang='lat' dir='ltr'>nequissimus,-</span> <span class='ocrx_word' id='word_1_73' title='bbox 1005 761 1123 821; x_wconf 91' lang='lat' dir='ltr'>quod</span> <span class='ocrx_word' id='word_1_74' title='bbox 1157 761 1334 822; x_wconf 89' lang='lat' dir='ltr'>quidem</span> <span class='ocrx_word' id='word_1_75' title='bbox 1367 761 1595 807; x_wconf 83' lang='lat' dir='ltr'>Modestus</span> 
     </span>
     <span class='ocr_line' id='line_1_13' title="bbox 188 834 1592 896; baseline -0.001 -15"><span class='ocrx_word' id='word_1_76' title='bbox 188 839 410 882; x_wconf 89' lang='lat' dir='ltr'>verissime</span> <span class='ocrx_word' id='word_1_77' title='bbox 445 838 688 896; x_wconf 79' lang='lat' dir='ltr'>scripserat.</span> <span class='ocrx_word' id='word_1_78' title='bbox 719 836 803 878; x_wconf 91' lang='lat' dir='ltr'>Hic</span> <span class='ocrx_word' id='word_1_79' title='bbox 828 834 917 878; x_wconf 88' lang='lat' dir='ltr'>fere</span> <span class='ocrx_word' id='word_1_80' title='bbox 951 835 1077 878; x_wconf 85' lang='lat' dir='ltr'>nobis</span> <span class='ocrx_word' id='word_1_81' title='bbox 1115 836 1325 878; x_wconf 88' lang='lat' dir='ltr'>sermonis</span> <span class='ocrx_word' id='word_1_82' title='bbox 1357 836 1592 879; x_wconf 88' lang='lat' dir='ltr'>terminus:</span> 
     </span>
     <span class='ocr_line' id='line_1_14' title="bbox 188 907 1594 972; baseline -0.002 -17"><span class='ocrx_word' id='word_1_83' title='bbox 188 928 330 972; x_wconf 90' lang='lat' dir='ltr'>neque</span> <span class='ocrx_word' id='word_1_84' title='bbox 351 912 467 955; x_wconf 85' lang='lat' dir='ltr'>enim</span> <span class='ocrx_word' id='word_1_85' title='bbox 491 909 606 953; x_wconf 89' lang='lat' dir='ltr'>volui</span> <span class='ocrx_word' id='word_1_86' title='bbox 631 908 836 970; x_wconf 84' lang='lat' dir='ltr'>progredi</span> <span class='ocrx_word' id='word_1_87' title='bbox 862 907 1060 969; x_wconf 80' lang='lat' dir='ltr'>longius,</span> <span class='ocrx_word' id='word_1_88' title='bbox 1083 918 1131 952; x_wconf 86' lang='lat' dir='ltr'>ut</span> <span class='ocrx_word' id='word_1_89' title='bbox 1157 909 1265 952; x_wconf 87' lang='lat' dir='ltr'>mihi</span> <span class='ocrx_word' id='word_1_90' title='bbox 1289 909 1436 952; x_wconf 85' lang='lat' dir='ltr'>onmia</span> <span class='ocrx_word' id='word_1_91' title='bbox 1460 907 1594 952; x_wconf 88' lang='lat' dir='ltr'>libera</span> 
     </span>
     <span class='ocr_line' id='line_1_15' title="bbox 187 982 1594 1042; baseline -0.001 -14"><span class='ocrx_word' id='word_1_92' title='bbox 187 1000 427 1038; x_wconf 87' lang='lat' dir='ltr'>servarem,</span> <span class='ocrx_word' id='word_1_93' title='bbox 452 983 557 1027; x_wconf 88' lang='lat' dir='ltr'>dum</span> <span class='ocrx_word' id='word_1_94' title='bbox 591 983 817 1026; x_wconf 86' lang='lat' dir='ltr'>Mauricus</span> <span class='ocrx_word' id='word_1_95' title='bbox 852 983 985 1026; x_wconf 85' lang='lat' dir='ltr'>venit.</span> <span class='ocrx_word' id='word_1_96' title='bbox 1023 984 1116 1026; x_wconf 87' lang='lat' dir='ltr'>Nec</span> <span class='ocrx_word' id='word_1_97' title='bbox 1150 999 1219 1025; x_wconf 90' lang='lat' dir='ltr'>me</span> <span class='ocrx_word' id='word_1_98' title='bbox 1251 982 1467 1042; x_wconf 73' lang='lat' dir='ltr'>praeterit,</span> <span class='ocrx_word' id='word_1_99' title='bbox 1504 998 1594 1026; x_wconf 90' lang='lat' dir='ltr'>esse</span> 
     </span>
     <span class='ocr_line' id='line_1_16' title="bbox 187 1053 1595 1117; baseline -0.001 -18"><span class='ocrx_word' id='word_1_100' title='bbox 187 1057 407 1117; x_wconf 87' lang='lat' dir='ltr'>Regulum</span> <span class='ocrx_word' id='word_1_101' title='bbox 443 1053 770 1116; x_wconf 74' lang='grc' dir='ltr'>δυσκαθαίρετον.</span> <span class='ocrx_word' id='word_1_102' title='bbox 816 1056 894 1098; x_wconf 88' lang='lat' dir='ltr'>Est</span> <span class='ocrx_word' id='word_1_103' title='bbox 934 1056 1050 1098; x_wconf 89' lang='lat' dir='ltr'>enim</span> <span class='ocrx_word' id='word_1_104' title='bbox 1097 1055 1316 1116; x_wconf 81' lang='lat' dir='ltr'>locuples,</span> <span class='ocrx_word' id='word_1_105' title='bbox 1360 1054 1595 1109; x_wconf 86' lang='lat' dir='ltr'>factiosus;</span> 
     </span>
     <span class='ocr_line' id='line_1_17' title="bbox 187 1126 1595 1188; baseline -0.003 -15"><span class='ocrx_word' id='word_1_106' title='bbox 187 1140 368 1173; x_wconf 84' lang='lat' dir='ltr'>curatur</span> <span class='ocrx_word' id='word_1_107' title='bbox 403 1146 426 1172; x_wconf 89' lang='lat' dir='ltr'>a</span> <span class='ocrx_word' id='word_1_108' title='bbox 457 1127 629 1181; x_wconf 89' lang='lat' dir='ltr'>multis,</span> <span class='ocrx_word' id='word_1_109' title='bbox 665 1128 843 1171; x_wconf 90' lang='lat' dir='ltr'>timetur</span> <span class='ocrx_word' id='word_1_110' title='bbox 876 1143 901 1170; x_wconf 88' lang='lat' dir='ltr'>a</span> <span class='ocrx_word' id='word_1_111' title='bbox 936 1126 1159 1188; x_wconf 88' lang='lat' dir='ltr'>pluribus,</span> <span class='ocrx_word' id='word_1_112' title='bbox 1188 1127 1308 1187; x_wconf 86' lang='lat' dir='ltr'>quod</span> <span class='ocrx_word' id='word_1_113' title='bbox 1335 1126 1595 1187; x_wconf 86' lang='lat' dir='ltr'>plerumque</span> 
     </span>
     <span class='ocr_line' id='line_1_18' title="bbox 187 1201 1596 1254; baseline -0.002 -8"><span class='ocrx_word' id='word_1_114' title='bbox 187 1202 344 1246; x_wconf 87' lang='lat' dir='ltr'>fortius</span> <span class='ocrx_word' id='word_1_115' title='bbox 378 1219 527 1246; x_wconf 86' lang='lat' dir='ltr'>amore</span> <span class='ocrx_word' id='word_1_116' title='bbox 563 1211 638 1245; x_wconf 92' lang='lat' dir='ltr'>est.</span> <span class='ocrx_word' id='word_1_117' title='bbox 680 1204 827 1245; x_wconf 89' lang='lat' dir='ltr'>Potest</span> <span class='ocrx_word' id='word_1_118' title='bbox 858 1210 1005 1244; x_wconf 88' lang='lat' dir='ltr'>tamen</span> <span class='ocrx_word' id='word_1_119' title='bbox 1037 1201 1156 1254; x_wconf 87' lang='lat' dir='ltr'>fieri,</span> <span class='ocrx_word' id='word_1_120' title='bbox 1182 1210 1230 1244; x_wconf 87' lang='lat' dir='ltr'>ut</span> <span class='ocrx_word' id='word_1_121' title='bbox 1260 1201 1352 1244; x_wconf 85' lang='lat' dir='ltr'>haec</span> <span class='ocrx_word' id='word_1_122' title='bbox 1385 1216 1596 1244; x_wconf 87' lang='lat' dir='ltr'>concussa</span> 
     </span>
     <span class='ocr_line' id='line_1_19' title="bbox 187 1273 1592 1336; baseline -0.001 -17"><span class='ocrx_word' id='word_1_123' title='bbox 187 1275 393 1319; x_wconf 79' lang='lat' dir='ltr'>labantur</span> <span class='ocrx_word' id='word_1_124' title='bbox 412 1292 421 1320; x_wconf 92' lang='lat'>:</span> <span class='ocrx_word' id='word_1_125' title='bbox 445 1292 547 1319; x_wconf 86' lang='lat' dir='ltr'>nam</span> <span class='ocrx_word' id='word_1_126' title='bbox 569 1275 707 1336; x_wconf 84' lang='lat' dir='ltr'>gratia</span> <span class='ocrx_word' id='word_1_127' title='bbox 729 1273 944 1317; x_wconf 88' lang='lat' dir='ltr'>malorum</span> <span class='ocrx_word' id='word_1_128' title='bbox 966 1283 1053 1317; x_wconf 90' lang='lat' dir='ltr'>tam</span> <span class='ocrx_word' id='word_1_129' title='bbox 1081 1273 1217 1317; x_wconf 85' lang='lat' dir='ltr'>infida</span> <span class='ocrx_word' id='word_1_130' title='bbox 1236 1284 1299 1318; x_wconf 91' lang='lat' dir='ltr'>est</span> <span class='ocrx_word' id='word_1_131' title='bbox 1313 1309 1324 1328; x_wconf 93' lang='lat'>,</span> <span class='ocrx_word' id='word_1_132' title='bbox 1342 1290 1474 1335; x_wconf 88' lang='lat' dir='ltr'>quam</span> <span class='ocrx_word' id='word_1_133' title='bbox 1495 1273 1592 1333; x_wconf 91' lang='lat' dir='ltr'>ipsi.</span> 
     </span>
     <span class='ocr_line' id='line_1_20' title="bbox 186 1346 1595 1408; baseline -0.004 -15"><span class='ocrx_word' id='word_1_134' title='bbox 186 1351 353 1393; x_wconf 87' lang='lat' dir='ltr'>Verum</span> <span class='ocrx_word' id='word_1_135' title='bbox 371 1384 382 1403; x_wconf 91' lang='lat'>,</span> <span class='ocrx_word' id='word_1_136' title='bbox 410 1358 458 1391; x_wconf 92' lang='lat' dir='ltr'>ut</span> <span class='ocrx_word' id='word_1_137' title='bbox 489 1347 603 1391; x_wconf 86' lang='lat' dir='ltr'>idem</span> <span class='ocrx_word' id='word_1_138' title='bbox 633 1348 788 1408; x_wconf 82' lang='lat' dir='ltr'>saepius</span> <span class='ocrx_word' id='word_1_139' title='bbox 816 1346 981 1401; x_wconf 88' lang='lat' dir='ltr'>dicam,</span> <span class='ocrx_word' id='word_1_140' title='bbox 1008 1357 1211 1407; x_wconf 87' lang='lat' dir='ltr'>exspecto</span> <span class='ocrx_word' id='word_1_141' title='bbox 1237 1348 1496 1390; x_wconf 86' lang='lat' dir='ltr'>Mauricum.</span> <span class='ocrx_word' id='word_1_142' title='bbox 1514 1346 1595 1389; x_wconf 91' lang='lat' dir='ltr'>Vir</span> 
     </span>
     <span class='ocr_line' id='line_1_21' title="bbox 188 1419 1595 1483; baseline -0.002 -18"><span class='ocrx_word' id='word_1_143' title='bbox 188 1432 251 1466; x_wconf 85' lang='lat' dir='ltr'>est</span> <span class='ocrx_word' id='word_1_144' title='bbox 278 1424 441 1483; x_wconf 83' lang='lat' dir='ltr'>gravis,</span> <span class='ocrx_word' id='word_1_145' title='bbox 465 1420 683 1481; x_wconf 86' lang='lat' dir='ltr'>prudens,</span> <span class='ocrx_word' id='word_1_146' title='bbox 702 1420 850 1464; x_wconf 88' lang='lat' dir='ltr'>multis</span> <span class='ocrx_word' id='word_1_147' title='bbox 876 1421 1185 1480; x_wconf 80' lang='lat' dir='ltr'>experimentis</span> <span class='ocrx_word' id='word_1_148' title='bbox 1208 1419 1404 1464; x_wconf 88' lang='lat' dir='ltr'>eruditus</span> <span class='ocrx_word' id='word_1_149' title='bbox 1420 1455 1431 1473; x_wconf 88' lang='lat'>,</span> <span class='ocrx_word' id='word_1_150' title='bbox 1454 1428 1494 1462; x_wconf 90' lang='lat' dir='ltr'>et</span> <span class='ocrx_word' id='word_1_151' title='bbox 1519 1420 1595 1478; x_wconf 85' lang='lat' dir='ltr'>qui</span> 
     </span>
     <span class='ocr_line' id='line_1_22' title="bbox 190 1493 1595 1555; baseline -0.001 -18"><span class='ocrx_word' id='word_1_152' title='bbox 190 1494 338 1539; x_wconf 90' lang='lat' dir='ltr'>futura</span> <span class='ocrx_word' id='word_1_153' title='bbox 369 1496 506 1555; x_wconf 90' lang='lat' dir='ltr'>possit</span> <span class='ocrx_word' id='word_1_154' title='bbox 544 1511 596 1538; x_wconf 80' lang='lat' dir='ltr'>ex</span> <span class='ocrx_word' id='word_1_155' title='bbox 632 1494 862 1555; x_wconf 82' lang='lat' dir='ltr'>praeteritis</span> <span class='ocrx_word' id='word_1_156' title='bbox 897 1493 1139 1555; x_wconf 85' lang='lat' dir='ltr'>providere.</span> <span class='ocrx_word' id='word_1_157' title='bbox 1174 1495 1287 1538; x_wconf 89' lang='lat' dir='ltr'>Mihi</span> <span class='ocrx_word' id='word_1_158' title='bbox 1321 1504 1363 1537; x_wconf 91' lang='lat' dir='ltr'>et</span> <span class='ocrx_word' id='word_1_159' title='bbox 1396 1493 1595 1537; x_wconf 90' lang='lat' dir='ltr'>tentandi</span> 
     </span>
     <span class='ocr_line' id='line_1_23' title="bbox 190 1565 1596 1628; baseline -0.003 -17"><span class='ocrx_word' id='word_1_160' title='bbox 190 1568 355 1628; x_wconf 86' lang='lat' dir='ltr'>aliquid</span> <span class='ocrx_word' id='word_1_161' title='bbox 375 1578 418 1611; x_wconf 90' lang='lat' dir='ltr'>et</span> <span class='ocrx_word' id='word_1_162' title='bbox 437 1567 689 1628; x_wconf 87' lang='lat' dir='ltr'>quiescendi</span> <span class='ocrx_word' id='word_1_163' title='bbox 716 1566 789 1610; x_wconf 91' lang='lat' dir='ltr'>illo</span> <span class='ocrx_word' id='word_1_164' title='bbox 810 1577 988 1611; x_wconf 84' lang='lat' dir='ltr'>auctore</span> <span class='ocrx_word' id='word_1_165' title='bbox 1011 1568 1123 1611; x_wconf 87' lang='lat' dir='ltr'>ratio</span> <span class='ocrx_word' id='word_1_166' title='bbox 1140 1567 1371 1610; x_wconf 85' lang='lat' dir='ltr'>constabit.</span> <span class='ocrx_word' id='word_1_167' title='bbox 1394 1568 1497 1609; x_wconf 80' lang='lat' dir='ltr'>Haec</span> <span class='ocrx_word' id='word_1_168' title='bbox 1516 1565 1596 1608; x_wconf 91' lang='lat' dir='ltr'>tibi</span> 
     </span>
    </p>
   </div>
   <div class='ocr_carea' id='block_1_8' title="bbox 188 1678 860 2720">
    <p class='ocr_par' dir='ltr' id='par_1_8' title="bbox 188 1678 857 1830">
     <span class='ocr_line' id='line_1_24' title="bbox 189 1678 856 1722; baseline -0.001 -11"><span class='ocrx_word' id='word_1_169' title='bbox 189 1692 269 1712; x_wconf 87' lang='lat' dir='ltr'>men</span> <span class='ocrx_word' id='word_1_170' title='bbox 282 1679 430 1712; x_wconf 89' lang='lat' dir='ltr'>ducebat</span> <span class='ocrx_word' id='word_1_171' title='bbox 438 1679 577 1712; x_wconf 86' lang='lat' dir='ltr'>Cassius</span> <span class='ocrx_word' id='word_1_172' title='bbox 586 1678 744 1717; x_wconf 84' lang='lat' dir='ltr'>Severus,</span> <span class='ocrx_word' id='word_1_173' title='bbox 752 1690 856 1722; x_wconf 87' lang='lat' dir='ltr'>quem</span> 
     </span>
     <span class='ocr_line' id='line_1_25' title="bbox 188 1731 857 1776; baseline -0.003 -12"><span class='ocrx_word' id='word_1_174' title='bbox 188 1732 336 1776; x_wconf 86' lang='lat' dir='ltr'>primum</span> <span class='ocrx_word' id='word_1_175' title='bbox 355 1731 539 1776; x_wconf 81' lang='lat' dir='ltr'>antiquarii</span> <span class='ocrx_word' id='word_1_176' title='bbox 555 1731 857 1776; x_wconf 83' lang='lat' dir='ltr'>conquerebantur</span> 
     </span>
     <span class='ocr_line' id='line_1_26' title="bbox 188 1783 716 1830; baseline -0.002 -14"><span class='ocrx_word' id='word_1_177' title='bbox 188 1784 420 1830; x_wconf 83' lang='lat' dir='ltr'>eloquentiam</span> <span class='ocrx_word' id='word_1_178' title='bbox 431 1783 635 1828; x_wconf 86' lang='lat' dir='ltr'>corrupisse.</span> <span class='ocrx_word' id='word_1_179' title='bbox 651 1783 716 1816; x_wconf 80' lang='lat' dir='ltr'>En.</span> 
     </span>
    </p>

    <p class='ocr_par' dir='ltr' id='par_1_9' title="bbox 188 1836 860 2393">
     <span class='ocr_line' id='line_1_27' title="bbox 239 1836 856 1880; baseline -0.005 -11"><span class='ocrx_word' id='word_1_180' title='bbox 239 1849 252 1869; x_wconf 90' lang='lat'>1</span> <span class='ocrx_word' id='word_1_181' title='bbox 261 1838 293 1869; x_wconf 78' lang='lat'>3.</span> <span class='ocrx_word' id='word_1_182' title='bbox 305 1839 487 1880; x_wconf 72' lang='lat' dir='ltr'>Expalluit.</span> <span class='ocrx_word' id='word_1_183' title='bbox 502 1863 509 1869; x_wconf 92' lang='lat'>.</span> <span class='ocrx_word' id='word_1_184' title='bbox 521 1861 527 1867; x_wconf 92' lang='lat'>.</span> <span class='ocrx_word' id='word_1_185' title='bbox 537 1837 746 1879; x_wconf 70' lang='lat' dir='ltr'>Interrogavi.</span> <span class='ocrx_word' id='word_1_186' title='bbox 758 1836 856 1867; x_wconf 82' lang='lat' dir='ltr'>Rom.</span> 
     </span>
     <span class='ocr_line' id='line_1_28' title="bbox 190 1890 860 1932; baseline -0.004 -11"><span class='ocrx_word' id='word_1_187' title='bbox 190 1892 359 1932; x_wconf 61' lang='lat' dir='ltr'>Eaepallait</span> <span class='ocrx_word' id='word_1_188' title='bbox 370 1891 571 1926; x_wconf 76' lang='lat' dir='ltr'>notabiliter,</span> <span class='ocrx_word' id='word_1_189' title='bbox 588 1890 727 1931; x_wconf 72' lang='lat' dir='ltr'>quamvis</span> <span class='ocrx_word' id='word_1_190' title='bbox 736 1890 860 1930; x_wconf 76' lang='lat' dir='ltr'>palleat</span> 
     </span>
     <span class='ocr_line' id='line_1_29' title="bbox 190 1942 856 1985; baseline -0.003 -12"><span class='ocrx_word' id='word_1_191' title='bbox 190 1956 321 1985; x_wconf 77' lang='lat' dir='ltr'>semper,</span> <span class='ocrx_word' id='word_1_192' title='bbox 338 1952 368 1974; x_wconf 80' lang='lat' dir='ltr'>ee</span> <span class='ocrx_word' id='word_1_193' title='bbox 377 1943 614 1974; x_wconf 77' lang='lat' dir='ltr'>lzaesitabundus</span> <span class='ocrx_word' id='word_1_194' title='bbox 626 1954 636 1971; x_wconf 86' lang='lat'>.·</span> <span class='ocrx_word' id='word_1_195' title='bbox 647 1942 856 1982; x_wconf 73' lang='lat' dir='ltr'>Interrogavi.</span> 
     </span>
     <span class='ocr_line' id='line_1_30' title="bbox 189 1994 858 2039; baseline -0.006 -13"><span class='ocrx_word' id='word_1_196' title='bbox 189 1994 305 2039; x_wconf 72' lang='lat' dir='ltr'>Vulgo</span> <span class='ocrx_word' id='word_1_197' title='bbox 326 1995 473 2026; x_wconf 84' lang='lat' dir='ltr'>barbare</span> <span class='ocrx_word' id='word_1_198' title='bbox 495 2003 526 2025; x_wconf 82' lang='lat' dir='ltr'>et</span> <span class='ocrx_word' id='word_1_199' title='bbox 547 1994 784 2024; x_wconf 73' lang='lat' dir='ltr'>hoesitabundus</span> <span class='ocrx_word' id='word_1_200' title='bbox 811 1994 858 2023; x_wconf 86' lang='grc' dir='ltr'>ἰη-</span> 
     </span>
     <span class='ocr_line' id='line_1_31' title="bbox 190 2044 859 2091; baseline -0.003 -14"><span class='ocrx_word' id='word_1_201' title='bbox 190 2048 272 2088; x_wconf 79' lang='lat' dir='ltr'>quit,</span> <span class='ocrx_word' id='word_1_202' title='bbox 286 2046 384 2091; x_wconf 83' lang='lat' dir='ltr'>quasi</span> <span class='ocrx_word' id='word_1_203' title='bbox 399 2046 543 2078; x_wconf 82' lang='lat' dir='ltr'>verbum</span> <span class='ocrx_word' id='word_1_204' title='bbox 557 2045 623 2077; x_wconf 93' lang='lat' dir='ltr'>hoc</span> <span class='ocrx_word' id='word_1_205' title='bbox 636 2044 696 2076; x_wconf 89' lang='lat' dir='ltr'>toti</span> <span class='ocrx_word' id='word_1_206' title='bbox 712 2044 859 2076; x_wconf 85' lang='lat' dir='ltr'>orationi</span> 
     </span>
     <span class='ocr_line' id='line_1_32' title="bbox 191 2095 858 2143; baseline -0.004 -13"><span class='ocrx_word' id='word_1_207' title='bbox 191 2110 210 2130; x_wconf 87' lang='lat' dir='ltr'>a</span> <span class='ocrx_word' id='word_1_208' title='bbox 230 2098 339 2131; x_wconf 84' lang='lat' dir='ltr'>Plinio</span> <span class='ocrx_word' id='word_1_209' title='bbox 357 2098 511 2143; x_wconf 84' lang='lat' dir='ltr'>praeponi</span> <span class='ocrx_word' id='word_1_210' title='bbox 529 2097 647 2129; x_wconf 86' lang='lat' dir='ltr'>soleat.</span> <span class='ocrx_word' id='word_1_211' title='bbox 665 2095 732 2129; x_wconf 90' lang='lat' dir='ltr'>Sed</span> <span class='ocrx_word' id='word_1_212' title='bbox 749 2104 781 2128; x_wconf 89' lang='lat' dir='ltr'>et</span> <span class='ocrx_word' id='word_1_213' title='bbox 796 2097 858 2128; x_wconf 83' lang='lat' dir='ltr'>Ar-</span> 
     </span>
     <span class='ocr_line' id='line_1_33' title="bbox 189 2147 858 2194; baseline -0.001 -12"><span class='ocrx_word' id='word_1_214' title='bbox 189 2159 324 2194; x_wconf 83' lang='lat' dir='ltr'>gentor.</span> <span class='ocrx_word' id='word_1_215' title='bbox 352 2149 515 2183; x_wconf 86' lang='lat' dir='ltr'>Cratand.</span> <span class='ocrx_word' id='word_1_216' title='bbox 544 2156 576 2180; x_wconf 92' lang='lat' dir='ltr'>et</span> <span class='ocrx_word' id='word_1_217' title='bbox 598 2148 655 2180; x_wconf 87' lang='lat' dir='ltr'>alii</span> <span class='ocrx_word' id='word_1_218' title='bbox 678 2147 715 2180; x_wconf 89' lang='lat' dir='ltr'>id</span> <span class='ocrx_word' id='word_1_219' title='bbox 738 2148 858 2181; x_wconf 87' lang='lat' dir='ltr'>omise-</span> 
     </span>
     <span class='ocr_line' id='line_1_34' title="bbox 188 2200 857 2235; baseline -0.001 -1"><span class='ocrx_word' id='word_1_220' title='bbox 188 2210 283 2234; x_wconf 80' lang='lat' dir='ltr'>runt.</span> <span class='ocrx_word' id='word_1_221' title='bbox 300 2202 344 2235; x_wconf 86' lang='lat' dir='ltr'>H.</span> <span class='ocrx_word' id='word_1_222' title='bbox 365 2223 409 2226; x_wconf 89' lang='lat'>-—</span> <span class='ocrx_word' id='word_1_223' title='bbox 424 2201 584 2234; x_wconf 87' lang='lat' dir='ltr'>Eundem</span> <span class='ocrx_word' id='word_1_224' title='bbox 602 2200 857 2234; x_wconf 81' lang='lat' dir='ltr'>barbarismum</span> 
     </span>
     <span class='ocr_line' id='line_1_35' title="bbox 190 2253 858 2296; baseline 0 -10"><span class='ocrx_word' id='word_1_225' title='bbox 190 2266 228 2286; x_wconf 79' lang='lat' dir='ltr'>ex</span> <span class='ocrx_word' id='word_1_226' title='bbox 236 2254 356 2286; x_wconf 88' lang='lat' dir='ltr'>Curtio</span> <span class='ocrx_word' id='word_1_227' title='bbox 365 2254 488 2287; x_wconf 73' lang='lat' dir='ltr'>exemit</span> <span class='ocrx_word' id='word_1_228' title='bbox 498 2254 549 2285; x_wconf 84' lang='lat' dir='ltr'>vir</span> <span class='ocrx_word' id='word_1_229' title='bbox 559 2253 727 2296; x_wconf 81' lang='lat' dir='ltr'>egregius,</span> <span class='ocrx_word' id='word_1_230' title='bbox 736 2254 858 2286; x_wconf 85' lang='lat' dir='ltr'>Emen-</span> 
     </span>
     <span class='ocr_line' id='line_1_36' title="bbox 189 2304 855 2350; baseline 0.002 -13"><span class='ocrx_word' id='word_1_231' title='bbox 189 2304 260 2338; x_wconf 87' lang='lat' dir='ltr'>dat.</span> <span class='ocrx_word' id='word_1_232' title='bbox 270 2318 304 2350; x_wconf 88' lang='lat' dir='ltr'>p.</span> <span class='ocrx_word' id='word_1_233' title='bbox 317 2306 454 2339; x_wconf 82' lang='lat' dir='ltr'>226.Cf.</span> <span class='ocrx_word' id='word_1_234' title='bbox 464 2305 602 2338; x_wconf 89' lang='lat' dir='ltr'>Nolten.</span> <span class='ocrx_word' id='word_1_235' title='bbox 615 2305 729 2337; x_wconf 77' lang='lat' dir='ltr'>Lexic.</span> <span class='ocrx_word' id='word_1_236' title='bbox 739 2306 855 2338; x_wconf 85' lang='lat' dir='ltr'>Antib.</span> 
     </span>
     <span class='ocr_line' id='line_1_37' title="bbox 190 2359 424 2393; baseline 0.004 -2"><span class='ocrx_word' id='word_1_237' title='bbox 190 2359 255 2391; x_wconf 89' lang='lat' dir='ltr'>col.</span> <span class='ocrx_word' id='word_1_238' title='bbox 277 2371 288 2391; x_wconf 91' lang='lat'>1</span> <span class='ocrx_word' id='word_1_239' title='bbox 298 2361 375 2393; x_wconf 84' lang='lat'>526.</span> <span class='ocrx_word' id='word_1_240' title='bbox 390 2359 424 2392; x_wconf 88' lang='lat' dir='ltr'>S.</span> 
     </span>
    </p>

    <p class='ocr_par' dir='ltr' id='par_1_10' title="bbox 189 2408 858 2667">
     <span class='ocr_line' id='line_1_38' title="bbox 240 2408 855 2456; baseline 0.002 -13"><span class='ocrx_word' id='word_1_241' title='bbox 240 2412 292 2445; x_wconf 87' lang='lat'>15.</span> <span class='ocrx_word' id='word_1_242' title='bbox 319 2415 395 2442; x_wconf 75' lang='lat' dir='ltr'>Esse</span> <span class='ocrx_word' id='word_1_243' title='bbox 420 2413 571 2453; x_wconf 73' lang='lat' dir='ltr'>Regulum</span> <span class='ocrx_word' id='word_1_244' title='bbox 594 2408 855 2456; x_wconf 57' lang='grc' dir='ltr'>δυσκαθαίρετον.</span> 
     </span>
     <span class='ocr_line' id='line_1_39' title="bbox 189 2464 856 2508; baseline 0.004 -14"><span class='ocrx_word' id='word_1_245' title='bbox 189 2464 287 2495; x_wconf 81' lang='lat' dir='ltr'>Rom.</span> <span class='ocrx_word' id='word_1_246' title='bbox 311 2476 374 2495; x_wconf 75' lang='lat' dir='ltr'>esse</span> <span class='ocrx_word' id='word_1_247' title='bbox 394 2466 545 2507; x_wconf 75' lang='lat' dir='ltr'>Regulum</span> <span class='ocrx_word' id='word_1_248' title='bbox 569 2464 752 2508; x_wconf 57' lang='grc' dir='ltr'>καθαίρεται</span> <span class='ocrx_word' id='word_1_249' title='bbox 774 2465 856 2497; x_wconf 74' lang='grc' dir='ltr'>ἀκα-</span> 
     </span>
     <span class='ocr_line' id='line_1_40' title="bbox 191 2514 858 2560; baseline -0.003 -10"><span class='ocrx_word' id='word_1_250' title='bbox 191 2517 374 2555; x_wconf 70' lang='grc' dir='ltr'>τάστατον,</span> <span class='ocrx_word' id='word_1_251' title='bbox 404 2514 497 2560; x_wconf 88' lang='lat' dir='ltr'>quod</span> <span class='ocrx_word' id='word_1_252' title='bbox 517 2517 858 2560; x_wconf 82' lang='lat' dir='ltr'>interpretamentum</span> 
     </span>
     <span class='ocr_line' id='line_1_41' title="bbox 189 2567 858 2602; baseline 0.001 -1"><span class='ocrx_word' id='word_1_253' title='bbox 189 2576 251 2601; x_wconf 89' lang='lat' dir='ltr'>est.</span> <span class='ocrx_word' id='word_1_254' title='bbox 273 2568 317 2600; x_wconf 89' lang='lat' dir='ltr'>H.</span> <span class='ocrx_word' id='word_1_255' title='bbox 338 2589 381 2592; x_wconf 31' lang='lat' dir='ltr'><em>z</em></span> <span class='ocrx_word' id='word_1_256' title='bbox 404 2567 552 2601; x_wconf 61' lang='lat' dir='ltr'>Videtur</span> <span class='ocrx_word' id='word_1_257' title='bbox 572 2567 737 2600; x_wconf 85' lang='lat' dir='ltr'>voluissse</span> <span class='ocrx_word' id='word_1_258' title='bbox 757 2567 858 2602; x_wconf 83' lang='lat' dir='ltr'>libra-</span> 
     </span>
     <span class='ocr_line' id='line_1_42' title="bbox 189 2620 796 2667; baseline 0 -15"><span class='ocrx_word' id='word_1_259' title='bbox 189 2620 260 2653; x_wconf 82' lang='lat' dir='ltr'>rius</span> <span class='ocrx_word' id='word_1_260' title='bbox 277 2623 483 2667; x_wconf 63' lang='grc' dir='ltr'>ἀκαθαίρετον</span> <span class='ocrx_word' id='word_1_261' title='bbox 503 2622 745 2667; x_wconf 71' lang='grc' dir='ltr'>ἀμετάστατον.</span> <span class='ocrx_word' id='word_1_262' title='bbox 762 2620 796 2653; x_wconf 85' lang='lat' dir='ltr'>S.</span> 
     </span>
    </p>

    <p class='ocr_par' dir='ltr' id='par_1_11' title="bbox 223 2672 854 2720">
     <span class='ocr_line' id='line_1_43' title="bbox 223 2672 854 2720; baseline -0.005 -13"><span class='ocrx_word' id='word_1_263' title='bbox 223 2691 268 2695; x_wconf 89' lang='lat'><strong>—</strong></span> <span class='ocrx_word' id='word_1_264' title='bbox 280 2672 539 2720; x_wconf 68' lang='grc' dir='ltr'>δυσκαθαίρετον,</span> <span class='ocrx_word' id='word_1_265' title='bbox 548 2674 689 2719; x_wconf 87' lang='lat' dir='ltr'>quinon</span> <span class='ocrx_word' id='word_1_266' title='bbox 704 2672 854 2705; x_wconf 63' lang='lat' dir='ltr'>fucilede</span> 
     </span>
    </p>
   </div>
   <div class='ocr_carea' id='block_1_9' title="bbox 922 1676 1595 2619">
    <p class='ocr_par' dir='ltr' id='par_1_12' title="bbox 922 1676 1595 2030">
     <span class='ocr_line' id='line_1_44' title="bbox 922 1676 1594 1723; baseline -0.003 -13"><span class='ocrx_word' id='word_1_267' title='bbox 922 1678 1080 1719; x_wconf 82' lang='lat' dir='ltr'>fortuna,</span> <span class='ocrx_word' id='word_1_268' title='bbox 1102 1685 1134 1710; x_wconf 91' lang='lat' dir='ltr'>et</span> <span class='ocrx_word' id='word_1_269' title='bbox 1152 1677 1319 1723; x_wconf 86' lang='lat' dir='ltr'>dignitate</span> <span class='ocrx_word' id='word_1_270' title='bbox 1337 1689 1397 1710; x_wconf 87' lang='lat' dir='ltr'>sua</span> <span class='ocrx_word' id='word_1_271' title='bbox 1417 1676 1522 1722; x_wconf 83' lang='lat' dir='ltr'>dejici</span> <span class='ocrx_word' id='word_1_272' title='bbox 1536 1688 1594 1721; x_wconf 89' lang='lat' dir='ltr'>po-</span> 
     </span>
     <span class='ocr_line' id='line_1_45' title="bbox 923 1729 1593 1777; baseline 0 -14"><span class='ocrx_word' id='word_1_273' title='bbox 923 1739 999 1765; x_wconf 86' lang='lat' dir='ltr'>test.</span> <span class='ocrx_word' id='word_1_274' title='bbox 1014 1731 1152 1777; x_wconf 89' lang='lat' dir='ltr'>Proprie</span> <span class='ocrx_word' id='word_1_275' title='bbox 1166 1743 1229 1763; x_wconf 83' lang='lat' dir='ltr'>vox</span> <span class='ocrx_word' id='word_1_276' title='bbox 1243 1738 1407 1775; x_wconf 83' lang='lat' dir='ltr'>usurpata</span> <span class='ocrx_word' id='word_1_277' title='bbox 1417 1729 1460 1762; x_wconf 90' lang='lat' dir='ltr'>de</span> <span class='ocrx_word' id='word_1_278' title='bbox 1474 1729 1593 1768; x_wconf 88' lang='lat' dir='ltr'>domo,</span> 
     </span>
     <span class='ocr_line' id='line_1_46' title="bbox 923 1782 1595 1830; baseline -0.004 -13"><span class='ocrx_word' id='word_1_279' title='bbox 923 1797 999 1830; x_wconf 87' lang='lat' dir='ltr'>quae</span> <span class='ocrx_word' id='word_1_280' title='bbox 1023 1798 1094 1818; x_wconf 91' lang='lat' dir='ltr'>non</span> <span class='ocrx_word' id='word_1_281' title='bbox 1119 1784 1219 1817; x_wconf 86' lang='lat' dir='ltr'>facile</span> <span class='ocrx_word' id='word_1_282' title='bbox 1245 1783 1388 1817; x_wconf 88' lang='lat' dir='ltr'>concuti</span> <span class='ocrx_word' id='word_1_283' title='bbox 1413 1783 1467 1817; x_wconf 85' lang='lat' dir='ltr'>vel</span> <span class='ocrx_word' id='word_1_284' title='bbox 1490 1782 1595 1815; x_wconf 87' lang='lat' dir='ltr'>everti</span> 
     </span>
     <span class='ocr_line' id='line_1_47' title="bbox 927 1837 1592 1882; baseline -0.005 -13"><span class='ocrx_word' id='word_1_285' title='bbox 927 1846 1049 1882; x_wconf 82' lang='lat' dir='ltr'>potest.</span> <span class='ocrx_word' id='word_1_286' title='bbox 1071 1838 1158 1870; x_wconf 88' lang='lat' dir='ltr'>Hinc</span> <span class='ocrx_word' id='word_1_287' title='bbox 1180 1837 1238 1870; x_wconf 89' lang='lat' dir='ltr'>illa</span> <span class='ocrx_word' id='word_1_288' title='bbox 1254 1863 1262 1877; x_wconf 87' lang='lat'>‚</span> <span class='ocrx_word' id='word_1_289' title='bbox 1282 1849 1357 1882; x_wconf 87' lang='lat' dir='ltr'>quae</span> <span class='ocrx_word' id='word_1_290' title='bbox 1378 1844 1592 1881; x_wconf 85' lang='lat' dir='ltr'>sequuntur,</span> 
     </span>
     <span class='ocr_line' id='line_1_48' title="bbox 924 1887 1594 1937; baseline -0.006 -14"><span class='ocrx_word' id='word_1_291' title='bbox 924 1891 1049 1937; x_wconf 90' lang='lat' dir='ltr'>quibus</span> <span class='ocrx_word' id='word_1_292' title='bbox 1069 1890 1307 1935; x_wconf 85' lang='lat' dir='ltr'>metaphoram</span> <span class='ocrx_word' id='word_1_293' title='bbox 1327 1889 1503 1922; x_wconf 87' lang='lat' dir='ltr'>continuat</span> <span class='ocrx_word' id='word_1_294' title='bbox 1529 1887 1594 1920; x_wconf 92' lang='lat' dir='ltr'>Pli-</span> 
     </span>
     <span class='ocr_line' id='line_1_49' title="bbox 924 1940 1592 1989; baseline -0.007 -12"><span class='ocrx_word' id='word_1_295' title='bbox 924 1945 1002 1977; x_wconf 88' lang='lat' dir='ltr'>nius</span> <span class='ocrx_word' id='word_1_296' title='bbox 1022 1956 1028 1977; x_wconf 88' lang='lat'>:</span> <span class='ocrx_word' id='word_1_297' title='bbox 1053 1961 1066 1973; x_wconf 84' lang='lat'>«</span> <span class='ocrx_word' id='word_1_298' title='bbox 1084 1951 1195 1989; x_wconf 89' lang='lat' dir='ltr'>potest</span> <span class='ocrx_word' id='word_1_299' title='bbox 1212 1952 1326 1976; x_wconf 87' lang='lat' dir='ltr'>tamen</span> <span class='ocrx_word' id='word_1_300' title='bbox 1345 1941 1419 1975; x_wconf 88' lang='lat' dir='ltr'>fieri</span> <span class='ocrx_word' id='word_1_301' title='bbox 1437 1966 1445 1980; x_wconf 90' lang='lat'><strong><em>‚</em></strong></span> <span class='ocrx_word' id='word_1_302' title='bbox 1463 1949 1501 1974; x_wconf 88' lang='lat' dir='ltr'>ut</span> <span class='ocrx_word' id='word_1_303' title='bbox 1519 1940 1592 1973; x_wconf 84' lang='lat' dir='ltr'>haec</span> 
     </span>
     <span class='ocr_line' id='line_1_50' title="bbox 924 1995 1371 2030; baseline -0.011 1"><span class='ocrx_word' id='word_1_304' title='bbox 924 2010 1091 2030; x_wconf 86' lang='lat' dir='ltr'>concussa</span> <span class='ocrx_word' id='word_1_305' title='bbox 1108 1997 1280 2030; x_wconf 84' lang='lat' dir='ltr'>labantur.</span> <span class='ocrx_word' id='word_1_306' title='bbox 1302 2012 1315 2024; x_wconf 64' lang='lat' dir='ltr'>a</span> <span class='ocrx_word' id='word_1_307' title='bbox 1333 1995 1371 2026; x_wconf 93' lang='lat' dir='ltr'>F.</span> 
     </span>
    </p>

    <p class='ocr_par' dir='ltr' id='par_1_13' title="bbox 922 2046 1593 2345">
     <span class='ocr_line' id='line_1_51' title="bbox 975 2046 1591 2093; baseline -0.013 -10"><span class='ocrx_word' id='word_1_308' title='bbox 975 2053 1028 2083; x_wconf 81' lang='lat'>16.</span> <span class='ocrx_word' id='word_1_309' title='bbox 1049 2054 1103 2082; x_wconf 70' lang='lat' dir='ltr'>Ex</span> <span class='ocrx_word' id='word_1_310' title='bbox 1116 2050 1285 2093; x_wconf 81' lang='lat' dir='ltr'>praeteritis</span> <span class='ocrx_word' id='word_1_311' title='bbox 1298 2047 1477 2089; x_wconf 70' lang='lat' dir='ltr'>providere.</span> <span class='ocrx_word' id='word_1_312' title='bbox 1491 2046 1591 2077; x_wconf 83' lang='lat' dir='ltr'>Rom.</span> 
     </span>
     <span class='ocr_line' id='line_1_52' title="bbox 924 2096 1593 2145; baseline -0.007 -11"><span class='ocrx_word' id='word_1_313' title='bbox 924 2116 966 2134; x_wconf 66' lang='lat' dir='ltr'>ea:</span> <span class='ocrx_word' id='word_1_314' title='bbox 990 2104 1160 2145; x_wconf 60' lang='lat' dir='ltr'>lar-[eteritis</span> <span class='ocrx_word' id='word_1_315' title='bbox 1180 2102 1365 2143; x_wconf 71' lang='lat' dir='ltr'>prcrvidere.</span> <span class='ocrx_word' id='word_1_316' title='bbox 1391 2098 1435 2130; x_wconf 88' lang='lat' dir='ltr'>H.</span> <span class='ocrx_word' id='word_1_317' title='bbox 1467 2116 1513 2122; x_wconf 50' lang='grc'>»-</span> <span class='ocrx_word' id='word_1_318' title='bbox 1535 2096 1593 2130; x_wconf 83' lang='lat' dir='ltr'>Sat</span> 
     </span>
     <span class='ocr_line' id='line_1_53' title="bbox 923 2151 1588 2199; baseline -0.009 -12"><span class='ocrx_word' id='word_1_319' title='bbox 923 2156 1085 2199; x_wconf 83' lang='lat' dir='ltr'>frequens</span> <span class='ocrx_word' id='word_1_320' title='bbox 1109 2153 1285 2192; x_wconf 90' lang='lat' dir='ltr'>confusio;</span> <span class='ocrx_word' id='word_1_321' title='bbox 1301 2151 1378 2186; x_wconf 88' lang='lat' dir='ltr'>vide</span> <span class='ocrx_word' id='word_1_322' title='bbox 1397 2152 1588 2184; x_wconf 83' lang='lat' dir='ltr'>Burmann.</span> 
     </span>
     <span class='ocr_line' id='line_1_54' title="bbox 924 2203 1590 2250; baseline -0.009 -10"><span class='ocrx_word' id='word_1_323' title='bbox 924 2206 967 2240; x_wconf 82' lang='lat' dir='ltr'>ad</span> <span class='ocrx_word' id='word_1_324' title='bbox 975 2208 1092 2240; x_wconf 84' lang='lat' dir='ltr'>Valer.</span> <span class='ocrx_word' id='word_1_325' title='bbox 1107 2206 1221 2239; x_wconf 86' lang='lat' dir='ltr'>Flacci</span> <span class='ocrx_word' id='word_1_326' title='bbox 1231 2204 1455 2250; x_wconf 81' lang='lat' dir='ltr'>Argonautic.</span> <span class='ocrx_word' id='word_1_327' title='bbox 1469 2203 1528 2236; x_wconf 89' lang='lat' dir='ltr'>lib.</span> <span class='ocrx_word' id='word_1_328' title='bbox 1541 2203 1590 2243; x_wconf 86' lang='lat' dir='ltr'>II,</span> 
     </span>
     <span class='ocr_line' id='line_1_55' title="bbox 923 2257 1589 2304; baseline -0.006 -12"><span class='ocrx_word' id='word_1_329' title='bbox 923 2272 998 2292; x_wconf 88' lang='lat' dir='ltr'>vers</span> <span class='ocrx_word' id='word_1_330' title='bbox 1020 2265 1098 2300; x_wconf 68' lang='lat'>442.</span> <span class='ocrx_word' id='word_1_331' title='bbox 1125 2258 1352 2304; x_wconf 85' lang='lat' dir='ltr'>Oudendorp.</span> <span class='ocrx_word' id='word_1_332' title='bbox 1380 2257 1424 2290; x_wconf 85' lang='lat' dir='ltr'>ad</span> <span class='ocrx_word' id='word_1_333' title='bbox 1448 2258 1589 2291; x_wconf 88' lang='lat' dir='ltr'>Sueton.</span> 
     </span>
     <span class='ocr_line' id='line_1_56' title="bbox 922 2312 1168 2345; baseline -0.004 0"><span class='ocrx_word' id='word_1_334' title='bbox 922 2312 1044 2345; x_wconf 90' lang='lat' dir='ltr'>Octav.</span> <span class='ocrx_word' id='word_1_335' title='bbox 1064 2325 1113 2344; x_wconf 80' lang='grc' dir='ltr'>ιο.</span> <span class='ocrx_word' id='word_1_336' title='bbox 1134 2313 1168 2345; x_wconf 90' lang='lat' dir='ltr'>S.</span> 
     </span>
    </p>

    <p class='ocr_par' dir='ltr' id='par_1_14' title="bbox 923 2362 1592 2619">
     <span class='ocr_line' id='line_1_57' title="bbox 969 2362 1591 2405; baseline -0.008 -8"><span class='ocrx_word' id='word_1_337' title='bbox 969 2385 1014 2390; x_wconf 92' lang='lat'>——</span> <span class='ocrx_word' id='word_1_338' title='bbox 1027 2367 1119 2396; x_wconf 79' lang='lat' dir='ltr'>Ratio</span> <span class='ocrx_word' id='word_1_339' title='bbox 1137 2367 1305 2396; x_wconf 76' lang='lat' dir='ltr'>constabit.</span> <span class='ocrx_word' id='word_1_340' title='bbox 1320 2362 1368 2395; x_wconf 92' lang='lat' dir='ltr'>Ut</span> <span class='ocrx_word' id='word_1_341' title='bbox 1388 2364 1471 2393; x_wconf 81' lang='lat' dir='ltr'>ratio</span> <span class='ocrx_word' id='word_1_342' title='bbox 1490 2372 1591 2405; x_wconf 86' lang='lat' dir='ltr'>pecu-</span> 
     </span>
     <span class='ocr_line' id='line_1_58' title="bbox 923 2413 1589 2461; baseline -0.009 -12"><span class='ocrx_word' id='word_1_343' title='bbox 923 2417 1033 2450; x_wconf 87' lang='lat' dir='ltr'>niaria</span> <span class='ocrx_word' id='word_1_344' title='bbox 1044 2426 1178 2454; x_wconf 76' lang='lat' dir='ltr'>constet,</span> <span class='ocrx_word' id='word_1_345' title='bbox 1194 2428 1280 2461; x_wconf 84' lang='lat' dir='ltr'>opus</span> <span class='ocrx_word' id='word_1_346' title='bbox 1292 2422 1341 2448; x_wconf 80' lang='lat' dir='ltr'>est</span> <span class='ocrx_word' id='word_1_347' title='bbox 1355 2426 1418 2446; x_wconf 72' lang='lat' dir='ltr'>aera</span> <span class='ocrx_word' id='word_1_348' title='bbox 1434 2413 1569 2457; x_wconf 84' lang='lat' dir='ltr'>singula</span> <span class='ocrx_word' id='word_1_349' title='bbox 1580 2438 1589 2453; x_wconf 89' lang='lat'>,</span> 
     </span>
     <span class='ocr_line' id='line_1_59' title="bbox 923 2466 1592 2515; baseline -0.009 -13"><span class='ocrx_word' id='word_1_350' title='bbox 923 2481 998 2515; x_wconf 83' lang='lat' dir='ltr'>quae</span> <span class='ocrx_word' id='word_1_351' title='bbox 1013 2468 1226 2502; x_wconf 85' lang='lat' dir='ltr'>inducuntur</span> <span class='ocrx_word' id='word_1_352' title='bbox 1243 2493 1251 2507; x_wconf 87' lang='lat'>‚</span> <span class='ocrx_word' id='word_1_353' title='bbox 1263 2466 1464 2500; x_wconf 81' lang='lat' dir='ltr'>auctoritate</span> <span class='ocrx_word' id='word_1_354' title='bbox 1480 2490 1488 2503; x_wconf 89' lang='lat'>,</span> <span class='ocrx_word' id='word_1_355' title='bbox 1511 2477 1592 2510; x_wconf 83' lang='lat' dir='ltr'>apo-</span> 
     </span>
     <span class='ocr_line' id='line_1_60' title="bbox 924 2517 1589 2564; baseline -0.009 -9"><span class='ocrx_word' id='word_1_356' title='bbox 924 2523 1010 2562; x_wconf 87' lang='lat' dir='ltr'>cha,</span> <span class='ocrx_word' id='word_1_357' title='bbox 1036 2521 1255 2560; x_wconf 72' lang='lat' dir='ltr'>testimouiO,</span> <span class='ocrx_word' id='word_1_358' title='bbox 1281 2518 1431 2564; x_wconf 83' lang='lat' dir='ltr'>probari.</span> <span class='ocrx_word' id='word_1_359' title='bbox 1458 2517 1589 2550; x_wconf 78' lang='lat' dir='ltr'>Mauri-</span> 
     </span>
     <span class='ocr_line' id='line_1_61' title="bbox 924 2569 1589 2619; baseline -0.011 -12"><span class='ocrx_word' id='word_1_360' title='bbox 924 2587 1002 2607; x_wconf 89' lang='lat' dir='ltr'>cum</span> <span class='ocrx_word' id='word_1_361' title='bbox 1018 2575 1121 2619; x_wconf 83' lang='lat' dir='ltr'>igitur</span> <span class='ocrx_word' id='word_1_362' title='bbox 1137 2574 1164 2607; x_wconf 90' lang='lat' dir='ltr'>si</span> <span class='ocrx_word' id='word_1_363' title='bbox 1181 2580 1353 2606; x_wconf 88' lang='lat' dir='ltr'>auctorem</span> <span class='ocrx_word' id='word_1_364' title='bbox 1370 2569 1495 2602; x_wconf 84' lang='lat' dir='ltr'>habeat</span> <span class='ocrx_word' id='word_1_365' title='bbox 1510 2569 1589 2602; x_wconf 87' lang='lat' dir='ltr'>facti</span> 
     </span>
    </p>
   </div>
   <div class='ocr_carea' id='block_1_10' title="bbox 923 2621 1590 2705">
    <p class='ocr_par' dir='ltr' id='par_1_15' title="bbox 923 2621 1590 2705">
     <span class='ocr_line' id='line_1_62' title="bbox 924 2621 1590 2667; baseline -0.009 -9"><span class='ocrx_word' id='word_1_366' title='bbox 924 2626 975 2658; x_wconf 89' lang='lat' dir='ltr'>sui</span> <span class='ocrx_word' id='word_1_367' title='bbox 998 2626 1129 2659; x_wconf 88' lang='lat' dir='ltr'>Plinius</span> <span class='ocrx_word' id='word_1_368' title='bbox 1145 2651 1154 2667; x_wconf 91' lang='lat'>,</span> <span class='ocrx_word' id='word_1_369' title='bbox 1177 2637 1247 2658; x_wconf 90' lang='lat' dir='ltr'>non</span> <span class='ocrx_word' id='word_1_370' title='bbox 1265 2622 1387 2659; x_wconf 76' lang='lat' dir='ltr'>metuit</span> <span class='ocrx_word' id='word_1_371' title='bbox 1408 2621 1590 2667; x_wconf 64' lang='lat' dir='ltr'>repreheffl</span> 
     </span>
     <span class='ocr_line' id='line_1_63' title="bbox 923 2672 1105 2705; baseline 0.005 -2"><span class='ocrx_word' id='word_1_372' title='bbox 923 2685 1045 2705; x_wconf 70' lang='lat' dir='ltr'>sorem.</span> <span class='ocrx_word' id='word_1_373' title='bbox 1063 2672 1105 2704; x_wconf 84' lang='lat' dir='ltr'>G.</span> 
     </span>
    </p>
   </div>
  </div>
 </body>
</html>
