1757 2880
647 110 968 154 SCHJEFER
984 110 1013 150 l.
1454 122 1523 147 xxi

132 225 285 260 tamen
304 223 357 257 ut
372 212 526 256 verior
550 209 689 255 lectio
710 219 829 254 esset
845 244 855 264 ,
879 221 1075 253 conarer
1097 204 1251 267 legere
1274 221 1282 246 ε
1306 207 1403 265 Ego
1423 220 1530 248 con-

134 308 282 344 tracta
312 295 493 351 scribo,
525 295 572 339 id
602 304 697 349 est,
725 295 772 337 in
802 290 1141 355 compendium
1173 306 1198 334 a
1228 305 1303 333 me
1330 287 1530 332 redacta.

133 380 469 427 Proconsulem
496 379 623 424 enim
648 379 804 441 ipsum
825 393 907 422 sua
934 391 1080 419 manu
1105 390 1164 418 ex
1187 372 1531 418 Iselasticorum

133 466 293 512 charta
317 466 366 510 in
391 479 625 527 papyrum
656 461 1027 524 transcripsisse,
1058 457 1362 503 librariorum
1391 471 1535 517 opera

134 567 235 595 non
268 565 433 604 usum,
478 547 609 610 quod
650 547 827 591 Petitus
867 545 1044 601 voluit,
1072 541 1295 588 credibile
1332 557 1431 586 non
1468 539 1532 584 sit.

134 635 290 694 Quid?
323 635 360 678 si
386 632 602 678 libellum
631 631 937 687 obtulerunt,
971 630 1146 674 Plinius
1185 629 1341 690 ipsum
1373 642 1538 671 eorum

134 719 480 782 autographum
505 722 702 762 Romam
718 753 729 773 ‚
760 715 902 761 credo
919 752 930 771 ‚
956 715 1171 759 misisset.
1194 711 1285 758 Sed
1311 711 1451 756 lectio
1475 714 1540 754 ι’[α

135 815 292 849 tamen
318 813 370 848 ιιί
390 802 578 848 videtur
602 811 704 847 orta
731 818 788 846 ex
815 810 1070 863 corrupto,
1099 809 1144 844 et
1170 815 1269 843 non
1299 796 1539 841 intellecto

136 894 295 951 itaque
323 904 498 933 eorum.
531 890 586 932 In
611 896 821 931 mentem
858 885 973 929 mihi
998 885 1150 938 venit‚
1181 882 1303 927 forte
1337 881 1540 926 Plinium

138 975 204 1019 sic
233 974 468 1036 scripsisse
494 991 502 1017 :
531 976 630 1035 Ego
666 982 831 1017 contra
856 970 1025 1015 scilicet
1059 974 1158 1032 ipso
1184 967 1409 1013 Iselastici
1440 977 1446 1003 f
1470 964 1539 1008 vel

139 1056 520 1118 Iselasticorum)
553 1057 748 1101 nomine
789 1059 852 1099 ita
878 1069 1068 1099 moveor
1104 1052 1206 1115 (vel
1239 1050 1457 1113 urgeor),
1492 1059 1544 1093 ut

140 1141 450 1186 vehementer
479 1139 754 1184 addubitem
772 1176 783 1195 ‚
813 1147 899 1183 etc.
938 1139 984 1182 Si
1014 1137 1150 1181 Plinii
1184 1136 1422 1196 integrum
1457 1137 1547 1177 sci-

143 1224 250 1269 licet
265 1224 442 1269 librarii
464 1224 750 1286 posteriores
771 1238 903 1267 more
927 1220 1015 1265 sibi
1038 1228 1267 1265 consueto
1287 1218 1337 1260 in
1352 1232 1412 1261 sc.
1433 1232 1546 1260 con-

140 1317 402 1363 traxerant,
428 1307 578 1353 scribo
604 1305 737 1352 facile
763 1306 1009 1352 nasutulus
1032 1304 1225 1367 quidam
1255 1319 1342 1365 pro
1364 1317 1426 1347 sc.
1450 1304 1549 1363 4050

142 1391 360 1437 obtrusit.
386 1393 433 1437 Si
455 1392 730 1450 Florentiae,
758 1408 862 1455 quae
897 1389 1133 1453 ejusmodi
1162 1388 1376 1450 κειμηλίοις
1408 1401 1551 1430 mem—

144 1474 334 1521 braneis
362 1476 436 1521 vel
460 1476 720 1522 chartaceis
752 1475 989 1539 superbit,
1021 1473 1171 1519 codex
1196 1472 1332 1517 Plinii
1358 1473 1451 1514 MS.
1479 1470 1552 1513 in-

146 1561 384 1615 veniatur,
418 1578 527 1606 eum
558 1562 790 1624 inspicere
821 1577 881 1605 ne
908 1558 1222 1621 dedigneris.»

210 1644 366 1702 Nihil,
393 1645 524 1708 quod
548 1645 731 1690 nodum
758 1644 890 1689 illum
919 1643 1093 1697 solvat,
1120 1643 1169 1686 in
1202 1640 1432 1685 thesauris
1458 1641 1490 1682 F
1495 1638 1556 1681 lo-

148 1732 447 1775 rentinarum
484 1730 883 1775 bibliothecarum
919 1727 1147 1790 reperiri,
1182 1725 1385 1770 amicum
1422 1723 1552 1767 docel

151 1817 327 1862 Gorius
353 1833 455 1880 pag.
490 1815 596 1871 466.

214 1905 437 1965 Panegyr.
467 1901 524 1963 7ss
541 1938 551 1955 ,
578 1901 678 1944 init.
698 1899 892 1961 Scripsit
919 1898 977 1942 de
1000 1897 1091 1941 hoc
1114 1897 1219 1941 loco
1246 1895 1294 1938 in
1319 1897 1561 1955 Program—

153 1996 277 2031 mate
301 1985 686 2041 Fikenscherius,
712 1988 886 2029 Rector
910 1983 1050 2045 Lycei
1074 1978 1444 2026 Culmbacensis.
1474 1979 1563 2021 De-

155 2069 261 2114 letis
277 2069 461 2115 duabus
475 2069 694 2123 vocibus,
723 2077 873 2112 taliam
884 2068 1009 2126 fait,
1032 2075 1309 2126 mutataque
1324 2064 1564 2124 interpun·

158 2153 336 2208 ctione,
375 2153 438 2197 sic
476 2152 587 2215 legit
621 2169 629 2194 :
664 2167 811 2214 quum
825 2185 993 2194 ......
1006 2146 1199 2210 ageres!
1226 2149 1568 2208 Interrogavit:

155 2242 381 2299 quisque,
410 2237 747 2300 qaodplacuit
766 2273 778 2295 ,
807 2235 1048 2280 dissentire
1062 2270 1198 2279 .....
1214 2270 1225 2290 ,
1241 2235 1424 2291 fizcere.
1462 2232 1566 2275 Dis-

158 2323 302 2385 plicet
337 2322 434 2367 haec
469 2323 589 2367 ratio
626 2321 853 2384 perinde,
888 2337 939 2365 ac
975 2319 1327 2372 Schwarziana‚
1365 2320 1402 2361 J.
1432 2319 1564 2360 Fran.

159 2407 376 2464 Herelio,
407 2408 483 2452 cui
515 2407 692 2452 Plinius
730 2405 918 2450 videtur
948 2404 1189 2466 scripsisse
1223 2421 1230 2446 :
1266 2417 1411 2463 quum
1427 2435 1562 2443 .....

162 2490 349 2553 ageres!
374 2493 582 2553 Quisque
602 2490 736 2553 quod
750 2490 940 2553 placuit
955 2526 966 2544 ‚
990 2489 1250 2534 dissentire.
1275 2522 1284 2530 .
1307 2522 1315 2530 .
1339 2522 1372 2543 .,
1389 2488 1571 2542 facere.

163 2576 268 2622 Vid.
298 2580 526 2638 Magazin
537 2577 633 2633 fiir
659 2574 953 2637 Plzi'lologen.
984 2570 1376 2634 Herausg‘egeben
1404 2584 1497 2613 von
1523 2569 1574 2610 G,
1600 2631 1602 2634 ‚
