1742 2989
128 1540 147 1572 φο

131 1826 150 1861 ὡκ

134 2047 152 2078 (ἶῖ

584 185 630 224 tl.
668 182 892 225 PLINII
927 182 1051 224 LIB.
1087 181 1178 222 ΙΙΙ.

183 184 268 228 160

191 328 248 338 ,κει
252 327 387 338 sas-‚vsa
392 326 432 336 vs
436 326 491 336 »¹1
495 326 552 336 ναι
556 321 1262 335 Ἀαι-νιννιᾌιννὶ-Μννιωννιπηννιιπι
1270 320 1321 332 καὶ
1325 320 1383 330 m
1387 321 1443 331 mx
1447 320 1504 331 m
1508 320 1564 330 ιιι

804 473 948 530 VII.

173 637 305 675 Silium
328 637 525 682 Italicum,
547 648 660 685 quem
683 633 886 670 decessisse
906 632 1075 677 nuntiat,
1097 631 1240 667 meritis
1263 628 1440 666 laudibus
1461 637 1582 665 ornat.

224 706 352 749 Quum
372 701 452 739 Silii
469 700 592 738 Italici
606 699 768 744 Punica,
789 697 836 734 ad
853 706 983 734 nostra
1005 705 1178 746 tempora
1195 693 1459 745 pervenerint,
1480 701 1584 729 tanto

224 767 438 816 acceptiora
458 764 568 801 nobis
589 777 668 800 esse
689 763 852 809 debent,
871 776 954 811 quae
975 761 1037 798 hic
1057 761 1103 797 de
1123 760 1196 796 viri
1214 760 1412 802 felicitate,
1429 757 1582 808 opibus,

224 829 397 867 moribus
420 841 507 865 cum
528 828 601 865 fide
625 827 841 864 traduntur.
860 829 927 863 En.

486 962 524 991 C.
561 961 793 990 PLINIUS
828 958 1071 989 CANINIO
1106 958 1209 986 SUO
1246 958 1278 985 S.

235 1079 399 1121 MODO
426 1075 656 1120 nuntiatus
682 1083 746 1117 est
771 1071 903 1117 Silius
925 1070 1103 1115 Italicus
1125 1071 1169 1113 in
1191 1068 1486 1129 Neapolitano
1508 1084 1586 1111 suo

174 1151 316 1196 inedia
351 1151 486 1194 vitam
526 1149 687 1193 finisse.
724 1150 887 1191 Caussa
926 1145 1105 1198 mortis,
1133 1143 1351 1187 valetudo.
1385 1144 1491 1185 Erat
1525 1139 1584 1184 illi

172 1234 301 1268 natus
327 1222 581 1267 insanabilis
603 1221 776 1276 clavus,
803 1220 927 1280 cujus
959 1218 1087 1262 taedio
1114 1217 1169 1261 ad
1199 1226 1388 1260 mortem
1419 1217 1584 1259 irrevo-

172 1298 301 1342 cabili
334 1298 580 1341 constantia
613 1295 895 1339 decucurrit:
922 1309 1061 1352 usque
1095 1291 1150 1334 ad
1179 1305 1434 1350 supremum
1471 1287 1587 1330 diem

172 1372 324 1415 beatus
346 1381 388 1414 et
408 1369 536 1424 felix,
564 1369 647 1412 nisi
672 1367 791 1428 quod
821 1367 1037 1409 minorem
1065 1381 1087 1407 e
1113 1363 1262 1406 liberis
1288 1361 1460 1404 duobus
1482 1359 1587 1402 ami-

173 1445 250 1497 sit,
283 1443 357 1487 sed
389 1443 603 1502 majorem
639 1439 977 1498 melioremque,
1004 1437 1257 1487 florentem,
1295 1444 1426 1494 atque
1455 1433 1586 1476 etiam

175 1515 449 1560 consularem
487 1513 678 1572 reliquit.
715 1515 907 1555 Laeserat
935 1510 1095 1553 famam
1122 1524 1244 1551 suam
1273 1507 1350 1551 sub
1383 1508 1587 1559 Nerone,

175 1588 437 1632 credebatur
483 1594 638 1646 sponte
687 1599 909 1627 accusasse
941 1600 949 1626 :
986 1582 1060 1626 sed
1102 1583 1146 1624 in
1186 1580 1351 1625 Vitellii
1396 1579 1589 1623 amicitia

176 1662 396 1722 sapienter
425 1676 468 1702 se
500 1668 544 1701 et
572 1657 758 1701 comiter
785 1665 976 1717 gesserat
1005 1673 1014 1699 z
1047 1671 1099 1698 ex
1128 1653 1442 1715 proconsulatu
1475 1653 1588 1696 Asiae

176 1734 360 1795 gloriam
385 1739 686 1792 reportaverat
714 1747 723 1772 :
751 1728 969 1773 maculam
995 1728 1152 1771 veteris
1181 1726 1405 1770 industriae
1435 1724 1587 1768 lauda—

176 1807 253 1851 bili
276 1807 366 1850 otio
387 1804 598 1849 abluerat.
618 1803 721 1846 Fuit
740 1803 854 1846 inter
874 1802 1095 1864 principes
1115 1801 1302 1845 civitatis
1323 1800 1413 1843 sine
1435 1809 1588 1859 poten-

177 1882 260 1936 tia,
288 1881 381 1924 sine
412 1878 588 1921 invidia.
625 1876 934 1927 Salutabatur,
960 1874 1210 1927 colebatur,
1238 1872 1515 1931 multumque
1542 1871 1588 1914 in

178 1954 338 1998 lectulo
354 1953 520 2012 jacens,
538 1949 743 1995 cubiculo
765 1965 939 2009 semper
959 1965 1049 1991 non
1074 1964 1127 1991 ex
1145 1946 1324 1990 fortuna
1345 1943 1588 2003 frequenti,

179 2027 438 2071 doctissimis
475 2024 753 2069 sermonibus
787 2023 877 2066 dies
916 2021 1200 2081 transigebat.
1230 2019 1381 2074 Quum
1421 2032 1445 2059 a
1483 2015 1586 2059 scri-

181 2101 324 2145 bendo
350 2109 525 2143 vacaret
541 2133 551 2152 ,
578 2097 797 2141 scribebat
818 2096 1013 2140 carmina
1038 2094 1205 2153 majore
1232 2107 1338 2135 cura
1363 2105 1495 2150 quam
1526 2089 1588 2130 in—

226 2223 309 2255 VlI.
329 2234 358 2254 1.
377 2222 612 2265 Vitamfinisse.
624 2220 722 2251 Rom.
735 2220 855 2250 Finisse

179 2278 296 2308 vitam.
313 2275 358 2307 H.

229 2342 260 2361 2.
277 2329 434 2359 Minorem
454 2337 470 2355 c
488 2326 600 2356 liberis.
622 2324 721 2356 Rom.
749 2325 854 2354 Μῐηο-

181 2394 245 2412 rem
259 2394 300 2412 ex
315 2380 432 2412 liberI'S.
451 2377 495 2409 H.

230 2434 262 2466 3.
283 2436 401 2475 Sponte
429 2441 603 2461 accusasse.
627 2427 771 2459 Nomine
794 2426 851 2459 de·

182 2486 312 2518 serente
327 2509 335 2523 ,
353 2491 389 2515 ut
405 2495 423 2514 a
447 2479 633 2526 provinciis
650 2479 851 2512 defereban-

182 2546 238 2570 tur
249 2535 484 2570 accusationes
497 2540 617 2566 contra
632 2532 852 2575 magistratus

182 2602 261 2622 suos
281 2588 360 2622 viris
380 2585 582 2631 eloquentiae
602 2592 634 2616 et
651 2584 851 2627 integritatis

184 2641 284 2675 laude
302 2639 515 2673 florentibus.
536 2637 652 2670 Taceo
673 2635 767 2681 quod
786 2636 850 2667 sub

183 2703 331 2726 tvranuo
347 2703 507 2725 accusare
524 2701 658 2733 semper
678 2689 747 2720 fere
767 2688 851 2720 invi-

919 2216 1053 2249 diosum
1073 2223 1135 2248 est.
1156 2214 1200 2246 G.
1213 2235 1258 2239 —-
1272 2215 1390 2245 Veteris
1409 2213 1586 2244 indnscriae.

917 2268 1078 2301 Forensis
1093 2268 1181 2300 illius
1196 2292 1204 2307 ,
1217 2279 1285 2312 qua
1299 2278 1403 2312 supra
1413 2274 1524 2308 sponte
1537 2277 1590 2295 ac-

917 2334 1042 2354 cusasse
1058 2320 1275 2353 dicebantur.
1288 2319 1329 2351 E.

965 2380 996 2416 4.
1015 2376 1215 2415 [Multumque
1229 2374 1260 2403 in
1281 2372 1405 2403 lectulo.
1421 2369 1495 2401 Hoc
1513 2375 1562 2400 est
1575 2392 1584 2406 ,

917 2426 1022 2472 idque
1060 2425 1210 2458 multum
1225 2450 1233 2464 ,
1262 2424 1313 2456 vel
1335 2447 1342 2461 ‚
1376 2429 1407 2454 et
1440 2420 1587 2452 multum

917 2479 1070 2525 quidem.
1096 2479 1147 2510 Ita
1173 2475 1365 2510 avunculus
1386 2473 1501 2506 Nostri
1527 2472 1587 2505 ali-

916 2532 1050 2578 quoties
1060 2540 1242 2573 proeterqne
1257 2527 1373 2573 ponit,
1390 2537 1452 2570 pro
1466 2534 1497 2555 et
1506 2537 1586 2566 prce-

918 2595 965 2616 ter
977 2598 1026 2615 ea.
1041 2583 1083 2615 G.
1095 2603 1141 2607 —-
1152 2585 1226 2613 Non
1240 2580 1436 2622 exfortnna.
1451 2577 1587 2608 Poterat

915 2637 1040 2675 etiam,
1060 2648 1121 2678 pro
1131 2635 1271 2678 fhrtmm
1291 2630 1417 2663 dicere.
1438 2629 1587 2662 Cubicu-

916 2688 988 2721 lum
1009 2687 1079 2720 Silii
1097 2684 1309 2730 frequentius
1326 2682 1388 2714 suit
1403 2707 1411 2721 ,
1429 2693 1532 2726 quam
1551 2679 1584 2711 in
