1757 2880
210 159 240 169 ..a
252 148 1454 175 asummmmmmwdmmmmtuummmmmnmmm
1457 164 1607 175 mmmmm

604 359 1186 440 LECTORI

681 544 839 586 AEQUo
864 545 928 578 ET
953 545 1130 579 Docro

476 693 529 756 J.
584 690 1329 759 AUG.ERNEST1

813 876 846 903 S·
878 875 918 903 P.
946 875 988 903 Ι).

644 1021 1093 1041 ὓ--Δ-ἓὲζψ
1098 1030 1158 1035 —-

198 1146 277 1222 IN
303 1172 511 1216 institutis
530 1171 788 1232 eloquentiae
807 1173 1034 1232 praeceptis
1053 1171 1348 1233 exemplisque
1369 1190 1447 1234 per
1466 1174 1608 1219 lectio-

195 1263 272 1291 nes
302 1245 499 1307 publicas
529 1245 773 1300 tradendae,
809 1261 982 1305 semper
1007 1246 1091 1289 hoc
1126 1247 1191 1289 usi
1223 1263 1396 1303 sumus,
1428 1259 1477 1292 ut
1508 1260 1609 1310 post

196 1328 438 1380 praecepta‚
466 1318 707 1362 secundum
732 1327 933 1361 nostrum
961 1319 1187 1362 initiorum
1215 1319 1536 1365 rhetoricorum
1562 1322 1607 1366 li-

196 1391 360 1436 bellum
394 1400 469 1434 aut
498 1391 722 1435 Ciceronis
760 1400 981 1433 oratorem
1011 1391 1247 1452 explicata,
1278 1393 1469 1452 primum
1506 1411 1605 1438 ora-

196 1466 336 1509 tiones
362 1463 572 1523 quasdam
597 1479 943 1523 proponeremus
959 1498 969 1518 ‚
992 1463 1152 1523 quibus
1178 1465 1434 1508 enarrandis
1464 1476 1506 1509 et
1535 1467 1606 1509 in-

195 1536 398 1581 veniendi
424 1537 502 1579 vice
526 1545 568 1578 et
592 1535 826 1596 eloquendi
851 1535 1036 1580 artificia
1062 1536 1470 1581 demonstrarentur
1490 1549 1530 1582 et
1552 1540 1607 1583 ad

194 1609 527 1670 intelligendum
547 1618 590 1652 et
608 1608 662 1652 ad
683 1609 942 1651 imitandum
962 1608 1157 1669 planius3
1173 1610 1329 1653 deinde
1347 1611 1605 1655 historicum

194 1682 384 1743 aliquem
404 1681 586 1735 librum,
607 1690 655 1723 ut
675 1682 890 1736 Sallustii,
916 1683 1046 1736 Lswi,
1064 1685 1277 1736 Suelom'i‚
1302 1682 1489 1743 denique
1510 1685 1605 1744 phi-

193 1755 492 1815 losophicum,
522 1754 750 1797 Ciceronis
771 1754 859 1796 fere
886 1754 938 1796 de
965 1754 1112 1797 officio
1135 1754 1418 1814 opusculum,
1446 1757 1605 1817 quibus

195 1825 534 1888 interpretandis
561 1825 778 1869 scribendi
799 1842 936 1885 genus
959 1826 1220 1869 historicum
1244 1837 1285 1870 et
1307 1827 1604 1889 dogmaticum

192 1900 372 1961 proprie
405 1908 758 1958 cognosceretur.
789 1900 845 1942 Et
873 1899 916 1940 in
947 1898 1090 1958 primo
1118 1899 1295 1959 quidem
1326 1917 1483 1960 genere
1510 1901 1605 1962 ple-

193 1988 379 2031 rumque
422 1971 489 2012 usi
529 1986 679 2013 sumus
717 1971 1016 2014 Ciceronianis
1057 1972 1358 2028 orationibus,
1403 1974 1476 2017 sed
1520 1975 1605 2019 hoc

192 2045 388 2099 delectu,
429 2052 478 2085 ut
524 2043 634 2085 ratio
675 2043 913 2086 haberetur
956 2044 1177 2104 praecipua
1224 2061 1371 2088 earum
1389 2081 1400 2099 ‚
1445 2047 1604 2107 quibus

193 2115 486 2177 intelligendis
522 2115 652 2158 etiam
695 2132 841 2159 rerum
877 2118 1072 2178 cognitio
1113 2121 1358 2178 comparari
1400 2131 1545 2180 posset
1579 2138 1604 2165 a

192 2191 418 2242 studiosis,
451 2204 638 2249 quarum
675 2199 786 2231 esset
821 2190 864 2232 in
901 2189 995 2233 aliis
1030 2190 1271 2250 disciplinis
1303 2209 1430 2249 usus,
1460 2194 1603 2254 inpri-

190 2267 359 2324 misque
397 2264 441 2305 in
469 2263 567 2322 jure
602 2271 748 2305 vetere
780 2280 990 2319 romano,
1022 2264 1066 2306 in
1096 2266 1410 2325 cognoscendis
1437 2268 1603 2312 artibus

191 2336 442 2398 reipublicae
473 2351 663 2378 romanae
693 2352 798 2395 pace
830 2353 880 2380 ac
906 2336 1047 2393 hello,
1074 2337 1191 2380 domi
1221 2338 1435 2400 forisque,
1466 2341 1602 2384 admi-

192 2409 439 2453 nistrandae.
466 2410 620 2467 Itaque
649 2408 779 2451 etiam
811 2411 1024 2454 Verrinas
1049 2411 1204 2471 saepius
1230 2414 1396 2457 caeteris
1421 2430 1602 2458 enarra-

192 2484 353 2533 vimus,
378 2482 471 2541 ipso
494 2481 689 2523 semestri
714 2483 956 2541 superiori3
979 2483 1138 2543 quibus
1160 2483 1354 2544 legendis
1373 2495 1466 2529 tota
1489 2487 1601 2530 ratio

187 2554 506 2616 jurisdictionis
544 2569 758 2609 romanae,
795 2565 887 2598 tuin
926 2556 1125 2613 urbanae,
1164 2566 1257 2600 tum
1296 2558 1599 2617 provincialis,

192 2628 408 2672 sociorum
440 2625 888 2686 provincialiumque,
913 2630 1249 2689 magistratuum
1280 2630 1324 2672 in
1351 2631 1459 2674 urbe
1487 2641 1529 2674 et
1554 2633 1598 2673 in
