1742 2989
177 206 238 250 90
596 193 643 234 C.
680 193 909 237 PLINII
942 194 1069 237 LIB.
1106 195 1175 236 II.

194 328 1449 344 mmmmmwsmmmmwwmmwsmmaemmmmm
1450 332 1569 344 zzzzz

792 467 967 523 VIII.

178 610 238 648 Ad
272 611 427 649 Larium
463 612 585 648 lacum
619 611 793 648 rusticari
827 620 946 662 optat.
976 616 1081 649 Duas
1113 612 1292 663 imagines
1320 613 1402 650 haec
1429 613 1588 663 epistola

386 675 523 722 habet,
544 677 629 713 w'tae
655 676 808 724 otiosae,
832 685 869 713 et
890 677 1051 727 negotiis
1074 677 1276 728 impeditae.
1307 681 1376 715 En.

475 820 515 849 C.
552 820 790 849 PLINIUS
824 820 1072 850 CANINIO
1108 822 1216 850 SUO
1252 822 1287 850 S.

242 939 454 985 STUDES?
486 957 542 984 an
575 940 795 1001 piscaris?
828 957 883 985 an
916 941 1126 986 venaris?
1161 958 1217 985 an
1249 941 1377 985 simul
1409 941 1591 985 omnia?

180 1015 368 1057 Possunt
387 1014 504 1057 enim
527 1014 676 1058 omnia
695 1013 823 1057 simul
844 1014 938 1058 fieri
963 1014 1018 1059 ad
1033 1015 1213 1059 Larium
1234 1024 1434 1058 nostrum
1456 1032 1465 1058 :
1488 1031 1588 1058 nam

180 1086 299 1131 lacus
326 1088 514 1148 piscem,
537 1088 652 1131 feras
687 1086 827 1141 silvae,
852 1088 1015 1149 quibus
1043 1088 1162 1132 lacus
1196 1088 1419 1148 cingitur,
1448 1087 1591 1131 studia

136 1180 142 1186 ’
178 1160 415 1205 altissimus
435 1163 514 1205 iste
537 1178 747 1218 secessim,
768 1162 934 1206 affatim
952 1172 1207 1223 suggerunt.
1232 1161 1315 1206 Sed
1335 1162 1422 1205 sive
1443 1161 1592 1204 omnia

177 1234 307 1278 simul
324 1271 335 1292 ⁷
362 1236 451 1279 sive
484 1235 651 1297 aliquid
679 1239 833 1292 facias⁷
859 1253 948 1280 non
981 1253 1159 1297 possum
1190 1235 1357 1290 dicere,
1385 1234 1591 1279 invideo:

178 1325 318 1369 angor
339 1320 618 1367 tamen‚non
645 1323 688 1356 et
712 1313 818 1356 mihi
847 1310 1002 1365 licere,
1024 1327 1119 1370 quae
1145 1310 1206 1353 sic
1231 1308 1518 1369 concupisce,
1545 1317 1592 1350 ut

179 1383 282 1442 aegri
307 1383 459 1427 vinum
473 1419 484 1440 7
505 1384 705 1442 balinea,
731 1385 886 1429 fontes.
906 1385 1204 1443 Nunquamne
1227 1383 1306 1425 hos
1327 1381 1592 1425 arctissimos

180 1457 381 1518 laqueos,
401 1460 435 1503 si
459 1459 623 1504 solvere
643 1470 850 1522 negatur,
873 1456 1439 1519 abrumpam?Nunquam,
1459 1464 1590 1515 puto:

178 1547 281 1574 nam
300 1532 522 1577 veteribus
541 1535 728 1595 negotiis
749 1550 861 1577 nova
881 1541 1159 1587 accrescunt,
1175 1547 1255 1574 nec
1277 1541 1425 1574 tamen
1445 1530 1591 1590 priora

178 1615 452 1666 peraguntur
480 1624 489 1650 τ
518 1617 582 1650 tot
610 1607 794 1651 nexibus
809 1642 819 1661 a
843 1616 909 1650 tot
932 1605 1055 1666 quasi
1080 1604 1243 1648 catenis
1266 1604 1408 1663 majus
1432 1602 1478 1644 in
1502 1600 1594 1644 dies

178 1680 522 1740 occupationum
548 1697 707 1742 agmen
733 1680 997 1724 extenditur.
1019 1677 1142 1723 Vale.

224 1817 323 1849 VIII.
339 1817 508 1863 Inscripta
518 1819 617 1851 Rom.
638 1819 774 1850 Caninio
789 1821 850 1849 Ru·
917 1815 1073 1848 mallent.
1094 1815 1138 1846 H.
1159 1834 1204 1838 —
1225 1818 1265 1845 Ut
1280 1814 1360 1857 (egri
1373 1814 1485 1844 vinum
1497 1836 1507 1850 ,
1527 1818 1591 1843 etc.

168 1871 224 1913 fi).
243 1869 288 1903 H.
917 1868 1027 1910 Quasi
1045 1866 1232 1912 proverbio
1253 1866 1361 1897 utitur
1375 1890 1384 1905 ‚
1404 1872 1443 1897 ut
1461 1862 1594 1909 signifi-

228 1935 255 1954 1.
278 1924 336 1954 Ad
361 1925 493 1954 Larium
515 1933 669 1955 nostrum.
701 1922 851 1955 Comum
919 1928 991 1960 cet,
1017 1931 1051 1951 se
1075 1917 1315 1952 ardentissime
1335 1916 1592 1961 concupiscere.

176 1974 288 2020 patria
301 1974 403 2006 Plinii
422 1975 550 2015 nostri,
568 1975 672 2007 Lario
686 1974 779 2007 lacui
795 1972 853 2006 ad·
918 1972 972 2007 Sic
985 1971 1094 2017 Epist.
1111 1971 1180 2003 VII
1192 1995 1201 2011 ‚
1219 1973 1259 2003 26
1273 1995 1281 2010 ,
1301 1969 1344 2002 de
1361 1977 1489 2014 aegroto
1508 1979 1516 1999 :
1536 1970 1595 1999 ba-

174 2027 190 2073 j
195 2034 282 2059 acet.
300 2026 344 2059 G.
919 2028 1004 2058 linea
1016 2026 1216 2067 imaginatur
1225 2024 1366 2066 etfontes
1375 2035 1386 2053 .·
1397 2023 1464 2053 lzoec
1471 2034 1594 2052 summa

225 2100 271 2104 -—
293 2083 479 2123 Suggerunt.
501 2079 638 2113 Cortius
653 2103 662 2119 ⁷
682 2091 785 2125 quem
803 2091 853 2111 se·
919 2089 1089 2114 curarum,
1111 2089 1235 2107 summa
1252 2085 1414 2106 votorum.
1433 2074 1475 2107 E.

179 2132 296 2176 quitur
312 2132 485 2176 Gierigius
498 2156 507 2172 ,
527 2144 565 2165 ex
584 2131 679 2164 libris
697 2130 764 2163 suis
780 2144 852 2173 sug-
967 2131 997 2163 3.
1015 2132 1247 2171 Nunquamne.
1264 2152 1271 2158 .
1288 2152 1294 2159 .
1312 2137 1474 2171 ,neg-atur.
1490 2128 1589 2159 Rom.

176 2183 383 2228 gerit.Ha11d
394 2183 754 2229 displicetsingulariS.
765 2182 849 2216 Vid.
917 2186 1145 2223 Numquamne
1163 2182 1220 2211 hos
1241 2182 1418 2211 artissimos
1439 2182 1569 2222 laqueos
1580 2203 1590 2215 ‚

180 2249 284 2282 supra
299 2236 342 2269 ad
357 2238 373 2269 I
385 2262 393 2277 ,
411 2238 429 2270 3
445 2262 453 2276 ,
479 2240 510 2269 3.
531 2237 564 2270 S.
917 2236 946 2266 si
956 2236 1074 2265 solvere
1092 2242 1244 2275 negatur,
1266 2240 1303 2264 ut
1320 2230 1465 2264 editum,
1487 2230 1530 2263 H.
1548 2250 1594 2254 —

227 2303 260 2322 2.
283 2292 346 2321 Sed
360 2291 421 2321 sive
438 2291 567 2327 omnia,
585 2296 651 2321 etc.
672 2290 769 2321 Rom.
792 2290 854 2319 Sed
917 2286 985 2318 Alii
1011 2297 1019 2318 ε
1046 2289 1222 2328 Nunquam
1245 2286 1301 2316 llos
1334 2286 1510 2316 artissimos
1545 2285 1592 2314 la-

181 2344 242 2374 sive
256 2343 364 2374 omnia
380 2343 491 2380 simul,
511 2343 573 2374 sive
591 2342 848 2385 aliquidfacias,
919 2352 1030 2381 queos.
1047 2362 1053 2369 .
1070 2362 1076 2369 .
1094 2345 1142 2370 .et
1169 2349 1176 2369 ζ
1204 2340 1232 2369 si
1254 2341 1371 2370 solvere
1397 2350 1458 2368 non
1481 2338 1592 2367 daem:

183 2402 221 2427 ut
236 2395 340 2440 vulgo
352 2420 360 2434 ‚
377 2407 444 2427 non
452 2396 542 2438 facis
556 2420 563 2431 ‚
580 2392 674 2439 quod
694 2393 851 2439 plerique
917 2391 1008 2424 Vide
1024 2390 1193 2423 Cortium.
1216 2390 1249 2423 S.

565 2549 860 2567 ἠᾈ-«αῆὂ
862 2545 1164 2567 seneffia—fi
1179 2554 1193 2556 —
1221 2553 1226 2555 Δ
