1742 2989
587 202 939 247 EPISTOLA
974 203 1123 247 XIII.
1474 199 1551 244 181

152 293 300 328 [atem.
338 286 389 327 In
421 283 586 326 caeteris
614 284 730 327 enim
766 284 973 327 lectorem
1007 282 1177 326 novitas
1214 282 1305 342 ipsa
1339 280 1558 324 intentum

152 358 282 402 habet
304 375 313 401 ε
336 358 380 400 in
400 358 483 401 hoc
499 394 509 412 ,
535 365 663 412 nota,
687 356 885 418 vulgata,
906 359 1022 402 dicta
1045 365 1149 400 sunt
1173 353 1350 409 omnia,
1371 369 1459 414 quo
1486 353 1559 408 fit,

152 441 200 475 ut
243 431 364 492 quasi
409 431 573 476 otiosus
622 447 886 493 securusque
933 431 1068 475 lector
1101 438 1273 473 tantum
1321 426 1558 471 elocutioni

151 515 295 559 vacet,
314 505 359 547 in
379 521 465 565 qua
486 504 733 549 satisfacere
753 505 973 549 difficilius
992 513 1081 558 est,
1109 518 1246 564 quum
1268 499 1358 545 sola
1381 500 1560 544 aestilna-

152 587 236 621 tur.
264 579 409 638 Atque
426 579 596 622 utinam
616 578 725 622 ordo
751 578 903 623 saltem
918 613 929 634 ,
956 587 999 622 et
1018 577 1249 631 transitus,
1274 583 1318 618 et
1341 574 1492 635 figurae
1512 573 1562 616 si-
1587 574 1604 605 3

151 649 240 694 mul
261 649 590 711 spectarentur!
612 668 715 696 nam
745 645 942 696 invenire
961 649 1168 713 praeclare
1187 685 1199 704 ,
1223 648 1454 692 enuntiare
1474 664 1562 691 ma-

149 724 307 784 gnifice
323 759 335 780 ,
362 725 584 770 interdum
613 726 746 771 etiam
778 726 955 770 barbari
981 723 1149 768 solent:
1172 722 1407 784 disponere
1433 729 1559 780 apte,

149 796 339 858 figurare
357 800 494 855 varie,
514 800 597 844 nisi
616 799 826 856 eruditis,
859 808 1069 860 negatum
1100 807 1176 842 est.
1197 798 1291 841 Nec
1324 811 1428 839 vero
1460 793 1560 837 affe·
1585 800 1603 835 ά

149 871 310 915 ctanda
328 882 432 916 sunt
461 889 634 934 semper
653 872 766 916 elata
791 882 834 917 et
863 871 1029 916 excelsa
1052 888 1060 914 :
1082 887 1204 922 nam,
1233 879 1283 913 ut
1313 869 1358 912 in
1386 868 1560 928 pictura

149 942 297 989 lumen
330 962 421 990 non
447 946 531 990 alia
551 963 618 990 res
648 947 788 1007 magis
819 962 952 1007 quam
981 944 1138 989 umbra
1173 942 1476 997 commendat,
1499 942 1559 985 ita

147 1017 391 1062 orationem
439 1028 529 1063 tam
562 1019 841 1074 submittere,
884 1035 1018 1080 quam
1063 1016 1260 1062 attollere
1297 1016 1435 1059 decet.
1473 1014 1558 1058 Sed
1585 1016 1603 1049 5

148 1091 254 1151 quid
275 1108 355 1152 ego
376 1093 468 1137 haec
487 1092 738 1137 doctissimo
758 1092 882 1136 viro?
902 1093 1009 1153 quin
1038 1092 1184 1152 potius
1207 1089 1315 1133 illud
1334 1106 1343 1132 :
1371 1088 1534 1132 adnota
1548 1123 1560 1143 ,

147 1180 243 1223 quae
265 1166 486 1225 putaveris
503 1165 774 1227 corrigenda.
792 1169 861 1210 Ita
881 1165 997 1209 enim
1017 1165 1156 1226 magis
1178 1162 1350 1207 credam
1368 1197 1379 1217 ,
1402 1170 1559 1205 caetera

147 1237 225 1280 tibi
255 1237 426 1298 placere
442 1274 453 1294 ,
473 1240 508 1282 si
533 1239 733 1300 quaedam
752 1238 1022 1299 displicuisse
1042 1252 1305 1298 cognovero,
1334 1233 1459 1278 Vale.

146 1369 239 1404 mina
253 1378 383 1406 mentes
394 1396 403 1412 ‚
415 1370 541 1405 Omnia
549 1372 623 1417 jam
636 1370 786 1416 vulgata.
802 1387 814 1400 ιι
882 1372 1028 1402 sitionem
1041 1368 1183 1401 modicae
1202 1367 1367 1401 doctrinae
1381 1391 1390 1407 ‚
1408 1368 1561 1399 elocutio-

145 1422 189 1455 H-
202 1444 247 1450 —
258 1425 312 1459 Sic
327 1432 360 1458 et
375 1424 514 1459 Cortius
527 1436 607 1458 cum
624 1423 698 1458 aliis
712 1424 817 1457 inter·
883 1436 955 1454 nem
978 1430 1094 1456 autem
1115 1421 1358 1454 difficillimam
1381 1418 1463 1453 artis
1479 1419 1560 1453 rhe-

145 1478 278 1526 pungit.
293 1479 398 1511 Bene.
415 1478 450 1512 S.
883 1475 998 1508 toricae
1027 1482 1163 1521 partem
1193 1485 1267 1507 esse
1293 1472 1423 1505 statuit.
1452 1472 1494 1505 E.
1512 1492 1559 1497 -—

191 1554 237 1558 ——
256 1535 381 1565 Otiosus
398 1544 598 1575 securusque.
617 1531 682 1563 Res
700 1529 792 1575 ipsas
807 1553 815 1568 ‚
883 1527 1016 1569 Quidni
1045 1527 1175 1560 Plinius
1207 1525 1424 1567 Quintiliano
1456 1524 1558 1559 facile

146 1585 209 1619 sibi
232 1586 305 1632 jam
330 1584 472 1618 aliunde
501 1590 625 1623 notas,
655 1595 727 1616 non
756 1594 816 1615 cu·
883 1580 1112 1627 persuaserit,
1131 1582 1302 1626 magm'fice
1316 1578 1496 1611 enuntiare
1509 1580 1558 1610 in·

145 1651 239 1672 rans.
257 1639 298 1671 E.
883 1637 1006 1666 terdmn
1020 1633 1122 1667 etiam
1138 1633 1304 1666 barbaros
1321 1630 1456 1665 solere?
1469 1631 1558 1664 S.—

193 1692 226 1725 3.
243 1692 438 1723 Enuntiare.
455 1714 461 1721 .
479 1714 485 1720 .
502 1713 508 1720 .
519 1690 658 1721 barbari.
674 1688 752 1722 Non
766 1687 817 1720 fa-
882 1689 1047 1718 Interdum
1056 1688 1152 1718 etiam
1161 1686 1293 1717 barbari
1298 1686 1443 1716 solerent.
1454 1684 1556 1716 Rom.

145 1743 209 1776 cile
220 1743 288 1776 hoc
302 1767 311 1783 ‚
327 1741 485 1776 Secunde
497 1767 505 1782 ,
522 1739 722 1788 praeceptori
738 1752 817 1785 per·
883 1741 1047 1771 Interdum
1062 1740 1195 1770 barbari
1210 1739 1332 1775 solent,
1351 1735 1423 1768 sine
1437 1737 1535 1767 eciam
1545 1749 1556 1767 .-

147 1794 294 1828 suaseris
308 1794 526 1835 Quintiliano
538 1819 546 1834 ‚
560 1793 619 1839 qui
633 1794 712 1826 Lib.
729 1793 817 1826 VIII
883 1790 1009 1824 deinde
1030 1801 1121 1834 apte,
1163 1800 1278 1834 gurate
1289 1816 1297 1828 ,
1314 1790 1418 1821 varie.
1436 1787 1502 1822 Sed
1510 1790 1556 1833 fi-

145 1850 231 1881 Inst.
251 1849 350 1882 Orat.
376 1848 394 1881 3
407 1873 416 1888 ,
443 1861 459 1880 2
473 1872 481 1887 ‚
504 1848 713 1879 {mencionem
738 1858 817 1878 cum
880 1854 996 1888 gurate
1006 1845 1173 1887 disponere
1186 1841 1319 1876 nullam
1333 1840 1557 1886 significatio»

145 1901 312 1949 imperitis
333 1912 420 1947 saepe
443 1911 664 1934 communem
679 1924 688 1940 ,
709 1900 817 1942 dispo·
884 1909 963 1930 nem
977 1896 1096 1930 habet.
1111 1896 1155 1929 H.

528 2094 1191 2118 woeffl—
