<?xml version="1.0" encoding="UTF-8"?>
<!DOCTYPE html PUBLIC "-//W3C//DTD XHTML 1.0 Transitional//EN"
    "http://www.w3.org/TR/xhtml1/DTD/xhtml1-transitional.dtd">
<html xmlns="http://www.w3.org/1999/xhtml" xml:lang="en" lang="en">
 <head>
  <title>
</title>
<meta http-equiv="Content-Type" content="text/html;charset=utf-8" />
  <meta name='ocr-system' content='tesseract 3.04.00' />
  <meta name='ocr-capabilities' content='ocr_page ocr_carea ocr_par ocr_line ocrx_word'/>
</head>
<body>
  <div class='ocr_page' id='page_1' title='image "./epistolarumlibri01plinuoft_0490.png"; bbox 0 0 1742 2989; ppageno 0'>
   <div class='ocr_carea' id='block_1_1' title="bbox 209 185 1226 239">
    <p class='ocr_par' dir='ltr' id='par_1_1' title="bbox 209 185 1226 239">
     <span class='ocr_line' id='line_1_1' title="bbox 209 185 1226 239; baseline 0.001 -10"><span class='ocrx_word' id='word_1_1' title='bbox 209 185 302 239; x_wconf 71' lang='lat'>[408</span> <span class='ocrx_word' id='word_1_2' title='bbox 593 187 642 228; x_wconf 87' lang='lat' dir='ltr'>C.</span> <span class='ocrx_word' id='word_1_3' title='bbox 678 187 909 231; x_wconf 91' lang='lat' dir='ltr'>PLINII</span> <span class='ocrx_word' id='word_1_4' title='bbox 945 187 1071 230; x_wconf 89' lang='lat' dir='ltr'>LIB.</span> <span class='ocrx_word' id='word_1_5' title='bbox 1108 188 1226 230; x_wconf 92' lang='lat' dir='ltr'>VII.</span> 
     </span>
    </p>
   </div>
   <div class='ocr_carea' id='block_1_2' title="bbox 208 257 1613 548">
    <p class='ocr_par' dir='ltr' id='par_1_2' title="bbox 208 257 1613 548">
     <span class='ocr_line' id='line_1_2' title="bbox 209 257 1613 328; baseline 0.001 -18"><span class='ocrx_word' id='word_1_6' title='bbox 209 267 304 311; x_wconf 87' lang='lat' dir='ltr'>dice</span> <span class='ocrx_word' id='word_1_7' title='bbox 334 265 515 327; x_wconf 85' lang='lat' dir='ltr'>epistola</span> <span class='ocrx_word' id='word_1_8' title='bbox 547 283 616 310; x_wconf 85' lang='lat' dir='ltr'>me</span> <span class='ocrx_word' id='word_1_9' title='bbox 647 267 846 324; x_wconf 84' lang='lat' dir='ltr'>extendi,</span> <span class='ocrx_word' id='word_1_10' title='bbox 874 279 946 322; x_wconf 85' lang='lat' dir='ltr'>ut,</span> <span class='ocrx_word' id='word_1_11' title='bbox 977 268 1081 312; x_wconf 88' lang='lat' dir='ltr'>dum</span> <span class='ocrx_word' id='word_1_12' title='bbox 1113 269 1214 318; x_wconf 86' lang='lat' dir='ltr'>tibi,</span> <span class='ocrx_word' id='word_1_13' title='bbox 1243 257 1613 328; x_wconf 75' lang='lat' dir='ltr'>quemadmodum</span> 
     </span>
     <span class='ocr_line' id='line_1_3' title="bbox 208 339 1613 403; baseline -0.001 -19"><span class='ocrx_word' id='word_1_14' title='bbox 208 340 382 384; x_wconf 85' lang='lat' dir='ltr'>studere</span> <span class='ocrx_word' id='word_1_15' title='bbox 402 340 580 395; x_wconf 85' lang='lat' dir='ltr'>debeas,</span> <span class='ocrx_word' id='word_1_16' title='bbox 599 341 779 397; x_wconf 79' lang='lat' dir='ltr'>suadeo,</span> <span class='ocrx_word' id='word_1_17' title='bbox 793 341 996 385; x_wconf 81' lang='lat' dir='ltr'>studendi</span> <span class='ocrx_word' id='word_1_18' title='bbox 1015 352 1188 403; x_wconf 88' lang='lat' dir='ltr'>tempus</span> <span class='ocrx_word' id='word_1_19' title='bbox 1205 339 1471 385; x_wconf 78' lang='lat' dir='ltr'>abstulerim.</span> <span class='ocrx_word' id='word_1_20' title='bbox 1490 341 1613 397; x_wconf 80' lang='lat' dir='ltr'>Quin</span> 
     </span>
     <span class='ocr_line' id='line_1_4' title="bbox 208 414 1612 477; baseline 0 -20"><span class='ocrx_word' id='word_1_21' title='bbox 208 431 314 475; x_wconf 87' lang='lat' dir='ltr'>ergo</span> <span class='ocrx_word' id='word_1_22' title='bbox 335 414 569 475; x_wconf 78' lang='lat' dir='ltr'>pugillares</span> <span class='ocrx_word' id='word_1_23' title='bbox 593 416 799 470; x_wconf 79' lang='lat' dir='ltr'>resumis,</span> <span class='ocrx_word' id='word_1_24' title='bbox 822 425 865 459; x_wconf 87' lang='lat' dir='ltr'>et</span> <span class='ocrx_word' id='word_1_25' title='bbox 885 415 1049 477; x_wconf 89' lang='lat' dir='ltr'>aliquid</span> <span class='ocrx_word' id='word_1_26' title='bbox 1070 432 1122 459; x_wconf 86' lang='lat' dir='ltr'>ex</span> <span class='ocrx_word' id='word_1_27' title='bbox 1142 416 1227 471; x_wconf 83' lang='lat' dir='ltr'>his,</span> <span class='ocrx_word' id='word_1_28' title='bbox 1248 414 1315 459; x_wconf 72' lang='lat' dir='ltr'>vel</span> <span class='ocrx_word' id='word_1_29' title='bbox 1335 414 1450 458; x_wconf 87' lang='lat' dir='ltr'>istud</span> <span class='ocrx_word' id='word_1_30' title='bbox 1471 415 1612 474; x_wconf 88' lang='lat' dir='ltr'>ipsum</span> 
     </span>
     <span class='ocr_line' id='line_1_5' title="bbox 208 487 889 548; baseline 0.003 -18"><span class='ocrx_word' id='word_1_31' title='bbox 208 487 326 548; x_wconf 87' lang='lat' dir='ltr'>quod</span> <span class='ocrx_word' id='word_1_32' title='bbox 344 503 537 548; x_wconf 79' lang='lat' dir='ltr'>coeperas</span> <span class='ocrx_word' id='word_1_33' title='bbox 549 523 560 543; x_wconf 87' lang='lat'>,</span> <span class='ocrx_word' id='word_1_34' title='bbox 582 488 747 532; x_wconf 86' lang='lat' dir='ltr'>scribis.</span> <span class='ocrx_word' id='word_1_35' title='bbox 766 488 889 533; x_wconf 84' lang='lat' dir='ltr'>Vale.</span> 
     </span>
    </p>
   </div>
   <div class='ocr_carea' id='block_1_3' title="bbox 205 618 1617 982">
    <p class='ocr_par' dir='ltr' id='par_1_3' title="bbox 205 618 1617 982">
     <span class='ocr_line' id='line_1_6' title="bbox 206 618 1617 666; baseline -0.001 -14"><span class='ocrx_word' id='word_1_36' title='bbox 206 618 336 652; x_wconf 82' lang='lat' dir='ltr'>voculae</span> <span class='ocrx_word' id='word_1_37' title='bbox 344 631 420 661; x_wconf 79' lang='lat' dir='ltr'>per,</span> <span class='ocrx_word' id='word_1_38' title='bbox 432 632 502 661; x_wconf 77' lang='lat' dir='ltr'>prae</span> <span class='ocrx_word' id='word_1_39' title='bbox 516 626 547 652; x_wconf 86' lang='lat' dir='ltr'>et</span> <span class='ocrx_word' id='word_1_40' title='bbox 557 632 619 662; x_wconf 84' lang='lat' dir='ltr'>pro</span> <span class='ocrx_word' id='word_1_41' title='bbox 634 628 671 652; x_wconf 84' lang='lat' dir='ltr'>ut</span> <span class='ocrx_word' id='word_1_42' title='bbox 688 619 880 666; x_wconf 86' lang='lat' dir='ltr'>plurimum</span> <span class='ocrx_word' id='word_1_43' title='bbox 946 622 1111 664; x_wconf 78' lang='lat' dir='ltr'>epistolam</span> <span class='ocrx_word' id='word_1_44' title='bbox 1127 622 1269 652; x_wconf 76' lang='lat' dir='ltr'>extendi.</span> <span class='ocrx_word' id='word_1_45' title='bbox 1284 619 1328 652; x_wconf 87' lang='lat' dir='ltr'>G.</span> <span class='ocrx_word' id='word_1_46' title='bbox 1341 640 1379 644; x_wconf 91' lang='lat'>—</span> <span class='ocrx_word' id='word_1_47' title='bbox 1393 619 1447 652; x_wconf 86' lang='lat' dir='ltr'>Sic</span> <span class='ocrx_word' id='word_1_48' title='bbox 1463 618 1543 651; x_wconf 87' lang='lat' dir='ltr'>libri</span> <span class='ocrx_word' id='word_1_49' title='bbox 1559 618 1617 651; x_wconf 84' lang='lat' dir='ltr'>ali-</span> 
     </span>
     <span class='ocr_line' id='line_1_7' title="bbox 206 671 1614 718; baseline 0.001 -15"><span class='ocrx_word' id='word_1_50' title='bbox 206 672 242 704; x_wconf 88' lang='lat' dir='ltr'>in</span> <span class='ocrx_word' id='word_1_51' title='bbox 262 671 359 705; x_wconf 86' lang='lat' dir='ltr'><strong>MSS.</strong></span> <span class='ocrx_word' id='word_1_52' title='bbox 379 671 480 704; x_wconf 87' lang='lat' dir='ltr'>unica</span> <span class='ocrx_word' id='word_1_53' title='bbox 500 672 648 716; x_wconf 80' lang='lat' dir='ltr'>litterap</span> <span class='ocrx_word' id='word_1_54' title='bbox 666 672 776 706; x_wconf 84' lang='lat' dir='ltr'>notari</span> <span class='ocrx_word' id='word_1_55' title='bbox 797 673 880 705; x_wconf 85' lang='lat' dir='ltr'>sole·</span> <span class='ocrx_word' id='word_1_56' title='bbox 945 680 1041 718; x_wconf 88' lang='lat' dir='ltr'>quot.</span> <span class='ocrx_word' id='word_1_57' title='bbox 1053 673 1186 705; x_wconf 84' lang='lat' dir='ltr'>Verum</span> <span class='ocrx_word' id='word_1_58' title='bbox 1198 680 1295 717; x_wconf 87' lang='lat' dir='ltr'>puto.</span> <span class='ocrx_word' id='word_1_59' title='bbox 1310 672 1343 705; x_wconf 89' lang='lat' dir='ltr'>S.</span> <span class='ocrx_word' id='word_1_60' title='bbox 1360 671 1614 704; x_wconf 53' lang='lat' dir='ltr'>——MSSNoss</span> 
     </span>
     <span class='ocr_line' id='line_1_8' title="bbox 205 723 1613 771; baseline -0.001 -15"><span class='ocrx_word' id='word_1_61' title='bbox 205 732 302 764; x_wconf 84' lang='lat' dir='ltr'>rent,</span> <span class='ocrx_word' id='word_1_62' title='bbox 324 723 442 757; x_wconf 84' lang='lat' dir='ltr'>addito</span> <span class='ocrx_word' id='word_1_63' title='bbox 461 732 576 758; x_wconf 82' lang='lat' dir='ltr'>lamen</span> <span class='ocrx_word' id='word_1_64' title='bbox 593 725 690 771; x_wconf 84' lang='lat' dir='ltr'>signo</span> <span class='ocrx_word' id='word_1_65' title='bbox 705 725 856 771; x_wconf 85' lang='lat' dir='ltr'>quodam</span> <span class='ocrx_word' id='word_1_66' title='bbox 867 750 876 766; x_wconf 91' lang='lat'>,</span> <span class='ocrx_word' id='word_1_67' title='bbox 945 726 1045 758; x_wconf 90' lang='lat' dir='ltr'>Arnz.</span> <span class='ocrx_word' id='word_1_68' title='bbox 1065 725 1190 758; x_wconf 78' lang='lat' dir='ltr'>Pariss.</span> <span class='ocrx_word' id='word_1_69' title='bbox 1205 726 1370 767; x_wconf 78' lang='lat' dir='ltr'>epistolam</span> <span class='ocrx_word' id='word_1_70' title='bbox 1385 723 1527 756; x_wconf 79' lang='lat' dir='ltr'>habent.</span> <span class='ocrx_word' id='word_1_71' title='bbox 1546 724 1613 756; x_wconf 86' lang='lat' dir='ltr'>En.</span> 
     </span>
     <span class='ocr_line' id='line_1_9' title="bbox 207 775 1617 824; baseline 0 -16"><span class='ocrx_word' id='word_1_72' title='bbox 207 776 880 824; x_wconf 72' lang='lat' dir='ltr'>quadistinguipossent,imperitilibra-</span> <span class='ocrx_word' id='word_1_73' title='bbox 991 799 1036 802; x_wconf 90' lang='lat'><strong>—</strong></span> <span class='ocrx_word' id='word_1_74' title='bbox 1048 780 1186 820; x_wconf 83' lang='lat' dir='ltr'>Aliquid</span> <span class='ocrx_word' id='word_1_75' title='bbox 1208 789 1249 808; x_wconf 75' lang='lat' dir='ltr'>ex</span> <span class='ocrx_word' id='word_1_76' title='bbox 1274 778 1331 809; x_wconf 78' lang='lat' dir='ltr'>lzis.</span> <span class='ocrx_word' id='word_1_77' title='bbox 1355 776 1440 817; x_wconf 85' lang='lat' dir='ltr'>Quae</span> <span class='ocrx_word' id='word_1_78' title='bbox 1463 776 1529 808; x_wconf 87' lang='lat' dir='ltr'>hac</span> <span class='ocrx_word' id='word_1_79' title='bbox 1556 775 1617 808; x_wconf 75' lang='lat' dir='ltr'>tibi</span> 
     </span>
     <span class='ocr_line' id='line_1_10' title="bbox 206 828 1616 876; baseline -0.001 -16"><span class='ocrx_word' id='word_1_80' title='bbox 206 829 248 861; x_wconf 87' lang='lat' dir='ltr'>rii</span> <span class='ocrx_word' id='word_1_81' title='bbox 262 830 518 875; x_wconf 61' lang='lat' dir='ltr'>praepositiones</span> <span class='ocrx_word' id='word_1_82' title='bbox 532 831 712 876; x_wconf 62' lang='lat' dir='ltr'>saepissime</span> <span class='ocrx_word' id='word_1_83' title='bbox 725 844 878 865; x_wconf 86' lang='lat' dir='ltr'>commu·</span> <span class='ocrx_word' id='word_1_84' title='bbox 944 831 1087 876; x_wconf 83' lang='lat' dir='ltr'>epistola</span> <span class='ocrx_word' id='word_1_85' title='bbox 1103 828 1358 863; x_wconf 69' lang='lat' dir='ltr'>commenda-si.</span> <span class='ocrx_word' id='word_1_86' title='bbox 1379 828 1423 860; x_wconf 93' lang='lat' dir='ltr'>G.</span> <span class='ocrx_word' id='word_1_87' title='bbox 1435 830 1616 859; x_wconf 70' lang='lat' dir='ltr'>-Serz&#39;bis.</span> 
     </span>
     <span class='ocr_line' id='line_1_11' title="bbox 206 880 1617 929; baseline -0.001 -17"><span class='ocrx_word' id='word_1_88' title='bbox 206 889 353 916; x_wconf 81' lang='lat' dir='ltr'>tarunt.»</span> <span class='ocrx_word' id='word_1_89' title='bbox 365 883 538 916; x_wconf 85' lang='lat' dir='ltr'>Drakenb.</span> <span class='ocrx_word' id='word_1_90' title='bbox 551 883 876 925; x_wconf 80' lang='lat' dir='ltr'>adSil.1tal.XVII‚</span> <span class='ocrx_word' id='word_1_91' title='bbox 943 884 1086 929; x_wconf 84' lang='lat' dir='ltr'>Signum</span> <span class='ocrx_word' id='word_1_92' title='bbox 1107 880 1343 925; x_wconf 76' lang='lat' dir='ltr'>interrogandi</span> <span class='ocrx_word' id='word_1_93' title='bbox 1361 888 1437 927; x_wconf 75' lang='lat' dir='ltr'>post</span> <span class='ocrx_word' id='word_1_94' title='bbox 1458 880 1525 912; x_wconf 80' lang='lat' dir='ltr'>hoc</span> <span class='ocrx_word' id='word_1_95' title='bbox 1544 892 1617 912; x_wconf 76' lang='lat' dir='ltr'>ver-</span> 
     </span>
     <span class='ocr_line' id='line_1_12' title="bbox 209 935 1290 982; baseline 0.001 -16"><span class='ocrx_word' id='word_1_96' title='bbox 209 936 264 966; x_wconf 84' lang='lat'>56.</span> <span class='ocrx_word' id='word_1_97' title='bbox 277 935 311 968; x_wconf 85' lang='lat' dir='ltr'>S.</span> <span class='ocrx_word' id='word_1_98' title='bbox 326 938 526 978; x_wconf 66' lang='lat' dir='ltr'>—Epistola</span> <span class='ocrx_word' id='word_1_99' title='bbox 540 940 736 970; x_wconf 61' lang='lat' dir='ltr'>mem-tendi.</span> <span class='ocrx_word' id='word_1_100' title='bbox 752 938 874 971; x_wconf 87' lang='lat' dir='ltr'>Forte:</span> <span class='ocrx_word' id='word_1_101' title='bbox 943 937 1025 970; x_wconf 88' lang='lat' dir='ltr'>bum</span> <span class='ocrx_word' id='word_1_102' title='bbox 1033 935 1247 982; x_wconf 85' lang='lat' dir='ltr'>ponendum.</span> <span class='ocrx_word' id='word_1_103' title='bbox 1259 935 1290 968; x_wconf 92' lang='lat' dir='ltr'>S.</span> 
     </span>
    </p>
   </div>
   <div class='ocr_carea' id='block_1_4' title="bbox 218 1066 1617 1085">
    <p class='ocr_par' dir='ltr' id='par_1_4' title="bbox 218 1066 1617 1085">
     <span class='ocr_line' id='line_1_13' title="bbox 218 1066 1617 1085; baseline -0.001 -6"><span class='ocrx_word' id='word_1_104' title='bbox 218 1069 683 1083; x_wconf 52' lang='lat' dir='ltr'>mumxmwxwvtnzzmzn</span> <span class='ocrx_word' id='word_1_105' title='bbox 689 1068 1370 1085; x_wconf 54' lang='grc' dir='ltr'>ιἋὶιἏιΜςΜιἋωιΜωιἏιΜι-ΛΑ</span> <span class='ocrx_word' id='word_1_106' title='bbox 1375 1066 1617 1079; x_wconf 54' lang='grc' dir='ltr'>νιπωςνιςΜ</span> 
     </span>
    </p>
   </div>
   <div class='ocr_carea' id='block_1_5' title="bbox 873 1197 951 1252">
    <p class='ocr_par' dir='ltr' id='par_1_5' title="bbox 873 1197 951 1252">
     <span class='ocr_line' id='line_1_14' title="bbox 873 1197 951 1252; baseline -0.013 0"><span class='ocrx_word' id='word_1_107' title='bbox 873 1197 951 1252; x_wconf 88' lang='grc' dir='ltr'>Χ.</span> 
     </span>
    </p>
   </div>
   <div class='ocr_carea' id='block_1_6' title="bbox 339 1346 1485 1514">
    <p class='ocr_par' dir='ltr' id='par_1_6' title="bbox 339 1346 1485 1514">
     <span class='ocr_line' id='line_1_15' title="bbox 339 1346 1485 1395; baseline -0.005 -11"><span class='ocrx_word' id='word_1_108' title='bbox 339 1349 526 1384; x_wconf 55' lang='grc' dir='ltr'><strong>Εγ611111111</strong></span> <span class='ocrx_word' id='word_1_109' title='bbox 547 1346 704 1383; x_wconf 84' lang='lat' dir='ltr'>actionis</span> <span class='ocrx_word' id='word_1_110' title='bbox 719 1346 970 1395; x_wconf 77' lang='lat' dir='ltr'>Bithynorum</span> <span class='ocrx_word' id='word_1_111' title='bbox 988 1353 1119 1382; x_wconf 86' lang='lat' dir='ltr'>contra</span> <span class='ocrx_word' id='word_1_112' title='bbox 1134 1348 1328 1382; x_wconf 77' lang='lat' dir='ltr'>Varenum</span> <span class='ocrx_word' id='word_1_113' title='bbox 1345 1351 1485 1380; x_wconf 87' lang='lat' dir='ltr'>narrat.</span> 
     </span>
     <span class='ocr_line' id='line_1_16' title="bbox 500 1484 1325 1514; baseline -0.002 0"><span class='ocrx_word' id='word_1_114' title='bbox 500 1485 539 1514; x_wconf 80' lang='lat' dir='ltr'>C·</span> <span class='ocrx_word' id='word_1_115' title='bbox 578 1485 811 1514; x_wconf 89' lang='lat' dir='ltr'><strong>PLINIUS</strong></span> <span class='ocrx_word' id='word_1_116' title='bbox 846 1485 1115 1514; x_wconf 81' lang='lat' dir='ltr'><strong>MACRINO</strong></span> <span class='ocrx_word' id='word_1_117' title='bbox 1151 1484 1255 1513; x_wconf 88' lang='lat' dir='ltr'>SUO</span> <span class='ocrx_word' id='word_1_118' title='bbox 1292 1484 1325 1512; x_wconf 76' lang='lat' dir='ltr'>S.</span> 
     </span>
    </p>
   </div>
   <div class='ocr_carea' id='block_1_7' title="bbox 160 1599 1617 2304">
    <p class='ocr_par' dir='ltr' id='par_1_7' title="bbox 273 1599 1615 1664">
     <span class='ocr_line' id='line_1_17' title="bbox 273 1599 1615 1664; baseline -0.004 -17"><span class='ocrx_word' id='word_1_119' title='bbox 273 1604 399 1659; x_wconf 75' lang='lat' dir='ltr'>QuiA</span> <span class='ocrx_word' id='word_1_120' title='bbox 415 1604 526 1663; x_wconf 88' lang='lat' dir='ltr'>ipse,</span> <span class='ocrx_word' id='word_1_121' title='bbox 542 1620 677 1663; x_wconf 88' lang='lat' dir='ltr'>quum</span> <span class='ocrx_word' id='word_1_122' title='bbox 694 1604 835 1664; x_wconf 86' lang='lat' dir='ltr'>prima</span> <span class='ocrx_word' id='word_1_123' title='bbox 850 1603 1080 1663; x_wconf 79' lang='lat' dir='ltr'>cognovi,j</span> <span class='ocrx_word' id='word_1_124' title='bbox 1089 1618 1252 1662; x_wconf 81' lang='lat' dir='ltr'>ungere</span> <span class='ocrx_word' id='word_1_125' title='bbox 1266 1610 1479 1655; x_wconf 80' lang='lat' dir='ltr'>extrema,</span> <span class='ocrx_word' id='word_1_126' title='bbox 1493 1599 1615 1660; x_wconf 87' lang='lat' dir='ltr'>quasi</span> 
     </span>
    </p>

    <p class='ocr_par' dir='ltr' id='par_1_8' title="bbox 208 1672 1615 1736">
     <span class='ocr_line' id='line_1_18' title="bbox 208 1672 1615 1736; baseline -0.004 -17"><span class='ocrx_word' id='word_1_127' title='bbox 208 1675 355 1719; x_wconf 82' lang='lat' dir='ltr'>avulsa</span> <span class='ocrx_word' id='word_1_128' title='bbox 368 1711 378 1729; x_wconf 92' lang='lat'>,</span> <span class='ocrx_word' id='word_1_129' title='bbox 394 1677 543 1736; x_wconf 88' lang='lat' dir='ltr'>cupio,</span> <span class='ocrx_word' id='word_1_130' title='bbox 558 1686 599 1719; x_wconf 90' lang='lat' dir='ltr'>te</span> <span class='ocrx_word' id='word_1_131' title='bbox 613 1693 788 1736; x_wconf 87' lang='lat' dir='ltr'>quoque</span> <span class='ocrx_word' id='word_1_132' title='bbox 806 1677 1007 1719; x_wconf 87' lang='lat' dir='ltr'>existimo</span> <span class='ocrx_word' id='word_1_133' title='bbox 1022 1674 1132 1718; x_wconf 84' lang='lat' dir='ltr'>velle</span> <span class='ocrx_word' id='word_1_134' title='bbox 1147 1674 1200 1717; x_wconf 85' lang='grc'>(16</span> <span class='ocrx_word' id='word_1_135' title='bbox 1214 1676 1392 1718; x_wconf 86' lang='lat' dir='ltr'>Vareno</span> <span class='ocrx_word' id='word_1_136' title='bbox 1407 1682 1448 1715; x_wconf 90' lang='lat' dir='ltr'>et</span> <span class='ocrx_word' id='word_1_137' title='bbox 1462 1672 1615 1732; x_wconf 84' lang='lat' dir='ltr'>Bithy-</span> 
     </span>
    </p>

    <p class='ocr_par' dir='ltr' id='par_1_9' title="bbox 160 1745 1616 1810">
     <span class='ocr_line' id='line_1_19' title="bbox 160 1745 1616 1810; baseline -0.003 -18"><span class='ocrx_word' id='word_1_138' title='bbox 160 1772 177 1792; x_wconf 78' lang='lat'>2</span> <span class='ocrx_word' id='word_1_139' title='bbox 208 1749 276 1791; x_wconf 90' lang='lat' dir='ltr'>nis</span> <span class='ocrx_word' id='word_1_140' title='bbox 304 1747 470 1807; x_wconf 85' lang='lat' dir='ltr'>reliqua</span> <span class='ocrx_word' id='word_1_141' title='bbox 495 1765 770 1810; x_wconf 81' lang='lat' dir='ltr'>cognoscere.</span> <span class='ocrx_word' id='word_1_142' title='bbox 797 1750 908 1792; x_wconf 86' lang='lat' dir='ltr'>Acta</span> <span class='ocrx_word' id='word_1_143' title='bbox 930 1764 1080 1792; x_wconf 84' lang='lat' dir='ltr'>caussa</span> <span class='ocrx_word' id='word_1_144' title='bbox 1100 1747 1204 1790; x_wconf 87' lang='lat' dir='ltr'>hinc</span> <span class='ocrx_word' id='word_1_145' title='bbox 1226 1764 1249 1789; x_wconf 87' lang='lat' dir='ltr'>a</span> <span class='ocrx_word' id='word_1_146' title='bbox 1269 1745 1495 1806; x_wconf 74' lang='lat' dir='ltr'>Polyaeno,</span> <span class='ocrx_word' id='word_1_147' title='bbox 1515 1745 1616 1788; x_wconf 85' lang='lat' dir='ltr'>inde</span> 
     </span>
    </p>

    <p class='ocr_par' dir='ltr' id='par_1_10' title="bbox 207 1819 1617 1882">
     <span class='ocr_line' id='line_1_20' title="bbox 207 1819 1617 1882; baseline -0.002 -17"><span class='ocrx_word' id='word_1_148' title='bbox 207 1838 232 1864; x_wconf 89' lang='lat' dir='ltr'>a</span> <span class='ocrx_word' id='word_1_149' title='bbox 257 1824 438 1882; x_wconf 80' lang='lat' dir='ltr'>Magno.</span> <span class='ocrx_word' id='word_1_150' title='bbox 469 1823 622 1866; x_wconf 83' lang='lat' dir='ltr'>Finitis</span> <span class='ocrx_word' id='word_1_151' title='bbox 645 1823 892 1866; x_wconf 85' lang='lat' dir='ltr'>actionibus</span> <span class='ocrx_word' id='word_1_152' title='bbox 918 1824 1083 1877; x_wconf 79' lang='lat' dir='ltr'>Caesar,</span> <span class='ocrx_word' id='word_1_153' title='bbox 1105 1824 1303 1873; x_wconf 72' lang='lat' dir='ltr'>Neutra,</span> <span class='ocrx_word' id='word_1_154' title='bbox 1321 1819 1483 1879; x_wconf 83' lang='lat' dir='ltr'>inquit,</span> <span class='ocrx_word' id='word_1_155' title='bbox 1502 1834 1617 1879; x_wconf 76' lang='lat' dir='ltr'>pars</span> 
     </span>
    </p>

    <p class='ocr_par' dir='ltr' id='par_1_11' title="bbox 207 1894 1617 1955">
     <span class='ocr_line' id='line_1_21' title="bbox 207 1894 1617 1955; baseline -0.004 -17"><span class='ocrx_word' id='word_1_156' title='bbox 207 1895 263 1938; x_wconf 82' lang='lat' dir='ltr'>de</span> <span class='ocrx_word' id='word_1_157' title='bbox 288 1912 415 1939; x_wconf 72' lang='lat' dir='ltr'>mora</span> <span class='ocrx_word' id='word_1_158' title='bbox 437 1908 656 1955; x_wconf 73' lang='lat' dir='ltr'>queretur.</span> <span class='ocrx_word' id='word_1_159' title='bbox 684 1897 729 1938; x_wconf 87' lang='lat' dir='ltr'><em>E</em></span> <span class='ocrx_word' id='word_1_160' title='bbox 731 1899 786 1939; x_wconf 77' lang='lat' dir='ltr'>rit</span> <span class='ocrx_word' id='word_1_161' title='bbox 811 1895 925 1939; x_wconf 70' lang='lat' dir='ltr'>milei</span> <span class='ocrx_word' id='word_1_162' title='bbox 945 1910 1087 1950; x_wconf 74' lang='lat' dir='ltr'>curce,</span> <span class='ocrx_word' id='word_1_163' title='bbox 1114 1895 1351 1955; x_wconf 70' lang='lat' dir='ltr'>explorare</span> <span class='ocrx_word' id='word_1_164' title='bbox 1368 1894 1617 1953; x_wconf 65' lang='lat' dir='ltr'>provinciae</span> 
     </span>
    </p>

    <p class='ocr_par' dir='ltr' id='par_1_12' title="bbox 164 1966 1617 2025">
     <span class='ocr_line' id='line_1_22' title="bbox 164 1966 1617 2025; baseline -0.004 -13"><span class='ocrx_word' id='word_1_165' title='bbox 164 1974 184 2007; x_wconf 82' lang='lat'>3</span> <span class='ocrx_word' id='word_1_166' title='bbox 207 1969 503 2012; x_wconf 74' lang='lat' dir='ltr'>voluntalem.</span> <span class='ocrx_word' id='word_1_167' title='bbox 525 1968 719 2012; x_wconf 85' lang='lat' dir='ltr'>Multum</span> <span class='ocrx_word' id='word_1_168' title='bbox 740 1969 919 2012; x_wconf 85' lang='lat' dir='ltr'>interim</span> <span class='ocrx_word' id='word_1_169' title='bbox 937 1971 1139 2013; x_wconf 84' lang='lat' dir='ltr'>Varenus</span> <span class='ocrx_word' id='word_1_170' title='bbox 1156 1966 1270 2010; x_wconf 88' lang='lat' dir='ltr'>tulit.</span> <span class='ocrx_word' id='word_1_171' title='bbox 1294 1967 1469 2010; x_wconf 85' lang='lat' dir='ltr'>Etenim</span> <span class='ocrx_word' id='word_1_172' title='bbox 1484 1981 1617 2025; x_wconf 89' lang='lat' dir='ltr'>quam</span> 
     </span>
    </p>

    <p class='ocr_par' dir='ltr' id='par_1_13' title="bbox 208 2041 1615 2101">
     <span class='ocr_line' id='line_1_23' title="bbox 208 2041 1615 2101; baseline -0.003 -17"><span class='ocrx_word' id='word_1_173' title='bbox 208 2041 391 2084; x_wconf 84' lang='lat' dir='ltr'>dubium</span> <span class='ocrx_word' id='word_1_174' title='bbox 417 2052 480 2085; x_wconf 87' lang='lat' dir='ltr'>est</span> <span class='ocrx_word' id='word_1_175' title='bbox 504 2059 559 2085; x_wconf 88' lang='lat' dir='ltr'>an</span> <span class='ocrx_word' id='word_1_176' title='bbox 581 2043 740 2085; x_wconf 89' lang='lat' dir='ltr'>merito</span> <span class='ocrx_word' id='word_1_177' title='bbox 755 2052 1001 2098; x_wconf 78' lang='lat' dir='ltr'>accusetur,</span> <span class='ocrx_word' id='word_1_178' title='bbox 1026 2043 1100 2101; x_wconf 86' lang='lat' dir='ltr'>qui</span> <span class='ocrx_word' id='word_1_179' title='bbox 1122 2058 1175 2085; x_wconf 89' lang='lat' dir='ltr'>an</span> <span class='ocrx_word' id='word_1_180' title='bbox 1191 2041 1372 2084; x_wconf 91' lang='lat' dir='ltr'>omnino</span> <span class='ocrx_word' id='word_1_181' title='bbox 1385 2048 1615 2082; x_wconf 82' lang='lat' dir='ltr'>accusetur</span> 
     </span>
    </p>

    <p class='ocr_par' dir='ltr' id='par_1_14' title="bbox 207 2111 1614 2176">
     <span class='ocr_line' id='line_1_24' title="bbox 207 2111 1614 2176; baseline -0.003 -19"><span class='ocrx_word' id='word_1_182' title='bbox 207 2116 424 2158; x_wconf 88' lang='lat' dir='ltr'>incertum</span> <span class='ocrx_word' id='word_1_183' title='bbox 451 2115 543 2158; x_wconf 78' lang='lat' dir='ltr'>est?</span> <span class='ocrx_word' id='word_1_184' title='bbox 565 2118 793 2175; x_wconf 83' lang='lat' dir='ltr'>Superest,</span> <span class='ocrx_word' id='word_1_185' title='bbox 819 2133 873 2159; x_wconf 89' lang='lat' dir='ltr'>ne</span> <span class='ocrx_word' id='word_1_186' title='bbox 899 2133 1048 2159; x_wconf 85' lang='lat' dir='ltr'>rursus</span> <span class='ocrx_word' id='word_1_187' title='bbox 1072 2114 1326 2176; x_wconf 80' lang='lat' dir='ltr'>provinciae,</span> <span class='ocrx_word' id='word_1_188' title='bbox 1353 2112 1471 2173; x_wconf 89' lang='lat' dir='ltr'>quod</span> <span class='ocrx_word' id='word_1_189' title='bbox 1496 2111 1614 2154; x_wconf 86' lang='lat' dir='ltr'>dam-</span> 
     </span>
    </p>

    <p class='ocr_par' dir='ltr' id='par_1_15' title="bbox 208 2186 1615 2304">
     <span class='ocr_line' id='line_1_25' title="bbox 208 2186 1615 2253; baseline -0.002 -22"><span class='ocrx_word' id='word_1_190' title='bbox 208 2205 333 2232; x_wconf 87' lang='lat' dir='ltr'>nasse</span> <span class='ocrx_word' id='word_1_191' title='bbox 367 2188 546 2244; x_wconf 85' lang='lat' dir='ltr'>dicitur,</span> <span class='ocrx_word' id='word_1_192' title='bbox 575 2188 766 2250; x_wconf 84' lang='lat' dir='ltr'>placeat,</span> <span class='ocrx_word' id='word_1_193' title='bbox 795 2199 984 2253; x_wconf 83' lang='lat' dir='ltr'>agatque</span> <span class='ocrx_word' id='word_1_194' title='bbox 1015 2189 1319 2250; x_wconf 82' lang='lat' dir='ltr'>poenitentiam</span> <span class='ocrx_word' id='word_1_195' title='bbox 1349 2186 1615 2246; x_wconf 73' lang='lat' dir='ltr'>poenitentiae</span> 
     </span>
     <span class='ocr_line' id='line_1_26' title="bbox 209 2259 458 2304; baseline 0.004 -1"><span class='ocrx_word' id='word_1_196' title='bbox 209 2277 309 2304; x_wconf 76' lang='lat' dir='ltr'>suae.</span> <span class='ocrx_word' id='word_1_197' title='bbox 335 2259 458 2304; x_wconf 82' lang='lat' dir='ltr'>Vale.</span> 
     </span>
    </p>
   </div>
   <div class='ocr_carea' id='block_1_8' title="bbox 208 2390 1614 2639">
    <p class='ocr_par' dir='ltr' id='par_1_16' title="bbox 208 2390 1614 2639">
     <span class='ocr_line' id='line_1_27' title="bbox 254 2390 1611 2439; baseline -0.002 -14"><span class='ocrx_word' id='word_1_198' title='bbox 254 2394 298 2427; x_wconf 83' lang='lat' dir='ltr'>X.</span> <span class='ocrx_word' id='word_1_199' title='bbox 317 2406 346 2426; x_wconf 85' lang='lat'>1.</span> <span class='ocrx_word' id='word_1_200' title='bbox 363 2396 445 2435; x_wconf 77' lang='lat' dir='ltr'>Quia</span> <span class='ocrx_word' id='word_1_201' title='bbox 459 2396 523 2436; x_wconf 77' lang='lat' dir='ltr'>ipse</span> <span class='ocrx_word' id='word_1_202' title='bbox 532 2416 655 2425; x_wconf 86' lang='grc'><strong><em>......</em></strong></span> <span class='ocrx_word' id='word_1_203' title='bbox 666 2396 768 2436; x_wconf 77' lang='lat' dir='ltr'>cupio.</span> <span class='ocrx_word' id='word_1_204' title='bbox 780 2395 880 2427; x_wconf 84' lang='lat' dir='ltr'>Cata·</span> <span class='ocrx_word' id='word_1_205' title='bbox 943 2394 991 2435; x_wconf 91' lang='lat' dir='ltr'>V,</span> <span class='ocrx_word' id='word_1_206' title='bbox 1007 2407 1062 2434; x_wconf 85' lang='lat'>20,</span> <span class='ocrx_word' id='word_1_207' title='bbox 1078 2393 1224 2439; x_wconf 80' lang='lat' dir='ltr'>perrexit</span> <span class='ocrx_word' id='word_1_208' title='bbox 1234 2393 1285 2425; x_wconf 93' lang='lat' dir='ltr'>VI</span> <span class='ocrx_word' id='word_1_209' title='bbox 1299 2400 1330 2425; x_wconf 89' lang='lat' dir='ltr'>et</span> <span class='ocrx_word' id='word_1_210' title='bbox 1343 2393 1403 2433; x_wconf 82' lang='lat'>133</span> <span class='ocrx_word' id='word_1_211' title='bbox 1422 2391 1549 2431; x_wconf 86' lang='lat' dir='ltr'>VII,6.</span> <span class='ocrx_word' id='word_1_212' title='bbox 1568 2390 1611 2423; x_wconf 91' lang='lat' dir='ltr'>G.</span> 
     </span>
     <span class='ocr_line' id='line_1_28' title="bbox 208 2443 1614 2491; baseline -0.002 -14"><span class='ocrx_word' id='word_1_213' title='bbox 208 2458 302 2478; x_wconf 85' lang='lat' dir='ltr'>naeus</span> <span class='ocrx_word' id='word_1_214' title='bbox 327 2454 358 2477; x_wconf 87' lang='lat' dir='ltr'>et</span> <span class='ocrx_word' id='word_1_215' title='bbox 381 2445 552 2491; x_wconf 86' lang='lat' dir='ltr'>Gierigius</span> <span class='ocrx_word' id='word_1_216' title='bbox 572 2444 615 2478; x_wconf 86' lang='lat' dir='ltr'>ad</span> <span class='ocrx_word' id='word_1_217' title='bbox 640 2458 677 2478; x_wconf 83' lang='lat' dir='ltr'>ea</span> <span class='ocrx_word' id='word_1_218' title='bbox 702 2447 877 2488; x_wconf 68' lang='lat' dir='ltr'>referunt,</span> <span class='ocrx_word' id='word_1_219' title='bbox 992 2460 1023 2479; x_wconf 85' lang='lat'>2.</span> <span class='ocrx_word' id='word_1_220' title='bbox 1044 2448 1220 2478; x_wconf 67' lang='lat' dir='ltr'>Provincioe</span> <span class='ocrx_word' id='word_1_221' title='bbox 1239 2448 1450 2477; x_wconf 74' lang='lat' dir='ltr'>voluntatem.</span> <span class='ocrx_word' id='word_1_222' title='bbox 1471 2443 1520 2475; x_wconf 90' lang='lat' dir='ltr'>De</span> <span class='ocrx_word' id='word_1_223' title='bbox 1545 2455 1614 2487; x_wconf 87' lang='lat' dir='ltr'>qua</span> 
     </span>
     <span class='ocr_line' id='line_1_29' title="bbox 209 2495 1614 2544; baseline -0.003 -14"><span class='ocrx_word' id='word_1_224' title='bbox 209 2511 284 2543; x_wconf 82' lang='lat' dir='ltr'>quae</span> <span class='ocrx_word' id='word_1_225' title='bbox 297 2498 427 2531; x_wconf 83' lang='lat' dir='ltr'>Plinius</span> <span class='ocrx_word' id='word_1_226' title='bbox 443 2506 542 2531; x_wconf 82' lang='lat' dir='ltr'>antea</span> <span class='ocrx_word' id='word_1_227' title='bbox 556 2497 600 2530; x_wconf 90' lang='lat' dir='ltr'>de</span> <span class='ocrx_word' id='word_1_228' title='bbox 614 2511 732 2531; x_wconf 70' lang='lat' dir='ltr'>caussa</span> <span class='ocrx_word' id='word_1_229' title='bbox 748 2499 878 2532; x_wconf 87' lang='lat' dir='ltr'>Vareni</span> <span class='ocrx_word' id='word_1_230' title='bbox 943 2500 1088 2533; x_wconf 80' lang='lat' dir='ltr'>dubium</span> <span class='ocrx_word' id='word_1_231' title='bbox 1099 2507 1161 2539; x_wconf 82' lang='lat' dir='ltr'>est,</span> <span class='ocrx_word' id='word_1_232' title='bbox 1174 2510 1282 2544; x_wconf 86' lang='lat' dir='ltr'>quum</span> <span class='ocrx_word' id='word_1_233' title='bbox 1293 2496 1393 2542; x_wconf 87' lang='lat' dir='ltr'>legati</span> <span class='ocrx_word' id='word_1_234' title='bbox 1404 2495 1614 2540; x_wconf 86' lang='lat' dir='ltr'>etliteraepo-</span> 
     </span>
     <span class='ocr_line' id='line_1_30' title="bbox 208 2546 1609 2597; baseline -0.001 -16"><span class='ocrx_word' id='word_1_235' title='bbox 208 2550 400 2595; x_wconf 84' lang='lat' dir='ltr'>scripserat.</span> <span class='ocrx_word' id='word_1_236' title='bbox 412 2552 524 2583; x_wconf 85' lang='lat' dir='ltr'>Immo</span> <span class='ocrx_word' id='word_1_237' title='bbox 537 2559 587 2584; x_wconf 87' lang='lat' dir='ltr'>est</span> <span class='ocrx_word' id='word_1_238' title='bbox 599 2552 766 2584; x_wconf 75' lang='lat' dir='ltr'>sententia</span> <span class='ocrx_word' id='word_1_239' title='bbox 779 2565 878 2597; x_wconf 80' lang='lat' dir='ltr'>gene·</span> <span class='ocrx_word' id='word_1_240' title='bbox 943 2553 1101 2586; x_wconf 79' lang='lat' dir='ltr'>steriores</span> <span class='ocrx_word' id='word_1_241' title='bbox 1111 2560 1231 2585; x_wconf 83' lang='lat' dir='ltr'>contra</span> <span class='ocrx_word' id='word_1_242' title='bbox 1243 2549 1359 2583; x_wconf 87' lang='lat' dir='ltr'>dicant</span> <span class='ocrx_word' id='word_1_243' title='bbox 1369 2548 1553 2594; x_wconf 85' lang='lat' dir='ltr'>prioribus.</span> <span class='ocrx_word' id='word_1_244' title='bbox 1566 2546 1609 2580; x_wconf 88' lang='lat' dir='ltr'>G.</span> 
     </span>
     <span class='ocr_line' id='line_1_31' title="bbox 210 2598 1613 2639; baseline -0.006 1"><span class='ocrx_word' id='word_1_245' title='bbox 210 2602 304 2635; x_wconf 77' lang='lat' dir='ltr'>ralis.</span> <span class='ocrx_word' id='word_1_246' title='bbox 328 2603 362 2636; x_wconf 87' lang='lat' dir='ltr'>S·</span> <span class='ocrx_word' id='word_1_247' title='bbox 991 2606 1023 2639; x_wconf 82' lang='lat'>3.</span> <span class='ocrx_word' id='word_1_248' title='bbox 1041 2608 1178 2637; x_wconf 74' lang='lat' dir='ltr'>Maleum</span> <span class='ocrx_word' id='word_1_249' title='bbox 1187 2628 1286 2636; x_wconf 90' lang='grc'><strong>.....</strong></span> <span class='ocrx_word' id='word_1_250' title='bbox 1298 2603 1377 2633; x_wconf 80' lang='lat' dir='ltr'>tulit.</span> <span class='ocrx_word' id='word_1_251' title='bbox 1391 2599 1541 2633; x_wconf 85' lang='lat' dir='ltr'>Multum</span> <span class='ocrx_word' id='word_1_252' title='bbox 1556 2598 1613 2631; x_wconf 86' lang='lat' dir='ltr'>hic</span> 
     </span>
    </p>
   </div>
   <div class='ocr_carea' id='block_1_9' title="bbox 254 2651 1446 2702">
    <p class='ocr_par' dir='ltr' id='par_1_17' title="bbox 254 2651 1446 2702">
     <span class='ocr_line' id='line_1_32' title="bbox 254 2651 1446 2702; baseline 0.001 -15"><span class='ocrx_word' id='word_1_253' title='bbox 254 2660 356 2687; x_wconf 79' lang='lat' dir='ltr'>——De</span> <span class='ocrx_word' id='word_1_254' title='bbox 368 2661 493 2689; x_wconf 79' lang='lat' dir='ltr'>Vareno</span> <span class='ocrx_word' id='word_1_255' title='bbox 512 2668 542 2690; x_wconf 80' lang='lat' dir='ltr'>et</span> <span class='ocrx_word' id='word_1_256' title='bbox 554 2659 707 2699; x_wconf 60' lang='lat' dir='ltr'>Bithynis.</span> <span class='ocrx_word' id='word_1_257' title='bbox 722 2658 877 2702; x_wconf 78' lang='lat' dir='ltr'>Coeperat</span> <span class='ocrx_word' id='word_1_258' title='bbox 941 2666 1083 2692; x_wconf 79' lang='lat' dir='ltr'>eventus</span> <span class='ocrx_word' id='word_1_259' title='bbox 1098 2659 1238 2690; x_wconf 87' lang='lat' dir='ltr'>Vareno</span> <span class='ocrx_word' id='word_1_260' title='bbox 1255 2653 1399 2700; x_wconf 84' lang='lat' dir='ltr'>profuit·</span> <span class='ocrx_word' id='word_1_261' title='bbox 1412 2651 1446 2685; x_wconf 85' lang='lat' dir='ltr'>S-</span> 
     </span>
    </p>
   </div>
  </div>
 </body>
</html>
