1757 2880
258 156 371 183 xvni
792 138 1145 181 PRAEFATIO

321 238 463 300 Epist.
484 239 571 293 VI,
599 233 674 291 15,
701 235 749 289 3.
763 236 848 295 jus
874 234 1026 279 civile.
1050 271 1056 279 .
1089 271 1097 278 .
1129 271 1137 280 .
1163 236 1422 298 respondet.
1442 239 1659 284 'Notanda

257 323 560 369 constructio.
587 324 644 366 In
664 322 811 367 Cicer.
833 320 889 364 de
913 322 1043 365 Orat.
1067 324 1111 377 I,
1138 319 1216 377 45,
1236 322 1499 367 revocanda
1521 323 1658 368 lectio

253 409 449 469 antiqua
473 425 480 450 :
509 411 555 450 in
582 404 912 468 respondendo
925 405 1035 464 jare
1060 422 1071 448 .·
1099 403 1182 449 ubi
1208 405 1326 450 male
1346 408 1590 452 Ernestius
1610 411 1657 452 in

252 490 582 554 respondendo
601 489 802 550 dejure,
824 505 1040 551 quaerens
1058 489 1107 533 in
1121 499 1235 534 nota
1254 489 1486 550 subjecta:
1500 491 1657 548 «Quid

252 593 399 641 porro
437 585 532 627 est,
563 578 610 619 in
646 572 970 636 respondendo
991 574 1135 634 jare?
1164 583 1216 618 ut
1250 573 1427 636 vulgati
1465 573 1653 620 habent.

252 663 358 725 quis
386 662 449 706 ita
477 659 654 705 dixitP»
680 659 958 704 Ciceronem
981 658 1134 720 ipsum
1159 666 1205 702 et
1235 656 1343 702 alibi
1369 659 1432 702 ita
1460 657 1629 704 dixisse
1645 696 1656 715 ,

253 755 438 809 poterat
465 762 523 790 ex
555 743 695 789 Clave
725 758 807 788 sua
835 742 1026 787 discere.
1057 746 1216 787 Horat.
1252 743 1386 805 epist.
1415 746 1458 797 I,
1489 742 1539 799 3,
1567 743 1651 798 23,

253 847 319 893 sq.
348 847 429 875 seu
449 833 593 874 civica.
605 829 727 888 jara
753 826 1034 889 respondere
1050 843 1218 888 paras.

312 915 548 976 Epist.VI‚
578 929 655 975 19,
686 911 727 957 5.
752 910 887 956 Conf.
910 913 1046 967 VIII,
1076 928 1117 966 2,
1145 925 1180 955 1.
1206 911 1525 956 Vendideram
1547 915 1654 956 vin-

249 999 429 1043 demtus
444 1000 651 1042 certatim
664 995 1033 1056 negotiatoribus
1047 994 1318 1040 ementibus.
1335 994 1474 1040 Unde
1491 995 1654 1058 liquet,

247 1086 457 1127 certatim
482 1097 590 1126 curn
617 1084 864 1142 emptitarzt
881 1079 1182 1141 jungendum
1208 1095 1322 1125 esse.

310 1170 393 1228 Ep.
409 1168 540 1219 VIII,
562 1162 587 1208 5
601 1200 612 1219 ,
634 1181 658 1208 2
675 1199 686 1216 ,
698 1163 926 1221 fruendis
951 1162 1284 1225 voluptatibus.
1303 1165 1464 1221 Quum
1495 1166 1544 1209 in
1557 1167 1651 1210 MS.

245 1250 442 1305 fruendi
459 1247 778 1311 voluptatibus
802 1248 1087 1309 reperiatur,
1114 1246 1297 1292 Gudius
1324 1247 1382 1292 ad
1406 1247 1584 1294 Phaedr.
1606 1251 1654 1304 4,

250 1334 307 1379 25
321 1370 332 1388 ,
354 1331 663 1395 probabiliter
687 1331 876 1392 corrigit
882 1331 1105 1389 fruendis
1127 1330 1207 1375 dia
1225 1330 1556 1394 voluptatibus.

309 1419 454 1480 Epist.
484 1420 546 1466 X,
588 1432 695 1476 119,
728 1432 765 1459 1.
792 1418 862 1460 De
888 1416 1217 1460 certaminibus
1244 1416 1479 1462 iselasticis
1505 1435 1653 1480 quum

248 1502 402 1547 obiter
423 1503 591 1564 egisset
609 1500 887 1545 Bouhierius
903 1535 914 1556 ,
936 1500 1008 1544 vir
1029 1517 1137 1545 vere
1160 1500 1374 1558 illustris,
1392 1502 1441 1546 in
1467 1507 1653 1566 Hagen-

246 1585 408 1632 buchii
435 1586 568 1648 epist.
593 1584 837 1647 epigraph.
866 1600 971 1646 pag.
1000 1601 1049 1645 9,
1071 1583 1266 1629 laudans
1292 1585 1450 1630 Iselini
1476 1586 1533 1630 de
1561 1586 1651 1631 illis

249 1669 625 1715 dissertationem
658 1669 706 1712 in
739 1669 854 1712 Hist.
885 1668 1025 1713 Acad.
1052 1669 1268 1731 Inscript.
1296 1671 1431 1714 Paris.
1452 1679 1566 1715 tom.
1593 1675 1648 1725 V,

247 1770 347 1816 pag.
378 1770 483 1815 277,
511 1754 576 1797 sic
595 1752 748 1815 pergit
775 1768 877 1814 pag.
910 1768 990 1809 10,
1022 1769 1120 1814 sq.:

309 1840 407 1882 «Ce
438 1853 530 1898 que
549 1837 595 1896 je
621 1837 753 1881 viens
780 1836 838 1880 de
869 1836 968 1881 dire
995 1836 1076 1882 des
1101 1837 1215 1898 jeux
1248 1838 1546 1901 Iselastiques
1574 1856 1649 1884 me

246 1922 406 1967 donne
428 1921 521 1966 lieu
539 1920 596 1965 de
617 1937 849 1983 proposer
868 1938 964 1966 une
984 1922 1257 1983 conjecture
1278 1940 1358 1968 sur
1376 1941 1442 1968 un
1463 1924 1650 1970 endroit

247 2005 538 2051 tres-obscur
567 2004 707 2049 d'une
735 2006 871 2050 lettre
899 2005 961 2049 du
988 2007 1134 2066 jeune
1161 2007 1290 2052 Pline
1316 2010 1341 2052 a
1368 2008 1650 2071 l’empereur

245 2091 434 2151 Trajan,
458 2093 520 2144 X,
558 2106 666 2151 119,
697 2089 815 2133 dont
846 2090 967 2134 voici
993 2090 1036 2134 le
1069 2091 1199 2151 sujet.

309 2172 555 2218 «Pendant
581 2188 673 2234 que
699 2173 827 2217 Pline
858 2175 1135 2233 gouvernait
1167 2175 1209 2218 la
1238 2174 1477 2236 Bithynie,
1512 2176 1644 2237 quel-

248 2275 365 2321 ques
397 2257 595 2302 athletes
621 2257 679 2301 de
708 2266 828 2301 cette
856 2258 1102 2319 province,
1130 2259 1212 2319 qui
1239 2259 1412 2303 etaient
1446 2276 1645 2304 revenus

244 2345 530 2405 vainqueurs
556 2341 667 2385 d'un
693 2342 773 2401 jeu
799 2341 855 2385 de
883 2352 1004 2387 cette
1031 2343 1196 2405 espece
1213 2380 1223 2397 ,
1255 2342 1595 2389 demanderent
1619 2347 1644 2389 a

244 2428 369 2488 jouir
403 2427 461 2472 de
497 2427 621 2471 leurs
657 2426 932 2488 privileges,
973 2443 1069 2471 non
1123 2428 1386 2474 seulement
1437 2428 1502 2472 du
1533 2428 1643 2488 jour

243 2511 378 2572 qu'ils
405 2511 579 2555 etaient
604 2513 852 2554 retourne's
876 2511 1191 2573 triomphants
1216 2529 1275 2557 en
1295 2513 1419 2557 leurs
1444 2514 1640 2574 patries,

246 2596 359 2639 mais
397 2594 548 2638 meme
593 2593 650 2637 (16
687 2592 807 2637 celui
846 2594 982 2654 qu'ils
1024 2596 1206 2641 avaient
1245 2600 1321 2641 ete
1357 2600 1637 2642 couronnes.
