1742 2989
601 211 953 253 EPIsTOLA
989 212 1074 253 Xl.

1449 227 1534 271 227

138 293 270 348 stola,
286 294 415 337 vertit
438 308 482 335 se
502 308 551 335 ac
571 290 796 352 recollegit
812 309 823 347 3
842 299 1066 352 qutimque
1086 292 1124 335 ei
1147 291 1340 335 carnifex
1358 307 1538 334 manum

138 366 283 421 daret,
319 374 513 409 aversata
546 374 634 420 est,
672 373 715 408 et
749 363 943 419 resiluit3
974 365 1224 424 foedumque
1260 365 1540 424 contagium,

137 439 263 499 quasi
281 438 408 500 plane
429 455 453 482 a
476 447 592 482 casto
612 455 811 499 puroque
832 455 1034 499 corpore⁷
1051 438 1286 482 novissima
1310 438 1540 481 sanctitate

138 511 312 572 rejecit;
330 510 621 570 omnibusque
639 510 833 552 numeris
850 508 1050 569 pudoris,
1069 512 1220 557 πολλὴν
1239 510 1424 567 πρόνοιαν
1440 507 1538 567 εἶχεν

137 586 343 645 εὐσχῆμως
364 590 510 628 πεσεῖν.
534 585 747 627 Praeterea
768 581 914 636 Celer,
940 598 1071 643 eques
1098 598 1327 637 romanus⁷
1347 581 1418 625 cui
1439 582 1542 624 Cor-

137 656 250 701 nelia
274 657 583 717 objiciebatur,
609 673 746 717 quum
774 657 818 699 in
847 656 1024 700 comitio
1051 656 1183 716 virgis
1215 655 1475 709 caederetur,
1496 655 1540 697 in

136 730 218 774 hac
241 747 347 774 voce
371 731 645 791 perstiterat:
664 729 928 787 Qal'dfecc'?
954 729 1201 787 Nz'lzz'lseci.
1225 727 1418 772 Ardebat
1438 743 1542 787 ergo

134 882 246 903 sermo
268 870 332 910 sit,
354 880 537 901 contactum
555 881 637 901 vero
652 893 660 908 ‚
682 868 741 900 ubi
761 867 803 899 de

133 922 349 968 contagione.
378 923 466 955 Nam
491 930 525 955 et
551 919 696 954 Ovidius
719 919 804 952 dixit

134 975 276 1008 Metam.
293 974 433 1007 lib.VII
447 999 456 1014 ‚
470 987 502 1006 v.
524 975 589 1015 239
604 998 612 1013 ‚
627 975 806 1016 refugitque

132 1029 243 1059 viriles
255 1037 421 1059 contactus
435 1040 446 1058 .·
463 1035 495 1058 et
509 1026 542 1057 V
545 1025 634 1071 irgil.
649 1027 729 1057 AEn.
744 1025 802 1057 lib.

134 1080 186 1112 III
199 1104 208 1120 ‚
228 1092 261 1112 v.
286 1091 349 1123 227
364 1104 373 1118 ,
393 1088 606 1121 contactuque
625 1079 805 1120 omniafie-

134 1134 215 1164 dant
226 1134 389 1164 immundo
400 1145 412 1169 ;
425 1130 537 1163 Tacit.
553 1130 677 1162 Annal.
690 1129 749 1162 lib.
765 1129 781 1160 I
795 1154 803 1168 ‚

134 1196 213 1230 cap.
226 1184 362 1216 XLIII:
376 1185 536 1215 Discedite
551 1195 570 1213 ιι
587 1191 749 1219 contacta,
767 1195 806 1212 ac

132 1239 263 1268 dividite
277 1238 441 1274 turbidos‚·
454 1235 638 1269 Columell.
655 1234 717 1266 lib.
733 1235 782 1266 XI
796 1259 805 1273 ‚

131 1300 196 1334 cap
213 1300 221 1321 :
236 1289 268 1322 3,
287 1292 375 1320 Nam
384 1291 460 1332 jere
471 1297 623 1320 contactu
638 1289 703 1330 ejus
722 1286 808 1330 [mu-

131 1341 244 1386 lieris]
265 1345 473 1385 languescunt
491 1342 685 1371 incrementa
700 1341 808 1371 viren-

130 1396 231 1433 cium;
245 1394 377 1426 Plinius
393 1393 453 1426 lib.
470 1393 623 1424 XXXIII
638 1417 647 1431 ‚
665 1404 740 1437 cap.
765 1404 782 1436 7
798 1403 806 1431 ;

133 1454 218 1480 extr.
238 1449 320 1479 Solis
342 1456 441 1489 atque
460 1448 545 1478 lunae
563 1454 729 1476 contactus
749 1446 807 1476 ini-

130 1501 228 1531 micus
265 1498 394 1544 [minio
406 1499 416 1543 ]
427 1524 435 1532 .
472 1498 589 1538 Quare
622 1507 807 1530 contactum

129 1552 262 1585 retineo
276 1577 285 1593 ‚
305 1551 402 1597 quod
419 1560 454 1585 et
471 1552 507 1584 in
521 1550 649 1584 Medic.
671 1558 733 1583 est.
756 1550 800 1582 H.

128 1625 174 1629 —
187 1604 279 1638 Add.
301 1604 464 1637 eximium
481 1602 782 1648 Lexicographum
795 1628 803 1643 ,

128 1659 205 1702 AEg.
222 1657 458 1690 Forcellinum
472 1656 508 1688 in
522 1669 555 1688 v.
575 1666 754 1688 contactus.
768 1656 802 1688 S.

128 1730 173 1733 —
183 1711 393 1752 Quasiplane
402 1722 424 1740 α
436 1719 536 1740 casto.
549 1707 644 1748 Quid
660 1708 687 1740 si
697 1715 807 1740 trans-

130 1762 246 1806 positis
261 1761 373 1794 verbis
388 1761 526 1794 duobus
541 1760 710 1805 legamus,
726 1774 807 1802 qua-

127 1816 185 1845 sia
197 1816 542 1856 castoplanepuroque
550 1825 694 1855 corpore.
705 1813 807 1846 Certe

127 1868 147 1902 ἡ
158 1869 260 1908 plane
275 1865 320 1898 ad
336 1875 424 1897 casto
443 1864 628 1898 referenda
644 1872 693 1897 est
708 1865 806 1898 haud

130 1916 249 1950 dubie.
270 1918 314 1950 Et
332 1930 438 1963 quam
460 1918 663 1963 frequentes
684 1918 751 1950 sint
771 1918 806 1950 in

129 1970 228 2003 libris
254 1971 405 2017 antiquis
425 1970 461 2003 id
487 1983 596 2015 genus
618 1971 807 2015 transposi-

128 2022 237 2056 tiones
248 2049 258 2065 ‚
268 2036 371 2057 nemo
385 2024 534 2068 ignorat.
547 2022 591 2056 G.
603 2043 648 2047 -—
661 2022 781 2055 Malim
797 2035 804 2054 :

130 2075 251 2120 «plane
261 2077 361 2121 quasi
371 2083 495 2109 aeasto
503 2100 512 2114 ‚
524 2083 589 2109 etc.
597 2092 610 2104 »
623 2075 697 2108 Cic.
706 2076 804 2108 Orat.

129 2128 182 2167 II;
195 2137 315 2162 eontra
322 2129 475 2169 Rullum,
485 2142 516 2162 c.
527 2129 650 2161 XVIII
666 2139 673 2160 τ
687 2129 807 2173 «plane

128 2181 228 2225 quasi
243 2193 282 2214 ea
294 2194 349 2214 res
362 2181 459 2214 vobis
472 2181 574 2215 saluti
590 2181 708 2214 futura
725 2181 778 2214 sit.
792 2198 804 2210 u

129 2232 271 2273 Florus,
282 2235 312 2274 I,
330 2247 388 2274 10,
402 2237 439 2267 8:
456 2251 469 2262 ‹-
483 2235 586 2280 plane
597 2234 696 2279 quasi
711 2233 808 2266 adul-

129 2292 242 2318 terum
253 2285 297 2319 ad
309 2286 438 2320 inferos
445 2299 555 2332 usque
567 2294 782 2333 sequere-tum
793 2303 806 2314 »

130 2338 145 2369 ἰ
157 2362 165 2378 ,
185 2350 197 2370 1
209 2350 221 2370 1
236 2363 245 2379 ‚
263 2343 282 2378 4
306 2350 312 2371 z
333 2355 346 2368 ι
356 2338 509 2372 reddidit
521 2341 625 2385 plane
635 2340 733 2386 quasi
746 2340 805 2372 sti-

128 2386 298 2436 pendium
311 2392 608 2425 commilitonibus
622 2391 699 2425 diis.
715 2409 728 2421 »
741 2392 806 2424 Pro

129 2456 171 2476 eo
191 2443 274 2476 alibi
289 2457 420 2487 prorsus
440 2447 545 2488 quasi.
567 2445 693 2477 Justin.
712 2446 749 2485 Ι,
771 2456 806 2487 7,

134 2498 196 2529 16:
217 2512 230 2525 α
242 2509 384 2542 prorsus
399 2497 499 2542 quasi
517 2496 691 2529 silentium
709 2496 806 2529 dam-

131 2559 215 2582 num
233 2548 506 2594 pulchritudinis
526 2557 625 2582 esset.
647 2566 659 2577 »
679 2550 713 2583 S.

182 2604 366 2640 -Πολλὴν
384 2605 548 2648 πρόνοιαν.
561 2603 691 2635 Versus
706 2603 807 2635 Euri-

135 2652 220 2696 pidis
231 2654 267 2686 in
278 2654 433 2688 Hecuba.
452 2655 682 2700 Inspiciamus
698 2663 805 2688 totam

133 2703 307 2749 Talthybii
332 2707 375 2740 de
394 2707 517 2740 ultimo
541 2716 620 2741 actu
648 2708 723 2740 vitae
745 2708 806 2740 Po-

871 868 1001 913 lyxenae
1014 868 1247 900 narrationem
1260 879 1348 900 vers.
1367 866 1447 900 568:
1466 859 1494 898 Η
1506 864 1543 899 δὲ

871 922 924 955 καὶ
951 916 1131 961 θϊὴσκουσ’,
1143 922 1227 966 ὅμως
1250 922 1371 957 Πολλὴν
1394 922 1541 966 πρόνοιαν

871 970 950 1017 εἶχεν
969 974 1136 1019 εὐσχήμωτ,
1153 977 1262 1008 πεσεῖν
1275 999 1284 1015 ,
1300 975 1460 1018 Κρύπτειν
1478 977 1504 1006 θ’
1524 975 1543 1006 ὁὶ

870 1028 1018 1072 κρύπτειν
1028 1028 1151 1072 ἅμματ’
1162 1028 1297 1071 ἀρσένων
1306 1026 1546 1071 [peciit-Trans-

871 1078 947 1109 tulit
967 1076 1068 1110 Ovid.
1087 1078 1230 1110 Metam.
1249 1078 1335 1110 XIII
1348 1103 1356 1118 ‚
1378 1078 1444 1122 479
1457 1102 1465 1116 ,
1485 1078 1544 1109 ubi

869 1130 948 1162 vide
959 1138 1074 1163 notam
1087 1143 1095 1169 3
1110 1131 1175 1163 vol.
1188 1130 1254 1169 IV,
1269 1142 1301 1175 p.
1319 1129 1384 1173 394
1395 1156 1402 1168 ‚
1420 1137 1545 1162 nostrat

871 1182 961 1214 Edit.

871 1246 944 1270 Tunc
954 1256 1058 1280 quoque
1071 1256 1129 1271 cura
1144 1248 1191 1271 suit
1202 1253 1286 1280 partes
1298 1247 1380 1272 velare
1395 1248 1530 1281 tegendas,

872 1285 960 1317 Quum
975 1288 1087 1317 caderet,
1098 1289 1212 1321 castique
1224 1289 1301 1313 decus
1314 1297 1415 1312 servare
1430 1291 1545 1322 pudoris.

872 1340 922 1372 De
942 1340 1041 1372 simili
1061 1339 1194 1373 decoris
1216 1348 1250 1373 et
1269 1340 1485 1373 verecundia}
1509 1342 1543 1375 in

872 1392 1089 1425 moribundis
1102 1392 1216 1425 studio
1228 1392 1329 1437 plura
1343 1393 1400 1426 hic
1413 1395 1546 1426 notavit

872 1444 1009 1477 Curtius
1035 1456 1042 1476 1
1068 1458 1102 1477 v.
1128 1458 1162 1490 g.
1189 1444 1232 1477 de
1252 1446 1415 1478 Lucretia
1439 1446 1542 1479 Ovid.

871 1496 964 1529 Fast.
982 1497 1016 1529 II
1031 1522 1038 1536 2
1058 1497 1124 1530 833
1142 1509 1149 1529 :

871 1568 944 1591 Tunc
957 1577 1059 1601 quoque
1075 1568 1127 1600 jam
1142 1570 1267 1596 moriens,
1285 1577 1315 1591 ne
1330 1576 1380 1591 non
1394 1568 1544 1601 procumbat

975 1607 1097 1637 honeste,

925 1649 1120 1682 Respicit3haec
1135 1650 1212 1673 otiam
1225 1658 1285 1673 cura
1301 1649 1415 1673 cadentis
1431 1656 1494 1673 erat.
1512 1650 1545 1673 G⁴

872 1707 977 1752 Apud
1010 1709 1151 1741 Sue-ton.
1186 1707 1299 1739 Caesar
1318 1732 1326 1747 ‚
1357 1707 1521 1740 LXXXII
1536 1720 1543 1739 ε

873 1777 885 1788 «
896 1760 1010 1792 Julius
1019 1761 1147 1799 Caesar,
1157 1771 1265 1804 quum
1277 1759 1545 1799 interficeretur,

871 1813 985 1844 sinum
1010 1811 1055 1843 ad
1080 1812 1150 1844 ima
1169 1823 1273 1843 crura
1292 1810 1454 1851 deduxit,
1476 1824 1546 1856 quo

870 1864 1048 1897 honestius
1057 1864 1546 1899 caderet.»En.—R0m.n01-

872 1920 927 1954 λὴν
942 1919 1089 1964 πρόνοιαν
1105 1920 1211 1961 ἔσχεν,
1222 1918 1305 1961 [uon
1317 1913 1411 1961 εἶχεν]
1430 1919 1546 1961 εὐσχή-

873 1986 938 2014 μων
951 1995 960 2010 ,
972 1982 1035 2015 pro
1046 1972 1215 2016 εὐσχήμως
1226 1997 1235 2012 ,
1246 1982 1317 2002 11011
1329 1972 1547 2015 εὐσχημόνως,

873 2022 967 2068 quod
992 2023 1162 2056 iambicus
1184 2035 1301 2055 versus
1327 2034 1397 2055 non
1423 2022 1547 2055 admit·

872 2076 926 2108 tit.
947 2075 991 2107 H.
1011 2096 1056 2100 ——
1072 2075 1169 2109 Hanc
1188 2075 1371 2108 lectionem
1390 2074 1546 2114 Bastius,

872 2136 958 2174 puto
971 2154 980 2168 ,
999 2128 1096 2161 haud
1113 2128 1243 2161 invitus
1263 2128 1545 2174 amplecteretur.

874 2181 929 2213 Cf.
939 2182 1013 2227 ejus
1024 2182 1119 2226 Spec.
1131 2181 1234 2214 Arist.
1247 2194 1326 2226 pag.
1343 2194 1400 2225 29,
1413 2194 1464 2226 sq.
1478 2182 1511 2214 S.

926 2245 979 2267 Io.
1002 2237 1105 2276 Quum
1126 2237 1158 2266 in
1178 2237 1307 2266 comitio
1330 2237 1432 2277 virgis
1451 2237 1549 2265 cafa'e-

872 2296 968 2318 retur.
987 2286 1085 2320 More
1106 2287 1227 2320 veteri.
1247 2287 1326 2319 Liv.
1345 2287 1447 2319 XXII
1459 2311 1467 2326 ‚
1485 2288 1527 2330 57
1540 2312 1549 2326 ‚

880 2340 1030 2372 «Lucius
1041 2340 1223 2380 Cantilius,
1237 2339 1348 2372 scriba
1358 2339 1549 2377 Pontificis‚

872 2404 959 2436 quos
972 2404 1063 2425 nunc
1074 2393 1226 2425 minores
1236 2391 1421 2425 Pontifices
1435 2391 1550 2436 appel-

873 2444 966 2484 lant,
991 2445 1052 2490 qui
1076 2457 1155 2478 cum
1182 2444 1345 2477 Floronia
1375 2446 1545 2483 (Vestali,

873 2500 929 2529 suh
944 2508 1062 2529 terram
1079 2501 1127 2530 (ια’
1132 2508 1266 2541 portam
1285 2498 1443 2528 Collinam
1457 2509 1550 2528 ncca-

875 2556 934 2591 [τι]
965 2558 1123 2596 stuprum
1155 2552 1284 2583 fecerat
1301 2577 1308 2589 ‚
1335 2562 1354 2581 a
1385 2548 1551 2581 pontifice

872 2603 1026 2636 Maximo
1046 2617 1086 2637 co
1107 2617 1216 2648 usquc
1234 2603 1337 2648 virgis
1354 2603 1388 2634 iu
1411 2602 1550 2635 comitio

873 2668 978 2689 caesus
995 2665 1067 2689 erat
1085 2683 1092 2696 ‚
1114 2666 1149 2689 ut
1171 2657 1257 2688 inter
1277 2656 1421 2687 verbera
1442 2655 1546 2694 exepi-

873 2717 977 2742 rarct.
995 2725 1006 2738 1·
1031 2710 1074 2742 G.

1298 2759 1309 2773 ›

1268 2777 1339 2803 1).

1570 602 1608 621 10

1572 748 1604 768 11
