1742 2989
220 131 308 176 208

615 132 661 173 C.
698 131 927 174 PLINII
960 132 1086 174 LIB.
1122 133 1210 176 IV.

216 228 404 272 quorum
428 220 574 255 tamen
600 219 757 253 neuter
781 219 1017 271 utrumque
1038 220 1113 254 aut
1137 211 1340 267 absolvit,
1362 223 1436 256 aut
1455 215 1612 275 attigit.

171 296 189 327 5
215 286 506 328 Hominemne
535 287 784 328 Romanum
822 293 908 326 tam
946 286 1097 329 Graece
1129 284 1280 346 loqui?
1304 302 1418 342 non,
1445 288 1615 332 medius

215 357 364 413 fidius,
394 358 506 417 ipsas
526 357 720 400 Athenas
747 365 836 399 tam
865 357 1031 401 Atticas
1061 357 1258 402 dixerim.
1289 359 1409 415 Quid
1439 359 1615 404 multa?

214 430 387 474 invideo
413 430 596 484 Graecis,
629 429 747 490 quod
780 427 958 473 illorum
988 429 1136 491 lingua
1172 431 1360 474 scribere
1393 431 1611 476 maluisti:

215 519 358 563 neque
379 503 495 547 enim
522 503 774 562 conjectura
796 511 914 562 eget,
935 502 1040 562 quid
1068 519 1268 548 sermone
1296 506 1439 565 patrio
1465 506 1614 565 expri-

212 591 330 618 mere
358 575 516 635 possis,
542 592 678 635 quum
699 575 784 618 hoc
810 575 998 619 insiticio
1018 585 1060 619 et
1088 576 1267 622 inducto
1295 587 1383 621 tam
1406 577 1614 639 praeclara

212 665 344 709 opera
368 647 613 709 perfeceris.
635 647 757 692 Vale.

210 755 308 788 Idem
322 754 518 801 Etymologi
534 754 629 787 locus
646 753 819 786 induxisse
833 753 880 786 vi-

210 807 310 840 detur
323 808 533 852 Scaligerum
550 805 595 839 ad
608 806 759 839 Varron.
776 805 819 838 de
837 807 877 838 L.

210 860 332 899 L.VI‚
354 872 389 904 p.
417 865 500 902 149,
522 866 558 891 ut
581 858 775 891 iamborum
797 858 880 890 scri-

209 919 340 957 ptorem
373 914 572 944 Herodotum
602 918 751 944 vocaret.
778 909 880 944 Athe-

207 976 303 997 naeus
316 965 368 997 III
381 991 389 1006 ,
404 977 437 1009 p.
455 964 497 997 86
509 989 517 1003 ‚
533 964 577 1004 Β,
588 962 707 996 laudat
722 959 876 1010 Ηρώνὸαν

208 1019 238 1050 ἐν
266 1019 570 1063 Συνεργαζομέναις,
598 1016 657 1049 uhi
678 1017 724 1049 Is.
753 1017 880 1049 Casau-

207 1069 320 1102 bonus
333 1078 436 1114 negat
452 1082 486 1102 se
502 1069 585 1101 alibi
600 1068 802 1102 Herondam
815 1069 880 1102 Co·

206 1122 335 1155 micum
350 1122 517 1154 invenire.
534 1122 665 1154 Verum
679 1134 750 1154 non
766 1121 878 1154 Comi-

206 1186 268 1207 cus
300 1174 464 1207 laudatur
475 1199 484 1214 ,
516 1173 575 1206 sed
588 1198 596 1213 ,
629 1181 666 1206 ut
696 1187 735 1206 ex
765 1174 878 1219 subje-

205 1234 262 1260 cto
279 1227 484 1260 Choliamho
505 1234 646 1271 apparet
657 1253 666 1268 ,
684 1227 878 1260 iamborum

206 1280 354 1325 scriptor
368 1304 376 1320 ,
396 1278 548 1312 Herodes
563 1304 571 1319 ‚
590 1279 648 1324 qui
666 1279 879 1325 patronymi-

205 1344 247 1365 ca
264 1341 296 1365 et
314 1332 463 1365 Doribus
483 1332 623 1377 propria
643 1332 754 1365 forma
774 1327 878 1378 ilpu'm-

205 1383 268 1424 δας
280 1384 407 1418 dicitur
421 1397 429 1425 ;
444 1385 538 1430 quod
552 1386 640 1418 bene
654 1384 737 1417 vidit
750 1385 878 1418 Salma-

206 1438 277 1470 sius
304 1438 427 1471 Exerc.
455 1438 544 1470 Plin.
571 1450 650 1483 pag.
672 1449 685 1469 1
696 1449 708 1469 1
719 1449 748 1470 1.
776 1436 877 1469 Illam

204 1490 387 1523 nominum
396 1490 542 1523 formam
554 1489 767 1522 illustrarunt
775 1488 876 1521 Hem-

206 1542 395 1576 sterhusius
425 1542 469 1576 ad
502 1542 704 1575 Callimach.
738 1541 875 1586 Fragm.

205 1608 242 1640 p.
261 1595 325 1638 590
341 1624 349 1637 ‚
367 1603 398 1628 et
409 1594 640 1627 Valkenarius
654 1593 697 1626 ad
712 1593 827 1626 Schol.
843 1593 878 1625 in

207 1647 365 1693 Euripid.
384 1647 550 1680 Phoeniss.
566 1660 602 1692 p.
625 1649 702 1691 764.
722 1645 878 1691 Denique

207 1699 385 1733 Herodem
403 1699 689 1745 iambographum
713 1711 793 1732 cum
812 1698 878 1730 He·-

205 1751 289 1785 rode
306 1753 418 1785 Attico
438 1752 642 1798 gravissimo
661 1764 775 1785 errore
792 1763 876 1784 con-

203 1804 355 1837 fundunt
380 1806 590 1850 Interpretes
612 1803 734 1843 Plinii,
756 1811 788 1837 et
816 1804 878 1836 Fa-

203 1856 333 1890 bricius
349 1857 441 1895 Bibl.
456 1857 518 1890 Gr.
530 1857 704 1890 vol.VIII.
717 1869 751 1901 p.
765 1868 843 1900 710.
855 1872 868 1885 2>

205 1909 285 1942 Haec
309 1910 548 1943 Ruhnkenius.
578 1909 747 1942 Caeterum
772 1908 876 1953 hujus

204 1961 351 1994 Herodis
369 1962 563 2006 fragmenta
582 1960 718 2006 collegit
736 1960 875 1993 Fiorillo

203 2013 248 2046 ad
266 2014 397 2047 calcem
410 2013 556 2047 Herodis
569 2013 673 2045 Attici
688 2025 722 2058 p.
739 2025 814 2057 171.
832 2013 872 2046 E.

203 2086 248 2090 -——
270 2069 390 2098 Neuter
414 2076 592 2109 utrumque.
619 2065 689 2098 Nec
716 2065 874 2098 Callima-

203 2116 303 2157 chus,
312 2130 374 2150 nec
386 2117 539 2151 Herodes
550 2118 583 2150 in
592 2124 737 2162 utroque
747 2129 873 2162 genere

205 2182 366 2214 poeseos,
388 2168 670 2215 epigrammatico
694 2176 726 2201 et
751 2169 873 2202 iambi-

205 2234 246 2253 co
260 2249 268 2263 ‚
289 2222 459 2266 perfectus
488 2222 552 2254 fuit
566 2247 574 2261 ‚
597 2222 662 2254 hoc
682 2229 752 2263 est,
777 2221 873 2266 quod

205 2272 289 2306 dicit
300 2299 308 2313 ‚
320 2285 430 2305 neuter
442 2284 607 2316 utrumque
617 2276 759 2306 absolvit.
773 2273 873 2306 Dein-

206 2326 248 2359 de
259 2337 368 2358 neuter
381 2337 547 2369 atrumque
560 2329 681 2369 attigit,
695 2326 760 2359 hoc
771 2339 872 2359 sensu

206 2378 358 2418 addidit,
370 2378 464 2424 quod
476 2378 707 2411 Callimachus
719 2379 789 2411 sola
805 2379 874 2424 epi-

208 2439 399 2475 grammata
414 2456 422 2470 ,
435 2438 465 2463 et
474 2443 543 2463 non
556 2430 685 2462 iambos
697 2456 704 2469 ‚
717 2430 875 2463 Herodes

208 2491 335 2523 autem,
349 2483 457 2515 missis
468 2482 782 2528 epigrammatibus,
795 2483 875 2515 iam-

208 2537 268 2568 bos
282 2544 414 2568 tantum
428 2536 570 2580 scripsit.
587 2534 672 2567 Inde
688 2535 788 2579 igitur
803 2535 874 2567 lau-

208 2588 266 2620 {lat
278 2588 491 2620 Antoninum
503 2613 511 2627 ‚
523 2587 581 2633 qui
594 2594 778 2631 utrumque
791 2587 874 2631 opti-

209 2653 262 2672 mi·
278 2641 459 2685 scripserit.
475 2641 515 2673 F..
532 2661 575 2665 ——-
589 2638 730 2672 Fallitur
740 2639 872 2672 Ernest.

948 753 1199 788 Callimachum
1219 756 1321 789 etiam
1336 756 1371 788 in
1390 767 1512 801 genere
1528 756 1614 788 iam-

946 806 1023 839 bico
1059 820 1197 853 operam
1229 809 1381 854 posuisse
1395 833 1403 848 ‚
1438 808 1612 841 novimus.

950 862 1093 892 Absolvit
1106 860 1197 893 refer
1211 861 1255 893 ad
1273 861 1525 894 Callimachum
1539 887 1547 901 ‚
1564 870 1614 892 ac-

947 913 1019 955 tigit
1031 911 1073 944 ad
1088 911 1274 945 Herodem.
1292 913 1460 946 Caeterum
1475 913 1613 946 Cot-tius

946 973 1300 1009 utrumqueperperam
1311 966 1475 1009 explicat,
1486 964 1529 997 ad
1537 965 1594 997 illa
1603 989 1612 1004 ,

947 1018 1107 1056 Quantum
1126 1018 1170 1047 ibi
1192 1017 1400 1049 humanitatis
1409 1041 1509 1049 .....
1518 1030 1615 1059 quam

945 1072 1053 1099 recta!
1072 1067 1243 1112 pertinere
1262 1080 1404 1101 censens
1418 1094 1427 1110 ,
1447 1069 1483 1101 in
1503 1069 1612 1113 iisque

944 1120 1059 1153 nescio
1074 1133 1177 1166 quam
1194 1121 1446 1166 oppositionem
1461 1121 1612 1167 reperire

944 1172 1008 1206 sibi
1023 1174 1128 1207 visus.
1143 1174 1178 1207 S.

993 1226 1025 1258 5.
1045 1230 1147 1268 Quum
1170 1228 1230 1258 lzoc
1257 1227 1391 1258 insiticio
1417 1235 1449 1257 et
1469 1227 1609 1257 inducto.

942 1280 1040 1312 Rom.
1053 1282 1155 1321 Quum
1165 1281 1196 1310 in
1211 1280 1270 1310 hoc
1283 1280 1419 1311 insiticio
1431 1288 1462 1310 et
1470 1280 1610 1310 inducto.

943 1331 997 1365 Sic
1010 1332 1109 1364 multi
1125 1331 1257 1365 codices
1277 1331 1347 1364 alii.
1364 1331 1408 1364 H.
1422 1352 1466 1356 -
1480 1331 1611 1375 Praepo-

944 1383 1021 1416 sitio
1034 1392 1116 1416 nata
1126 1383 1261 1416 videtur
1275 1395 1314 1415 ex
1327 1394 1511 1428 praegressa
1522 1395 1561 1413 m.
1574 1382 1608 1415 S.

943 1456 987 1460 »-
1002 1438 1154 1468 Insiticio.
1170 1436 1325 1468 Verbum
1344 1434 1461 1480 paullo
1475 1433 1585 1466 rarius
1598 1458 1608 1473 ,

943 1487 1002 1520 sed
1025 1488 1199 1533 eleganter
1227 1486 1436 1533 significans.
1463 1487 1610 1517 Insiticia

941 1540 1079 1585 proprie
1094 1548 1173 1573 sunt
1184 1565 1193 1580 ,
1213 1551 1288 1585 quae
1301 1539 1336 1572 in
1352 1539 1455 1572 aliam
1469 1538 1609 1583 stirpem

943 1593 1144 1626 inseruntur
1157 1618 1165 1633 ,
1181 1600 1213 1625 et
1222 1593 1299 1625 loco
1310 1604 1380 1624 non
1394 1589 1501 1623 natali
1513 1589 1610 1622 alun-

942 1654 1011 1678 tur.
1034 1644 1166 1678 Deinde
1185 1643 1435 1677 transtulerunt
1455 1642 1500 1676 ad
1519 1641 1585 1675 alia
1598 1666 1608 1682 ‚

942 1709 1018 1742 quae
1033 1697 1111 1730 loco
1129 1710 1199 1729 non
1213 1696 1332 1729 nativo
1346 1695 1456 1741 posita
1468 1693 1610 1740 intelligi

941 1749 1073 1782 volunt.
1095 1751 1147 1782 Ita
1169 1750 1321 1781 insiticius
1338 1760 1465 1780 somnus
1480 1748 1608 1779 Varro-

941 1802 993 1835 nis
1017 1810 1087 1842 est,
1106 1804 1145 1834 R.
1168 1803 1207 1834 R.
1228 1801 1267 1840 I,
1289 1813 1305 1833 2
1321 1825 1329 1840 ,
1351 1800 1390 1839 5,
1411 1799 1471 1845 qui
1494 1798 1609 1832 medio

944 1854 999 1887 die
1010 1879 1018 1895 ,
1033 1852 1267 1900 vigilandique
1280 1852 1367 1885 adeo
1381 1859 1535 1897 tempore
1554 1864 1609 1884 ca-

941 1907 1032 1952 pitur
1050 1919 1057 1940 :
1076 1905 1170 1951 apud
1189 1904 1338 1938 eundem
1354 1905 1388 1937 II
1400 1929 1409 1944 ,
1433 1906 1453 1938 8
1467 1928 1476 1944 ,
1498 1916 1512 1937 1
1528 1929 1537 1944 ,
1552 1908 1607 1935 In,

939 1962 1035 1992 siticii
1043 1969 1073 1991 et
1086 1960 1223 2003 bigeneri
1231 1960 1324 1995 muli,
1341 1957 1375 1989 in
1390 1954 1484 1989 aliud
1499 1967 1608 2001 genus

940 2012 1047 2045 insiti.
1061 2011 1166 2044 Plane
1178 2009 1270 2043 idem
1284 2009 1345 2042 sibi
1360 2009 1434 2043 vult
1446 2011 1604 2046 insitivus,

939 2063 1035 2109 quod
1061 2062 1246 2096 ostendunt
1267 2074 1338 2094 non
1363 2063 1487 2093 insitiva
1501 2060 1607 2093 modo

938 2116 1072 2149 Horatii
1086 2128 1139 2160 ep.
1159 2127 1174 2147 2
1188 2139 1196 2154 ‚
1213 2126 1251 2157 19
1264 2116 1358 2157 ‚pira
1368 2139 1377 2152 ‚
1393 2112 1452 2146 sed
1466 2115 1607 2145 insitivus

936 2169 993 2201 ille
1021 2169 1183 2199 Gracchus
1205 2166 1382 2199 Ciceronis
1404 2178 1467 2210 pro
1492 2165 1606 2198 Sextio

936 2235 967 2254 c.
996 2220 1126 2253 XLVII
1140 2245 1148 2259 ‚
1172 2218 1207 2251 id
1236 2226 1285 2252 est
1315 2219 1350 2250 in
1387 2217 1472 2251 illud
1499 2229 1605 2262 genus

936 2285 1080 2318 eamque
1104 2273 1268 2304 familiam
1299 2270 1421 2304 fraude
1443 2271 1603 2302 insertus.

936 2326 990 2359 Sic
1004 2327 1121 2356 insitivi
1134 2326 1225 2356 liberi
1237 2323 1371 2356 Phaedr.
1389 2323 1440 2354 III
1452 2347 1461 2362 ,
1480 2321 1498 2353 3
1510 2346 1518 2361 ,
1541 2334 1580 2353 10
1594 2346 1603 2361 ,

937 2390 998 2422 per
1011 2375 1218 2409 adulterium
1230 2376 1265 2408 in
1277 2376 1422 2409 alienam
1436 2374 1604 2406 familiam

938 2429 1037 2461 illati.
1054 2430 1212 2460 insitii-ius
1226 2428 1326 2472 igitur
1341 2440 1441 2459 sermo
1452 2433 1501 2458 est
1513 2425 1603 2458 Grae-

939 2493 998 2514 cus
1020 2481 1170 2514 hominis
1195 2494 1265 2513 non
1291 2480 1399 2513 Graeci
1410 2503 1418 2519 ‚
1441 2491 1510 2511 non
1538 2479 1603 2523 pri-

939 2546 1034 2566 mum
1049 2542 1169 2567 enatus
1182 2533 1278 2579 quasi
1291 2534 1325 2566 in
1338 2532 1512 2565 Antonino
1522 2556 1530 2570 ,
1544 2530 1602 2563 sed

940 2594 1012 2619 arte
1026 2593 1166 2632 paratus
1182 2593 1214 2618 et
1226 2585 1274 2618 illi
1290 2584 1380 2618 velut
1395 2583 1528 2617 insitus.
1546 2582 1600 2616 Cf.

939 2639 1026 2672 infra
1042 2639 1105 2677 IV,
1129 2637 1179 2670 18.
1189 2637 1230 2670 G.
