1742 2989
223 136 314 189 444

233 273 410 284 mnsxxs
418 273 591 284 υινηιιιικνι
598 274 772 285 §Annum
778 275 1357 290 tummzxmtmstmthmmssz

612 139 660 178 (3.
699 139 921 181 PLINII
957 140 1079 182 LIB.
1115 143 1227 185 VII.

1365 280 1379 290 s
1385 280 1560 292 mzuvsffl
1565 281 1623 292 sn

762 410 1080 467 XXXII.

293 551 470 586 Tironem
492 550 757 600 proconsulem
782 549 828 586 ad
849 549 1031 586 Fabatum
1056 551 1272 598 divertisse,
1294 555 1549 605 plurimosque

533 614 779 651 manumissos
803 613 1001 661 liberasse,
1023 616 1132 651 unice
1152 617 1309 654 laetatur.

353 755 391 784 C.
432 753 667 784 PLINIUS
702 754 915 782 FABATO
951 755 1286 786 PROSOCERO
1322 759 1422 788 SUO
1457 761 1490 789 S.

284 877 591 925 DELECTOR,
618 872 863 931 jucundum
890 874 970 916 tibi
997 874 1125 918 fuisse
1148 876 1322 919 Tironis
1348 879 1433 919 mei
1460 878 1623 920 adven-

220 958 315 991 tum

345 964 353 990 :
383 946 501 1007 quod
537 962 642 989 vero
680 946 855 1002 scribis,
893 946 1039 990 oblata
1073 949 1299 991 occasione
1330 947 1623 1008 proconsulis,

219 1019 432 1080 plurimos
458 1019 766 1073 manumissos,
801 1020 928 1063 unice
955 1019 1087 1063 laetor.
1115 1021 1258 1081 Cupio
1289 1022 1403 1064 enim
1436 1023 1623 1082 patriam

220 1102 415 1135 nostram
452 1092 658 1136 omnibus
697 1091 871 1152 quidem
900 1093 1029 1137 rebus
1059 1095 1233 1154 augeri,
1263 1095 1448 1138 maxime
1479 1104 1624 1139 tamen

220 1165 381 1208 civium
411 1182 595 1209 numero

624 1183 631 1209 :
659 1165 702 1208 id
732 1165 846 1208 enim
873 1165 1046 1226 oppidis
1078 1166 1374 1210 firmissimum
1399 1184 1625 1211 ornamen-

221 1248 329 1282 tum.
346 1238 459 1282 Illud
475 1240 605 1282 etiam
625 1255 693 1282 me
707 1274 717 1293 ,
733 1256 819 1282 non
835 1248 881 1281 ut
897 1239 1179 1283 ambitiosum
1195 1276 1205 1296 ‚
1227 1240 1300 1284 sed
1320 1250 1463 1284 tamen
1477 1242 1621 1300 juvat,

221 1311 339 1371 quod
365 1310 539 1372 adjicis,
565 1328 635 1355 me
660 1322 788 1372 teque
813 1321 856 1355 et
879 1313 1117 1372 gratiarum
1146 1314 1317 1357 actione
1342 1323 1384 1357 et
1407 1313 1538 1357 laude
1557 1330 1622 1358 ce-

220 1387 424 1436 lebratos.
437 1395 513 1436 Est
527 1393 656 1446 enim,
670 1393 976 1453 utXenophon
992 1394 1065 1449 ait,
1079 1389 1244 1443 ἥδιστον
1258 1393 1440 1455 ἄκουσμα
1453 1397 1623 1449 ἔπαινος,

220 1465 373 1525 utique
398 1467 431 1508 si
459 1476 500 1509 te
530 1467 688 1509 mereri
718 1475 857 1525 putes.
888 1465 1010 1509 Vale,

265 1596 402 1629 XXXII
415 1622 422 1636 ‚
440 1609 453 1629 1
464 1623 470 1629 .
492 1599 616 1629 Tironis
631 1599 692 1628 mei
709 1600 887 1628 adventum.

220 1649 271 1681 De
287 1661 356 1693 quo
372 1649 577 1694 promiserat
596 1661 701 1695 supra
713 1648 809 1694 epist.
826 1651 866 1681 16
877 1673 886 1689 ‚

221 1713 324 1746 quam
344 1709 472 1747 repete.
495 1701 538 1734 G.

266 1773 309 1778 —
323 1756 469 1785 Patriam
481 1764 633 1785 nostram.
650 1754 795 1787 Comum
807 1779 815 1794 ,
831 1754 889 1787 ubi

221 1814 354 1838 aetatein
374 1807 496 1851 exegit.
517 1806 721 1839 Memoriam
746 1809 818 1853 ejus
840 1808 888 1840 rei

222 1867 332 1891 servat
362 1859 450 1903 lapis
481 1859 632 1892 literatus
663 1860 697 1892 in
729 1860 888 1893 Comensi

221 1923 305 1956 agro
315 1920 484 1957 repertus,
497 1912 555 1957 qui
566 1912 691 1958 legitur
701 1912 792 1958 apud
802 1913 889 1946 Gru-

221 1971 333 1996 terum
348 1989 356 2004 ‚
376 1977 452 2010 pag.
471 1966 534 1998 382
550 1991 557 2005 ‚
577 1969 610 1998 6.
629 1966 671 1999 G.
688 1987 732 1991 -
745 1968 885 2009 Augeri,

222 2017 362 2050 omnino
384 2017 419 2050 in
440 2018 614 2051 meliorem
635 2026 760 2052 statum
776 2027 888 2052 trans-

954 1598 1035 1629 fer1i
1049 1612 1057 1639 ;
1089 1610 1109 1630 a
1134 1609 1243 1642 graeco
1263 1599 1409 1638 αὐξέσθαιι
1422 1621 1431 1638 ,
1459 1597 1554 1642 quod
1587 1598 1624 1630 in

955 1649 1076 1682 eodem
1094 1662 1197 1682 sensu
1216 1658 1416 1695 usurpatur.
1438 1650 1505 1683 ΕΙ).

1003 1715 1034 1734 2.
1048 1706 1101 1734 Me
1111 1712 1212 1745 teque.
1223 1702 1360 1735 Cortius
1372 1715 1411 1735 ex
1422 1701 1517 1735 libris
1527 1702 1624 1734 bonae

954 1763 1042 1788 1101ae
1060 1768 1067 1789 ι
1088 1765 1117 1787 ce
1134 1768 1255 1798 meque.
1271 1755 1542 1789 Convenientius
1557 1755 1623 1787 hoc

955 1807 1128 1840 modestiae
1150 1807 1339 1840 scribentis.
1360 1808 1395 1841 S.

1000 1881 1045 1885 —
1057 1865 1097 1892 Ue
1105 1862 1281 1903 Xenophon
1296 1863 1352 1892 ait.
1366 1860 1406 1892 In
1419 1860 1535 1892 fabula
1546 1859 1624 1891 Pro-

955 1912 1042 1946 dicia
1058 1913 1164 1945 Mem.
1182 1913 1277 1946 Socr.
1296 1913 1331 1945 II
1344 1938 1352 1953 ,
1374 1925 1385 1944 1
1406 1924 1413 1945 :
1440 1915 1475 1946 τὸ
1492 1914 1622 1946 πάντων

954 1965 1086 2003 ’ἥδιστον
1105 1968 1253 2012 ἄκουσμα
1267 1973 1385 2005 vocat3
1406 1966 1441 1997 in
1455 1963 1624 2010 principio

954 2019 1116 2052 Hieronis
1131 2026 1246 2052 autem
1255 2017 1389 2055 ἥδιστον
1401 2020 1563 2063 ἀκρόαμα.
1578 2017 1623 2051 G.
