1742 2989
169 231 258 259 200

558 213 606 255 C.
643 211 870 255 PLINII
906 210 1032 253 LIB.
1070 210 1168 252 ΙΙΙ.

164 296 324 340 nostris
353 310 454 338 vero
476 292 746 353 temporibus
765 326 776 347 ‚
806 300 855 334 ut
882 289 966 334 alia
989 290 1182 350 speciosa
1210 296 1252 331 et
1273 286 1447 347 egregia
1462 320 1474 341 ⁷
1504 285 1562 329 ita

164 370 248 413 hoc
277 370 322 411 in
348 367 499 428 primis
535 365 747 409 exolevit:
776 380 877 408 nam
912 373 1145 424 postquam
1182 360 1387 405 desiimus
1423 359 1563 403 facere

117 453 135 488 4
164 441 399 496 laudanda,
420 439 586 484 laudari
607 454 784 499 quoque
806 438 1004 498 ineptum
1028 445 1246 496 putamus.
1269 432 1465 490 Quaeris,
1489 431 1564 491 qui

164 517 252 560 sint
281 514 504 570 versiculi,
531 512 690 574 quibus
718 511 904 572 gratiam
935 508 1187 552 retulerim?
1208 506 1494 551 Remitterem
1522 512 1565 547 te

165 590 219 633 ad
246 590 388 650 ipsum
423 585 654 642 volumen⁷
682 583 763 627 nisi
799 581 1012 643 quosdam
1052 590 1245 624 tenerem
1272 596 1279 622 :
1307 588 1376 631 tu,
1407 576 1442 620 si
1468 573 1565 636 pla-

117 669 134 703 5
165 663 337 707 cuerint
359 661 403 705 hi
419 697 430 717 ‚
451 669 627 704 caeteros
648 659 693 701 in
719 657 832 703 libro
861 655 1067 716 requires.
1081 653 1347 714 Adloquitur
1367 652 1540 695 Musam
1554 684 1565 704 ⁷

162 734 365 790 mandat,
396 743 445 777 ut
464 732 644 776 domum
681 746 821 774 meam
848 727 1052 789 Esquiliis
1074 736 1269 788 quaerat,
1298 725 1424 770 adeat
1450 738 1567 766 reve-

166 818 313 852 renter
336 825 344 850 :

428 902 505 936 Sed
516 929 526 944 ‚
549 913 595 935 ne
616 908 784 947 tempore
799 910 869 933 non
886 904 947 932 tuo
965 897 1141 931 disertum
1187 929 1191 935 ,

428 965 561 1000 Pulses
582 964 684 999 ebria
694 962 876 1008 januam,
899 961 1037 997 videto.

434 1031 468 1064 T
464 1036 543 1063 ocos
562 1029 630 1062 dat
648 1027 786 1062 tetricoe
814 1027 894 1063 dies
916 1025 1097 1061 Miuewoe
1110 1050 1121 1065 ,

428 1096 527 1129 Dum
552 1100 691 1127 centum
710 1091 830 1126 studet
847 1090 997 1125 auribus
1015 1089 1178 1124 virorum
1195 1114 1203 1130 ‚

428 1159 506 1193 Hoc
523 1157 625 1204 quod
641 1156 767 1191 secula
781 1153 998 1202 posterique
1012 1152 1163 1200 possint

429 1221 584 1268 Arpinis
604 1232 749 1267 quoque
765 1229 985 1265 comparare
999 1216 1148 1251 chartis.

430 1286 543 1321 Seras
557 1284 665 1318 tutior
677 1283 746 1317 ibis
762 1282 818 1316 ad
833 1283 1000 1316 lucemus
1012 1294 1023 1313 .-

431 1351 525 1383 Hoec
544 1348 639 1382 hora
669 1354 724 1382 est
738 1354 800 1381 tua
811 1371 822 1387 ,
846 1357 959 1393 quum
965 1343 1065 1390 furit
1077 1345 1217 1389 Lyoeus
1225 1368 1236 1384 ,

434 1416 557 1461 Quum
578 1419 708 1459 regnat
723 1423 810 1445 rosa
822 1436 833 1451 ,
852 1421 963 1457 quum
979 1408 1131 1442 madent
1145 1407 1278 1454 capilli
1294 1420 1305 1439 .-

440 1479 538 1512 Tunc
554 1488 612 1510 me
634 1477 698 1510 vel
714 1474 829 1521 rigidi
849 1475 978 1519 legant
997 1472 1166 1507 Catones.

166 1618 370 1664 guissimum
397 1627 468 1648 esse
483 1640 492 1656 ‚
507 1612 601 1658 quod
626 1624 728 1645 omne
746 1610 836 1655 inge-

167 1671 265 1703 nium
285 1667 468 1703 contulerit
487 1665 532 1699 ad
552 1664 671 1711 populi
691 1663 835 1696 Romani

166 1723 309 1770 gloriam
322 1718 577 1755 celebrandam.
589 1718 628 1750 E.
637 1736 678 1742 —-
687 1718 834 1759 Speciosa

166 1787 199 1808 ec
221 1777 357 1819 egregia.
385 1774 440 1807 Sic
469 1784 601 1815 magnus
624 1777 656 1802 et
680 1771 836 1812 speciosus

162 1828 277 1874 jungit
290 1826 414 1859 Vellei.
433 1826 467 1858 II
483 1849 491 1864 ,
511 1826 552 1868 76
566 1848 575 1863 ,
598 1836 614 1856 2
627 1848 635 1863 ‚
649 1832 784 1855 (eternus
804 1829 835 1853 et

166 1878 442 1923 speciosus-Valer.
453 1878 544 1910 Max.
559 1876 593 1908 II
605 1901 613 1915 ‚
631 1888 666 1919 7,
687 1873 833 1907 15.Vid.

167 1932 337 1966 Scliwarz.
355 1930 400 1964 ad
418 1930 507 1963 Plin.
528 1929 654 1973 Paneg.
675 1940 709 1972 p.
727 1932 782 1967 40.
800 1927 834 1960 S.

214 2005 260 2009 ——
274 1988 360 2016 Nam
373 1993 546 2026 postquam
559 1981 833 2023 desiimusfizcere.

168 2038 265 2069 Rom.
289 2040 375 2068 Nam
400 2045 571 2078 postquam
597 2035 766 2065 desinimus
781 2033 839 2074 fa-

167 2102 245 2121 cere.
260 2089 304 2121 H.

215 2146 246 2181 [1.
265 2143 382 2182 Quibus
393 2141 537 2183 gratiam
551 2140 720 2170 retulerim.
736 2139 832 2170 Rom.

168 2196 286 2235 Quibus
294 2195 437 2236 gratiam
452 2193 568 2223 rettuli.
584 2190 627 2222 H.

215 2246 248 2277 5.
265 2247 426 2288 Esquiliis.
446 2243 526 2277 Sine
543 2241 782 2287 praepositione
800 2250 832 2275 et

167 2296 318 2330 secunda
343 2296 441 2329 litera
468 2299 491 2326 S
507 2307 547 2327 ex
574 2294 668 2327 libris
694 2294 833 2340 optimis

166 2349 279 2395 posuit
292 2348 440 2382 Cortius.
456 2347 625 2381 Caeterum
638 2355 748 2380 totum
764 2359 834 2380 car-

167 2415 247 2435 men
263 2401 431 2434 Martialis
450 2407 558 2433 exstat
572 2401 688 2445 Epigr.
708 2400 739 2431 X
750 2424 759 2439 ‚
779 2411 831 2442 19.

166 2455 209 2488 G.
218 2455 324 2488 -Ita
337 2462 370 2486 et
379 2455 476 2486 Rom.
490 2453 562 2484 sine
572 2451 810 2497 praepositione
824 2477 832 2491 ‚

167 2507 210 2539 (lc-
234 2519 303 2552 qua
327 2505 502 2538 Drakenb.
526 2504 570 2537 ad
596 2504 669 2537 Liv.
692 2504 750 2537 lib.
777 2505 810 2536 II
823 2530 831 2545 ‚

167 2571 243 2605 cap.
263 2560 302 2591 28
319 2584 328 2599 ‚
344 2558 489 2603 princip.
507 2557 550 2589 H.

212 2632 258 2635 —-
270 2615 419 2653 Tempore
429 2623 492 2642 uon
505 2619 569 2641 tuo.
582 2609 715 2641 Alieno,
730 2608 811 2639 Mox
825 2619 831 2639 :

171 2668 245 2694 Ha‘c
261 2677 324 2694 nou
339 2673 385 2695 esc
397 2673 462 2695 tua.
481 2662 557 2694 Liv.
576 2661 672 2693 XLII
684 2687 692 2701 ‚
710 2661 751 2699 43
765 2684 772 2698 ,
793 2660 810 2691 3
824 2685 832 2699 ‚

166 2729 222 2747 suo
239 2718 378 2748 maxime
394 2726 532 2757 tempore
548 2724 643 2757 atque
660 2715 763 2745 alieno
781 2714 833 2743 lio-

899 1612 996 1641 seibus
1029 1610 1166 1650 incipere
1195 1609 1319 1638 bellum.
1349 1606 1382 1639 S.
1403 1626 1447 1630 --
1468 1608 1573 1637 Pulses

900 1663 987 1693 ebria
1003 1663 1154 1704 januam.
1172 1660 1269 1692 Rom.
1287 1660 1392 1690 Pulses
1415 1660 1502 1690 ebria
1514 1661 1568 1702 ja-

900 1726 1007 1745 nuam.
1024 1713 1117 1745 Bene
1131 1720 1162 1745 et
1178 1719 1356 1757 poetarum
1376 1724 1470 1744 more
1481 1736 1489 1751 ,
1509 1711 1569 1756 qui

901 1765 968 1799 hoc
993 1766 1136 1798 verbum
1162 1766 1437 1810 frequentarunt.
1461 1763 1505 1796 H.
1525 1784 1568 1789 -—

901 1817 1003 1864 Apud
1014 1819 1164 1851 comicos
1175 1816 1489 1864 frequentissimum
1496 1819 1570 1860 pul-

903 1882 972 1903 tare
989 1874 1090 1909 tedes,
1110 1873 1223 1915 sores,
1251 1872 1375 1902 ostium.
1412 1869 1569 1902 Plautina

902 1925 977 1957 loca
1004 1923 1139 1969 collegit
1162 1924 1289 1956 Pareus
1313 1922 1346 1954 in
1372 1921 1455 1953 Lex.
1483 1920 1567 1954 Crit.

901 1990 938 2023 p*
957 1979 1061 2017 1016,
1078 1977 1114 2009 b.
1134 1977 1168 2010 S.

949 2049 994 2054 ——
1006 2031 1136 2072 Arpinis
1144 2052 1243 2060 .....
1253 2028 1379 2058 chartis.
1394 2024 1570 2058 Ciceronis

903 2081 1076 2126 Arpinatis
1089 2081 1250 2114 aemulum
1266 2091 1302 2112 se
1318 2090 1489 2122 nusquam
1510 2090 1568 2110 ne-

902 2141 958 2179 gat
973 2133 1114 2166 Plinius.
1129 2133 1173 2165 G.

946 2207 991 2211 -—
1006 2190 1084 2217 Hoec
1109 2187 1190 2216 liora
1215 2193 1260 2215 est
1283 2192 1354 2219 tua,
1385 2190 1449 2215 etc.
1470 2183 1567 2215 Rom.

900 2243 978 2271 Hoec
997 2240 1077 2269 liora
1098 2247 1144 2269 esc
1160 2247 1231 2274 tua,
1249 2237 1322 2267 dum
1332 2235 1420 2278 fiiri!
1439 2238 1565 2275 Lyceus,

898 2296 981 2324 Dum
998 2300 1111 2333 regnat
1121 2303 1195 2322 rosa
1206 2315 1214 2327 ,
1237 2290 1311 2319 dum
1327 2288 1457 2319 madent
1471 2288 1569 2329 capil-

899 2347 931 2376 li.
955 2344 999 2377 H.
1017 2364 1062 2368 ——
1076 2345 1177 2374 Furit.
1201 2342 1329 2373 Furere
1348 2365 1356 2379 ,
1378 2341 1566 2384 μαίνεσθαι,

900 2396 942 2429 (le
957 2407 1080 2441 magna
1093 2392 1364 2439 compotantium
1378 2391 1565 2423 hilaritate.

899 2449 984 2482 Inde
997 2453 1107 2489 Lyoeus
1127 2446 1269 2492 Orpheo
1289 2444 1401 2477 dictus
1424 2444 1567 2488 μανικός.

899 2522 945 2527 —-
958 2505 1055 2533 Rosa.
1072 2497 1234 2533 Coronati
1248 2497 1425 2543 potabant.
1440 2514 1484 2519 —-
1496 2497 1568 2525 flla-

900 2557 993 2592 denc;
1010 2551 1154 2586 delibuti
1167 2548 1350 2595 unguentis
1363 2548 1481 2589 capilli.
1501 2546 1565 2578 En.

945 2627 989 2630 —
1024 2608 1166 2637 Catones.
1206 2603 1283 2636 Non
1316 2598 1501 2632 Censorius
1535 2604 1568 2629 et

899 2658 1092 2696 Uticensis,
1120 2655 1179 2689 sed
1204 2652 1345 2686 omnino
1371 2651 1436 2683 viri
1460 2649 1566 2682 severi

899 2719 930 2744 ct
947 2722 1066 2754 graves
1080 2736 1088 2749 ‚
1109 2707 1226 2754 quales
1246 2704 1304 2750 qui
1329 2714 1409 2737 cotos
1428 2705 1508 2735 dant
1525 2711 1567 2733 te-
