1742 2989
170 240 254 268 102

585 227 634 269 C.
671 226 896 270 PLINII
929 227 1055 271 LIB.
1093 229 1156 270 Il.

161 322 245 366 γιον
274 320 364 347 11011
390 303 508 359 leve,
534 304 745 348 Hostilius
771 305 992 350 Firminus
1011 341 1021 360 ,
1054 305 1221 367 legatus
1248 308 1378 351 Marii
1406 309 1573 364 Prisci,

161 378 237 437 qui
257 379 489 438 permistus
509 395 686 435 caussae,
703 379 893 440 graviter
912 380 1279 443 vehementerque
1297 391 1476 426 vexatus
1494 393 1573 427 est.

161 451 277 495 Nam
306 461 349 494 et
374 452 617 495 rationibus
646 452 885 507 Martiam,
915 463 958 496 et
986 470 1212 509 sermone,
1242 472 1373 516 quem
1398 455 1469 500 ille
1492 457 1575 500 ha-

160 523 318 568 buerat
344 524 388 567 in
415 524 568 568 ordine
593 526 955 585 Leptitanorum,
982 543 1163 587 operam
1192 544 1315 572 suam
1343 530 1491 573 Prisco
1520 529 1575 573 ad

161 598 464 657 turpissimum
496 599 789 642 ministerium
823 599 1146 656 commodasse,
1177 601 1494 662 stipulatusque
1522 601 1576 645 de

160 670 383 714 Martiano
406 672 729 733 quinquaginta
748 671 883 716 millia
905 672 1134 717 denarium
1155 676 1426 735 probabatur
1451 693 1460 719 :
1483 677 1576 737 ipse

160 754 373 804 praeterea
410 746 627 806 accepisse
663 747 908 790 sestertium
945 746 1094 791 decem
1129 747 1264 792 millia
1289 785 1300 805 ‚
1339 748 1576 793 foedissimo

161 817 339 877 quidem
359 819 488 862 titulo
505 854 516 873 ‚
542 820 720 863 nomine
746 822 1055 881 unguentarii,
1081 823 1155 882 qui
1176 821 1328 866 titulus
1348 840 1373 866 a
1392 825 1481 867 vita
1498 824 1576 867 ho-

94 895 136 935 24
162 891 292 935 minis
312 893 477 952 compti
497 909 668 954 semper
687 903 731 937 et
750 895 961 954 pumicati
983 911 1073 938 non
1094 895 1371 940 abhorrebat.
1386 896 1576 951 Placuit,

161 974 364 1008 censente
397 967 622 1021 Cornuto,
658 966 809 1010 referri
843 967 896 1011 de
930 984 981 1010 eo
1015 969 1218 1028 proximo
1250 979 1404 1013 senatu
1431 987 1440 1013 :
1470 979 1578 1014 tunc

162 1038 279 1080 enim
297 1073 308 1094 ⁷
332 1054 435 1082 casu
454 1039 671 1083 incertum
686 1075 696 1094 ‚
719 1056 775 1083 an
796 1041 1083 1096 conscientia,
1102 1041 1315 1085 abfuerat.
1340 1043 1486 1087 Habes
1508 1060 1577 1087 res

161 1153 236 1185 init.
254 1166 415 1197 unumque
428 1164 586 1186 certamen
602 1164 680 1186 esset
693 1156 835 1186 relictum

161 1208 319 1238 sententia
349 1208 510 1245 l'olcatii;
533 1206 592 1252 qui
619 1206 717 1240 locus
745 1206 836 1240 male

162 1266 327 1293 tentatur.
343 1260 376 1293 S.
395 1280 440 1284 —
454 1262 655 1306 λειτούργιον.
672 1260 836 1292 Deininu-

162 1311 234 1344 tiva
264 1311 516 1356 significatione
550 1325 673 1345 vocem
703 1312 835 1358 accipio

163 1376 247 1396 cum
273 1363 517 1397 charientismo
536 1364 708 1410 quodam,
732 1378 836 1410 quem

164 1416 266 1449 etiam
284 1416 443 1449 additum
461 1431 525 1449 non
547 1420 609 1450 leve
624 1417 766 1451 indicat.
788 1418 832 1450 G.

165 1487 215 1491 -—
243 1473 433 1516 λειτούργιον
451 1497 460 1513 ‚
493 1483 596 1504 omne
631 1472 807 1516 negotium
825 1497 835 1512 ‚

164 1520 259 1555 unde
285 1522 415 1556 utilitas
440 1523 556 1568 aliqua
582 1523 626 1556 ad
650 1523 837 1569 rempubli-

164 1587 242 1608 calll
263 1574 450 1609 redundat.
474 1575 540 1608 ΕΙ).
564 1597 608 1600 -
636 1579 834 1609 Raciom'bus.

163 1627 350 1668 Rationes,
382 1628 506 1661 tabulae
538 1640 767 1674 expensorum
804 1638 837 1663 et

164 1688 405 1726 acceptorum,
416 1693 564 1726 quarum
579 1694 661 1714 usus
675 1683 836 1728 frequens

164 1734 200 1765 in
213 1733 477 1778 probationibus
492 1734 700 1767 forensibus.
713 1735 777 1768 En.
791 1756 836 1760 ——

164 1787 383 1829 Leptinorum.
398 1788 503 1829 Leptis
514 1787 643 1826 minor,
654 1787 735 1819 urbs
748 1787 837 1819 Afri-

165 1849 212 1870 cae
236 1837 345 1871 libera
371 1846 404 1870 et
428 1839 592 1871 immunis
616 1839 704 1872 inter
726 1839 838 1872 Adru-

165 1897 296 1923 metum
322 1898 354 1924 et
376 1890 553 1924 Tisdram.
568 1893 652 1924 Erat
676 1900 707 1924 et
726 1893 838 1937 Leptis

165 1956 293 1988 magna
310 1956 416 1988 prope
435 1945 555 1989 syrtim
570 1946 753 1990 majorem.
769 1946 835 1978 ΕΙ).

166 2017 211 2022 —-
228 1999 286 2028 Ad
301 1999 513 2039 tmpz'ssinzum
529 1999 738 2030 ministerium
755 2011 839 2030 com-

166 2052 323 2082 modasse.
345 2052 442 2082 Rom.
468 2052 525 2081 Ad
546 2052 758 2092 turpissimum
783 2053 839 2082 mi-

166 2104 329 2134 nisterium
348 2104 597 2134 commendasse.
618 2102 663 2133 H.
678 2123 724 2126 -—
737 2105 839 2145 Stipu-

168 2158 314 2197 latusque
333 2157 371 2186 de
392 2156 569 2185 Martiano.
589 2154 653 2186 Hie
673 2154 838 2188 nimirum

167 2209 186 2249 §
215 2208 233 2240 8
248 2233 256 2247 ,
280 2208 484 2250 septingentis
506 2208 642 2238 millibus
666 2218 787 2239 emerat
817 2223 839 2240 (ι

169 2262 277 2291 ΛΙαΓιό
306 2262 414 2290 Prisco
432 2260 532 2301 plura
557 2261 716 2301 supplicia
747 2262 839 2292 unius

358 2311 562 2344 intercessor
589 2319 621 2343 et
651 2320 839 2357 proxeneta

169 2364 273 2411 'hujus
298 2363 425 2410 negotii
446 2363 510 2396 fuit
532 2363 697 2396 Hostilius
720 2365 841 2400 Firmi-

170 2430 236 2449 nus
254 2442 262 2457 ,
283 2417 536 2463 stipulatusque
561 2424 611 2448 est
637 2417 747 2449 Mario
765 2442 774 2457 ‚
801 2420 841 2449 de

169 2314 284 2356 equilis
313 2326 327 2343 :

172 2472 358 2508 Martiano,
388 2469 456 2502 1100
484 2477 556 2508 est,
578 2481 617 2501 ex
641 2481 722 2501 arca
748 2470 839 2503 illius

170 2521 336 2556 solvenda
359 2524 594 2565 quinquaginta
619 2523 720 2553 millia
744 2525 841 2554 denu-

171 2578 261 2607 rium.
276 2576 444 2608 Caeterum
459 2577 607 2618 stipulari
620 2577 658 2605 de
671 2577 780 2617 aliquo
793 2575 841 2607 in-

171 2628 334 2662 solentius
354 2628 486 2661 dictum
507 2626 617 2662 videri
636 2634 758 2672 potest.
786 2628 839 2661 Ita

174 2691 287 2715 tamen
299 2681 402 2714 etiam
413 2682 609 2719 Africanus,
621 2679 643 2712 1.
656 2680 837 2720 XXXVII,

175 2749 220 2779 π,
251 2733 293 2767 de
321 2734 430 2769 usufr.
457 2742 487 2767 ct
514 2731 835 2780 quemadmodum:

906 1171 918 1183 κ
937 1154 992 1195 Si,
1012 1167 1121 1200 quum
1143 1156 1177 1188 in
1194 1169 1305 1189 annos
1323 1156 1443 1190 decem
1461 1158 1576 1203 proxi-

902 1220 976 1241 mos
997 1221 1098 1241 usum
1121 1209 1274 1242 fructum
1300 1209 1343 1242 de
1364 1218 1397 1243 te
1419 1209 1493 1243 dari
1521 1211 1577 1243 sti-

901 1261 1042 1306 pulatus
1057 1274 1165 1295 essem
1181 1287 1189 1302 ‚
1209 1275 1271 1309 per
1288 1270 1320 1296 te
1339 1264 1487 1303 steterit,
1505 1275 1577 1308 quo

902 1313 1016 1346 minus
1032 1314 1144 1348 dares.
1161 1333 1174 1345 n
1194 1317 1324 1348 Iterum
1342 1315 1463 1349 eadem
1479 1316 1572 1361 lege3

903 1382 916 1394 «
928 1367 955 1398 si
966 1367 1073 1400 Stichi
1085 1367 1204 1400 decem
1216 1381 1388 1401 annorum
1400 1381 1520 1414 operas
1533 1368 1576 1401 dc

901 1426 934 1451 te
945 1418 1018 1452 (lari
1031 1420 1215 1466 stipulatus
1225 1421 1317 1454 sim.»
1327 1421 1371 1454 G.
1380 1442 1425 1446 -—
1433 1423 1578 1453 Foedissi-

900 1485 951 1503 mo
961 1497 967 1504 .
980 1499 987 1505 .
999 1497 1006 1504 .
1016 1476 1229 1517 unguentarii.
1244 1475 1296 1506 Ita
1308 1482 1341 1507 et
1354 1476 1452 1507 Rom.
1469 1474 1512 1507 H.
1530 1496 1575 1499 —

906 1528 1125 1568 Unguentarii.
1150 1527 1307 1559 Pecuniae
1333 1527 1367 1559 in
1393 1534 1574 1572 unguenta

901 1576 1141 1622 impendendae
1155 1604 1164 1620 ‚
1178 1579 1288 1612 foedus
1307 1579 1426 1613 titulus
1444 1580 1481 1612 in
1495 1592 1574 1625 pro-

902 1630 1041 1663 vinciali
1063 1633 1251 1676 praesertim
1274 1640 1306 1665 et
1331 1632 1441 1665 milite
1455 1658 1463 1672 ‚
1485 1644 1573 1678 quos

903 1684 1013 1714 allium
1026 1686 1151 1715 obolere
1165 1698 1261 1727 quam
1276 1695 1487 1729 unguentum,
1504 1697 1576 1717 non

901 1742 1036 1767 tantum
1051 1736 1183 1769 barbati
1204 1736 1254 1769 illi
1274 1745 1307 1769 et
1324 1737 1479 1782 capillati
1494 1737 1576 1778 Qui-

903 1787 984 1819 rites
999 1812 1007 1827 ‚
1024 1787 1084 1820 sed
1097 1788 1333 1834 Vespasianus
1351 1789 1455 1821 etiam
1471 1788 1577 1821 male-

903 1839 962 1872 bat
979 1839 1072 1884 apud
1088 1841 1228 1873 Sueton.
1250 1854 1281 1874 c.
1297 1840 1385 1873 VIII
1404 1852 1412 1872 :
1431 1853 1501 1886 quo
1520 1854 1575 1874 eo-

906 1891 986 1925 dem
1011 1893 1088 1925 loco
1116 1893 1218 1926 etiam
1242 1896 1397 1925 calcearii
1421 1894 1575 1933 mentio,

904 1944 998 1990 quod
1031 1948 1237 1989 unguentarii
1272 1946 1422 1978 formam
1456 1945 1574 1980 habet.

912 2015 925 2027 «
944 1998 1143 2032 Clavarium
1159 2024 1168 2040 ‚
1195 1998 1421 2031 camelarium
1441 2023 1450 2038 ,
1476 2010 1576 2031 vasa-

903 2051 994 2084 rium
1008 2076 1017 2091 ‚
1028 2052 1227 2085 vestiarium
1242 2076 1250 2091 ,
1265 2049 1488 2083 hordearium
1499 2076 1507 2091 ‚
1524 2064 1577 2083 ce-

903 2104 1034 2137 rarium
1049 2129 1058 2144 ‚
1087 2104 1297 2149 linguarium
1324 2105 1414 2148 (qno
1447 2104 1574 2148 linguae

903 2156 1078 2190 temeritas
1111 2156 1294 2189 redimitur
1329 2156 1455 2189 Muret.
1486 2156 1574 2189 Var.

904 2211 1006 2256 Ling.
1020 2210 1087 2243 XII
1105 2234 1114 2249 ‚
1136 2210 1169 2253 5)
1186 2209 1342 2241 uxorium
1358 2234 1366 2248 ‚
1382 2208 1552 2241 locarium
1565 2233 1575 2249 ,

905 2265 1070 2306 ipsumque
1095 2263 1178 2293 adeo
1201 2261 1418 2306 congiarium
1434 2286 1443 2301 ‚
1467 2261 1575 2293 hono-

905 2315 1037 2347 rarium
1050 2339 1059 2354 ‚
1089 2314 1250 2347 salarium
1262 2339 1271 2354 ‚
1287 2330 1299 2342 »
1326 2312 1447 2346 eodem
1468 2313 1574 2347 modo

906 2367 974 2400 (lici
987 2393 995 2407 ‚
1011 2380 1031 2400 a
1044 2367 1125 2399 viris
1142 2366 1250 2399 doctis
1264 2374 1440 2399 ostensum
1454 2373 1515 2398 est.
1528 2365 1572 2398 G.

905 2441 951 2445 —-
970 2421 1140 2451 Pumicati.
1162 2419 1303 2451 Pumice
1323 2418 1414 2450 enim
1433 2418 1574 2450 uteban-

907 2480 962 2505 tur
979 2471 1024 2504 ad
1041 2470 1247 2516 laevigandas
1264 2484 1335 2504 non
1354 2470 1574 2503 membranas

907 2524 1012 2558 modo
1025 2549 1033 2565 ‚
1050 2524 1175 2569 quibus
1190 2524 1415 2557 inscriberent
1427 2547 1436 2562 ,
1452 2521 1511 2554 sed
1529 2522 1573 2555 ad

905 2577 1030 2622 pellem
1049 2577 1152 2609 etiam
1167 2588 1266 2609 suam
1285 2575 1417 2608 molles.
1434 2574 1574 2607 Lauda-

905 2629 953 2661 vit
974 2629 1030 2661 hic
1054 2637 1132 2675 post
1151 2629 1337 2663 Cellarium
1356 2628 1495 2661 Cortius
1516 2628 1573 2661 Sa-

904 2694 1071 2714 varoncm
1091 2680 1135 2714 ad
1155 2680 1273 2715 Sidon.
1295 2680 1446 2727 Apollin.
1468 2681 1483 2712 I
1498 2704 1506 2720 ,
1529 2691 1571 2725 7,

905 2741 935 2766 et
954 2733 1061 2774 VIII,
1082 2734 1115 2767 3.
1135 2732 1177 2766 G.
