1742 2989
626 178 967 220 EPISTULA
1004 180 1054 220 V.

146 259 369 303 tolerabile
388 276 396 302 :
418 258 588 319 gravius
607 257 733 313 illud,
752 260 868 319 quod
891 259 1228 320 pulcherrimum
1253 274 1361 317 opus
1386 259 1439 300 im
1449 275 1538 317 pcr-

146 332 306 376 fectum
334 330 518 391 reliquit.
545 332 755 386 Quamvis
784 334 898 376 enim
926 331 1102 393 agendis
1127 331 1285 374 caussis
1311 330 1536 391 distringe-

148 415 292 459 retur,
313 404 527 448 scribebat
553 413 696 447 tamen
723 406 861 449 exitus
885 407 1125 449 occisorum
1147 413 1221 447 aut
1246 402 1535 463 relegatorum

146 495 169 520 a
194 478 369 521 Nerone
400 493 409 520 :
436 487 478 520 et
502 477 591 536 jam
621 487 705 520 tres
732 477 862 521 libros
887 477 1152 531 absolverat,
1173 475 1376 530 subtiles,
1404 485 1446 518 et
1470 475 1531 518 di-

145 548 350 609 ligentes,
375 559 417 592 et
441 549 644 603 Latinos,
666 560 794 610 atque
819 551 932 593 inter
957 566 1199 593 sermonem
1223 548 1536 608 historiamque

145 621 318 664 medios.
334 623 396 664 Ac
415 631 535 664 tanto
553 623 688 682 magis
707 622 892 683 reliquos
909 623 1115 683 perficere
1132 622 1354 682 cupiebat,
1370 631 1535 681 quanto

145 691 413 752 frequentius
440 693 485 736 hi
515 693 834 739 lectitabantur.
864 696 975 739 Mihi
1007 705 1151 739 autem
1180 694 1352 738 videtur
1381 694 1535 737 acerba

1446 193 1536 237 279

144 782 312 826 semper
335 777 378 810 et
402 768 632 811 immatura
660 786 774 812 mors
799 786 975 821 eorum,
1001 771 1075 830 qui
1102 767 1346 811 immortale
1372 766 1536 827 aliquid

143 850 310 898 parant.
327 842 439 885 Nam
460 841 534 900 qui
556 840 848 902 voluptatibus
869 843 1001 886 dediti
1022 844 1143 903 quasi
1166 843 1210 884 in
1231 842 1344 885 diem
1364 842 1537 890 vivunt,

142 912 314 955 vivendi
337 930 506 956 caussas
530 914 724 974 quotidie
751 915 908 958 finiunt
935 933 943 958 :
969 916 1043 975 qui
1069 932 1171 958 vero
1198 925 1393 975 posteros
1420 914 1534 973 cogi-

143 993 260 1040 tant,
279 995 322 1028 et
343 988 597 1029 memoriam
621 989 685 1031 sui
709 988 971 1042 extendunt,
992 989 1058 1031 his
1082 987 1200 1030 nulla
1223 1004 1339 1030 mors
1362 1003 1449 1029 non
1473 1002 1535 1029 re-

143 1060 321 1117 pentina
347 1070 428 1113 est,
452 1070 499 1103 ut
519 1078 613 1120 quae
632 1078 800 1122 semper
825 1062 1076 1104 inchoatum
1102 1060 1266 1120 aliquid
1286 1059 1531 1118 abrumpat.

144 1130 273 1173 Caius
298 1131 473 1191 quidem
494 1134 703 1187 Fannius,
722 1134 840 1193 quod
862 1134 1041 1187 accidit,
1063 1133 1201 1176 multo
1225 1142 1325 1175 ante
1352 1147 1534 1191 praesen-

142 1201 209 1245 sit.
225 1203 353 1246 Visus
373 1213 435 1247 est
460 1204 539 1246 sibi
562 1221 637 1264 per
663 1217 920 1250 nocturnam
940 1207 1129 1266 quietem
1145 1207 1289 1265 jacere
1310 1205 1353 1246 in
1376 1202 1534 1247 lectulo

142 1291 220 1317 suo
246 1277 509 1336 compositus
530 1278 571 1319 in
594 1278 789 1322 habitum
813 1279 1047 1333 studentis,
1066 1279 1226 1322 habere
1246 1287 1347 1320 ante
1367 1293 1410 1319 se
1433 1277 1533 1320 scri-

142 1347 263 1390 nium
293 1349 350 1391 ita
366 1383 377 1403 ‚
403 1359 451 1392 ut
475 1349 640 1393 solebat
668 1367 677 1392 ε
706 1368 806 1394 mox
832 1351 1092 1410 imaginatus
1116 1359 1179 1393 est
1205 1350 1369 1392 venisse
1391 1350 1534 1392 Nero-

189 1513 219 1546 3.
230 1517 317 1544 Inter
325 1526 495 1545 sermonem
506 1515 740 1556 historiamque.
756 1515 804 1546 De

141 1576 209 1609 qua
224 1563 418 1598 differentia
436 1564 507 1597 vid.
523 1565 644 1598 Noster
659 1566 705 1605 V,
720 1570 753 1606 8,
769 1578 802 1609 9,

142 1629 192 1662 sq.
212 1616 256 1649 G.

189 1676 220 1706 4.
236 1672 370 1700 Acerba.
386 1668 526 1713 proprio
547 1669 602 1700 hic
624 1682 724 1702 sensu
744 1682 804 1714 po-

142 1721 247 1760 nitur,
263 1720 356 1765 quod
375 1728 521 1765 arguunt
537 1720 737 1765 adjunctum
752 1724 806 1753 im-

141 1783 286 1811 matura,
313 1781 345 1805 et
368 1780 441 1816 post
463 1785 607 1818 sequens
628 1776 802 1816 repentina.

141 1825 222 1857 Aus.
237 1825 313 1857 Par.
328 1826 424 1865 XIV,
440 1837 477 1858 12
495 1837 501 1858 :
515 1828 628 1857 Indole
644 1836 802 1865 maturus,

131 1878 248 1919 funere
259 1880 387 1909 acerbus
401 1880 477 1910 obis.
493 1876 595 1918 Quod
609 1890 804 1922 expressum

141 1928 184 1961 ad
193 1929 421 1974 Virgilianum
432 1933 555 1974 :sunere
565 1932 670 1962 mersit
679 1934 803 1963 acerbo.

141 1981 338 2015 Graecorum
370 1984 468 2029 ἄωρος
491 1984 645 2024 θάνατος,
667 1985 803 2029 πρόωρος

142 2038 246 2081 μοῖρα.
261 2035 295 2068 S.

186 2107 231 2112 -—-
246 2089 344 2128 Quasi
356 2089 386 2118 in
403 2089 485 2119 diem
497 2089 618 2119 vivunt.
628 2087 725 2120 Hanc
739 2087 806 2120 sor—

141 2139 268 2171 mulam
279 2138 551 2172 commodissime
560 2140 804 2185 interpretatur

141 2191 330 2224 Columella
345 2192 396 2223 ΠΙ
409 2217 417 2232 ,
435 2191 452 2222 3
466 2217 474 2231 ,
495 2194 514 2224 6
529 2203 535 2224 2
548 2196 695 2224 Fructum
708 2195 804 2235 pleri-

141 2255 201 2286 que
227 2256 323 2285 quam
355 2246 541 2275 uberrimum
571 2254 801 2283 consectantur,

140 2307 203 2327 nec
228 2294 405 2338 provident
426 2295 542 2327 futuro
567 2296 725 2340 tempori,
749 2300 807 2328 sed

141 2348 340 2389 quasiplane
351 2346 385 2378 iu
399 2345 488 2379 diem
504 2347 615 2379 vivant
632 2372 639 2387 ,
651 2351 695 2379 sic
709 2351 803 2390 impe-

141 2409 214 2431 rant
232 2401 350 2430 vitibus
377 2408 406 2430 ec
424 2412 476 2430 eas
500 2402 603 2430 multis
618 2403 802 2442 palmitibus

141 2461 291 2488 onerant,
315 2460 349 2482 uc
374 2451 563 2494 posteritati
587 2464 656 2483 non
683 2464 803 2484 consu-

140 2501 224 2535 lant.
243 2502 287 2534 G.
300 2522 347 2527 ——
368 2504 498 2534 l'ivendc'
515 2516 642 2534 caussas
661 2505 802 2545 quotidie

132 2556 266 2598 finiunt.
292 2554 391 2587 Nulla
418 2566 537 2587 caussa
562 2562 632 2594 est,
654 2568 714 2588 cur
734 2568 801 2588 1:011

142 2606 292 2650 quotidie
312 2607 513 2639 moriantur.
534 2607 679 2639 Pessime
702 2608 801 2652 expli-

143 2665 195 2689 cat
207 2659 396 2692 Catanaeus.
411 2661 444 2693 S.
464 2680 508 2684 —
527 2663 565 2691 (fc
582 2673 653 2701 quoe
668 2674 798 2702 semper,

870 1521 933 1546 etc.
950 1516 1047 1547 Rom.
1070 1518 1110 1545 Ut
1127 1527 1198 1557 quoe
1217 1526 1333 1556 semper
1352 1514 1531 1545 inchoatum

870 1569 998 1609 aliquid
1008 1569 1185 1609 abrumpat.
1197 1565 1240 1598 H.
1252 1586 1297 1590 -υ-
1310 1566 1357 1597 De
1371 1565 1435 1597 hac
1450 1566 1531 1597 scri-

869 1626 985 1662 ptura,
995 1632 1099 1664 quain
1109 1631 1189 1652 cave
1197 1631 1258 1663 pro
1267 1618 1383 1651 vitiosa
1396 1618 1534 1654 habeas.

870 1670 940 1703 vid.
952 1671 1096 1704 Casaub.
1105 1679 1134 1703 et
1145 1672 1334 1703 Burmann.
1345 1670 1387 1703 ad
1396 1671 1533 1705 Sueton.

870 1723 954 1754 Caes.
969 1735 1044 1767 cap.
1061 1724 1186 1761 XLVI,
1204 1735 1236 1767 p.
1254 1734 1328 1765 107⁷
1345 1734 1396 1766 sq.
1412 1722 1445 1755 S.

918 1776 949 1808 5.
969 1778 1006 1806 Iu
1033 1777 1144 1806 lectulo
1167 1788 1233 1806 suo.
1259 1775 1386 1806 Notum
1410 1781 1478 1813 est,
1499 1774 1530 1805 in

869 1826 963 1860 lectis
977 1827 1027 1859 vel
1040 1826 1164 1859 lecticis
1176 1827 1328 1871 jacentes
1340 1838 1407 1857 non
1419 1826 1530 1857 cibum

870 1878 971 1912 modo
1000 1879 1128 1924 cepisse
1143 1903 1151 1918 ,
1185 1891 1195 1909 x
1206 1891 1299 1910 erum
1332 1878 1431 1910 etiam
1467 1885 1533 1909 stu-

870 1930 994 1964 duisse.
1014 1931 1120 1963 Multa
1138 1929 1181 1962 ad
1200 1930 1342 1974 Augusti
1357 1932 1531 1961 lecticulam

871 1985 1117 2017 lucubratoriam
1127 2008 1134 2020 ‚
1145 1983 1284 2016 Sueton.
1294 1994 1324 2014 c.
1336 1981 1530 2020 LXXVIII,

869 2036 1104 2069 Casaubonus.
1120 2035 1212 2067 6.-
1222 2036 1416 2077 Compositus
1432 2036 1463 2065 itz
1477 2035 1534 2064 lia-

869 2091 965 2121 bitum
986 2090 1148 2120 studentis.
1170 2088 1266 2119 Rom.
1293 2088 1480 2129 compositus
1500 2088 1531 2117 iu

869 2143 977 2173 habitu
990 2142 1154 2172 studentis.
1167 2140 1219 2172 Sic
1235 2138 1341 2171 Aldus
1360 2138 1458 2170 etiam
1468 2164 1474 2170 .
1487 2137 1529 2169 H.

868 2213 912 2217 ——
928 2197 998 2231 Ita,
1021 2203 1055 2224 ut
1067 2195 1196 2224 solebat.
1216 2191 1268 2225 Sic
1284 2200 1315 2223 et
1340 2193 1434 2222 Rom.
1451 2188 1529 2221 Ald.

867 2247 918 2276 Sic
935 2248 1066 2277 solebat.
1083 2245 1127 2277 H.
1142 2265 1186 2268 ——
1200 2245 1318 2288 Neque
1339 2242 1404 2275 hoc
1423 2243 1531 2274 feren-

868 2296 949 2329 dum
965 2322 972 2336 ,
1000 2309 1061 2329 nec
1086 2296 1178 2341 quod
1205 2296 1339 2329 C01tius
1365 2294 1529 2332 adscivit,

867 2351 913 2380 ita
932 2351 1063 2380 solebat.
1084 2348 1255 2380 Indicam
1275 2347 1307 2379 id
1320 2373 1328 2386 ,
1352 2346 1527 2392 proprium

868 2401 969 2433 fuisse
985 2413 1113 2432 morem
1137 2400 1281 2439 Fannii,
1302 2399 1426 2431 hahere
1451 2405 1529 2429 ante

867 2452 1024 2485 scrinium
1041 2478 1048 2491 ‚
1069 2453 1200 2497 quotics
1223 2453 1257 2484 in
1284 2452 1408 2483 lvetnlo
1436 2450 1530 2482 lucu-

866 2505 1015 2537 bratorio
1030 2505 1169 2549 jaceret.
1192 2506 1221 2537 Is
1246 2518 1322 2536 vero
1344 2516 1414 2536 mos
1439 2514 1529 2535 coui-

866 2557 976 2590 munis
1002 2557 1062 2589 fuit
1091 2558 1266 2595 omnium,
1296 2556 1353 2600 qui
1382 2556 1414 2587 in
1442 2555 1529 2587 lecto

864 2610 1100 2642 recumbentes
1124 2610 1291 2654 legem-nt,
1320 2617 1378 2640 aut
1407 2610 1528 2641 scribe-

864 2669 951 2694 rent.
978 2662 1011 2694 S.
1033 2682 1077 2686 ——-
1094 2665 1174 2693 Mna-
1201 2662 1392 2702 imuginalus
1417 2671 1460 2692 est
1485 2675 1529 2691 vc-

1564 328 1580 358 ‘2'
