1757 2880
211 150 286 177 riv
705 135 861 177 VITA
896 134 1130 178 PLINII.

215 219 413 259 Honores
434 218 558 276 gessit
576 219 868 275 amplissimos
888 219 984 258 Fuit
1001 220 1114 260 enim
1133 231 1315 276 quaestor
1331 221 1498 261 Caesaris
1512 221 1616 274 VII,

218 288 270 329 16
287 320 297 339 ,
328 304 373 340 2,
391 289 610 329 Tribunus
635 289 820 328 militum
847 288 936 339 ΙΙΙ,
959 303 973 328 1
990 305 1003 328 1
1019 321 1029 340 ,
1060 290 1082 330 5
1111 288 1222 346 (17),
1238 290 1456 330 Tribunus
1484 291 1618 347 plebis

214 359 257 409 Ι,
282 358 358 411 23,
382 375 427 409 2,
449 369 490 400 et
513 359 556 399 P.
577 358 658 414 95,
683 374 724 410 1,
747 358 903 398 Praetor
923 357 1007 410 ΙΙΙ,
1035 375 1106 412 11,
1133 375 1181 411 2,
1205 361 1356 412 etVss,
1377 361 1450 411 16,
1469 376 1490 400 2
1509 360 1616 416 (18),

213 428 438 469 Praefectus
458 429 590 468 aerarii
615 429 782 469 Saturni
802 428 852 479 V,
879 427 926 468 15
941 459 953 480 ,
976 427 1020 481 53
1046 429 1090 469 P.
1119 445 1172 485 92
1187 461 1198 480 ,
1223 446 1235 470 1
1262 430 1372 487 (19),
1393 430 1618 470 Praefectus

213 499 346 538 aerarii
371 499 564 539 militaris
594 498 668 554 (de
691 513 776 555 quo
797 498 873 538 Vll
890 529 900 547 ,
924 500 974 548 14
990 530 1000 550 ,
1032 514 1070 539 11.
1100 500 1214 556 (20))
1239 500 1430 556 Inscript.
1458 500 1620 540 Consul

214 570 296 621 ΙΙΙ,
323 569 396 621 13,
420 585 461 622 1,
486 581 528 611 et
550 585 616 626 ep.
644 572 719 622 18,
750 585 763 609 1
783 601 793 620 ,
822 580 863 609 et
889 569 936 610 Ρ.
963 584 1013 624 91
1045 570 1156 624 (21),
1184 575 1334 627 Augur
1353 572 1424 618 IV,
1455 570 1478 610 8
1509 572 1618 626 (22),

213 639 456 695 Propraetor
479 640 705 696 provinciae
723 639 909 680 Ponticae
932 640 1142 680 consulari
1170 651 1372 695 potestate
1396 640 1434 680 X
1449 671 1460 690 ,
1486 655 1556 695 77,
1576 654 1619 680 n.

214 719 256 750 et
282 697 478 766 Insciipt.
511 710 819 766 (23),Curator
845 709 949 749 alvei
967 709 1134 750 Tiberis
1159 710 1210 763 V,
1240 711 1312 758 15,
1342 726 1389 757 2,
1416 726 1457 750 n.
1482 721 1523 750 et
1549 711 1620 750 In-

211 813 371 859 pactione
390 813 512 855 modo,
530 813 622 847 dono
635 838 643 853 ,
665 821 696 847 et
716 825 878 854 munere,

212 864 272 898 sed
288 865 395 898 xeniis
411 867 514 900 etiam
531 865 696 900 abstinuit
710 867 756 906 V,
776 871 830 906 14,
846 866 879 899 8.

259 920 331 962 (17)
350 918 441 951 Add.
456 920 500 959 X,
525 931 578 963 19,
602 920 680 959 131,
703 931 757 958 10,
777 932 809 958 2,
824 919 883 951 ubi

213 969 512 1004 adolescentulum
531 984 566 1004 se
584 972 617 1004 in
642 972 736 1018 Syria
755 971 801 1004 ait
820 971 884 1004 rni-

209 1022 338 1056 litasse.
357 1022 515 1056 Reditum
531 1037 548 1057 e
563 1024 682 1056 militia
698 1023 765 1056 hac
784 1036 885 1056 suum

212 1083 379 1108 memorat
397 1075 485 1115 VII,
508 1082 542 1117 4,
566 1078 599 1109 3.
623 1077 677 1110 Cf.
696 1076 805 1117 VIII,
831 1080 884 1117 14,

212 1139 232 1170 7
253 1135 286 1159 et
308 1131 338 1159 8.
360 1127 459 1161 Circa
484 1140 615 1161 annum
642 1129 748 1161 aetatis
771 1128 884 1167 XXV,

211 1191 287 1224 quae
312 1179 461 1225 legitima
483 1189 563 1213 aetas
583 1187 654 1221 est,
669 1181 884 1221 Quaestorem

210 1231 343 1263 factum
370 1232 550 1275 probabile
575 1241 637 1265 est.
664 1232 743 1264 Fuit
769 1240 885 1265 autem

211 1290 360 1327 quaestor
376 1283 520 1316 Caesaris
545 1298 624 1318 cum
645 1284 811 1317 Calestrio
828 1284 885 1315 Ti-

212 1335 398 1368 rone.Vid.
412 1335 495 1376 VII,
512 1339 566 1377 16,
581 1351 612 1370 2.
624 1338 781 1378 Quaestor
792 1349 885 1368 nem-

210 1399 254 1432 pe
267 1388 411 1420 Caesaris
423 1415 431 1429 ‚
449 1388 483 1421 in
501 1398 669 1434 quantum
684 1391 711 1422 is
726 1389 856 1422 Consul
874 1401 881 1421 ε

212 1440 370 1480 Quaestor
393 1453 497 1485 porro
524 1454 680 1482 annuus,
707 1454 782 1486 quae
808 1453 885 1473 eru-

212 1492 284 1524 dite
304 1492 517 1527 demonstrat
540 1495 694 1526 Masson.
717 1494 829 1533 XXV,
852 1506 882 1525 2.

260 1545 331 1586 (18)
354 1545 466 1578 Gessit
493 1555 676 1591 praeturam
705 1558 794 1579 anno
818 1557 886 1577 suae

213 1597 317 1629 aetatis
338 1598 451 1629 XXXI
467 1606 499 1630 et
515 1599 661 1637 XXXII,
682 1598 812 1631 Christi
825 1599 884 1640 9⁴3,

214 1648 307 1693 quod
341 1649 533 1682 luculenter
565 1657 596 1681 et
624 1650 798 1694 ingeniose
827 1649 886 1682 de-

213 1709 443 1734 monstratum
461 1701 554 1734 dedit
574 1702 767 1734 Massonus.

260 1755 331 1797 (19)
346 1753 437 1786 Add.
460 1755 509 1794 X,
529 1767 589 1794 20,
610 1766 622 1786 1
642 1761 674 1787 et
690 1759 750 1794 24,
768 1756 808 1793 3,
827 1755 887 1787 ubi

214 1806 366 1850 plurium
378 1819 524 1839 numero
535 1809 734 1850 indulgencia
745 1818 886 1847 VESTRA,

214 1866 246 1889 ct
264 1860 403 1901 delegati
417 1872 438 1891 a
462 1871 558 1891 voms
577 1861 679 1904 officii
696 1872 791 1897 curu,
812 1872 885 1892 me-

212 1918 380 1943 moratur.
399 1911 532 1944 Tamen
548 1912 701 1944 Masson.
721 1912 883 1954 XXXVI,

216 1973 249 2005 7,
277 1969 352 2006 post
380 1964 515 1995 obitum
544 1965 663 1997 Nervae
686 1976 706 1996 a
731 1965 884 2010 Trajano

214 2014 287 2045 solo
305 2014 391 2046 illud
412 2014 608 2060 delegatum
621 2042 631 2056 ‚
652 2029 669 2048 e
689 2024 883 2061 temporum

213 2064 406 2098 rationibus
421 2067 581 2100 ostendit.
600 2068 692 2108 Quid
709 2069 735 2101 si
750 2070 784 2101 in
800 2070 885 2102 scri—

214 2117 277 2149 niis
298 2125 331 2149 et
350 2120 607 2152 commentariis
626 2121 744 2153 Nervae
764 2122 884 2155 iuven-

213 2177 286 2200 tum
296 2169 444 2202 Plinium
459 2172 590 2204 honore
604 2174 885 2218 auxit'l'rajanus?

216 2229 252 2254 ut
272 2221 315 2254 ad
333 2223 451 2255 ambos
468 2224 588 2256 referri
608 2226 737 2258 factum
756 2236 881 2270 posset.

214 2273 263 2305 De
276 2275 562 2319 occupationibus
573 2277 675 2322 hujus
687 2278 796 2311 officii
805 2292 885 2311 con-

214 2327 370 2370 queritur
384 2328 400 2359 I
411 2352 419 2367 ‚
442 2341 495 2368 10,
511 2342 544 2372 9.
556 2330 753 2363 Menstruas
771 2339 884 2364 tamen

214 2377 287 2422 ejus
304 2379 393 2412 vices
412 2380 636 2425 intelligimus
652 2395 691 2416 ex
712 2384 756 2422 X,
776 2389 830 2424 24,
848 2386 880 2417 3.

261 2433 332 2473 (20)
347 2432 477 2477 Nempe
496 2434 643 2466 ostendit
658 2435 824 2468 Cellarius
839 2436 882 2469 ad

213 2481 237 2514 l.
251 2493 282 2514 c.
294 2484 487 2518 vicesimam
502 2486 730 2520 hereditatum
747 2487 790 2520 ad
803 2501 882 2521 aera—

212 2532 302 2566 rium
330 2536 473 2570 utilitare
503 2539 719 2583 pertinuisse.
750 2543 879 2573 AErario

214 2587 346 2617 militari
353 2591 553 2631 prastaam,
571 2591 674 2623 etiam
691 2592 882 2638 inscriptio-

216 2647 273 2670 nes
286 2649 487 2674 memorant.
499 2642 630 2676 Plinius
648 2644 786 2688 quidem
803 2658 881 2677 11115-

946 824 1067 857 quam‚
1085 822 1121 846 ut
1142 813 1266 846 Civersi
1281 826 1299 847 a
1314 814 1519 859 praefectura
1539 825 1621 846 aera-

946 865 986 897 rii
1003 865 1142 899 Saturni
1157 892 1166 906 ‚
1184 867 1336 899 muneris
1355 866 1522 898 meminit.

995 920 1065 961 (21)
1084 920 1125 951 In
1151 931 1220 965 quo
1244 919 1425 952 consulatu
1448 918 1622 961 (bimestri

951 983 1014 1016 pro
1034 971 1284 1005 consuetudine
1303 971 1396 1004 illius
1409 971 1570 1016 temporis
1584 971 1622 1003 in

950 1023 1088 1067 privatis
1104 1049 1113 1063 ,
1134 1024 1176 1057 de
1195 1037 1265 1069 qua
1283 1023 1326 1057 ad
1346 1024 1472 1069 Paneg.
1492 1023 1620 1063 XCIV,

955 1078 995 1117 4)
1010 1101 1018 1115 ,
1045 1084 1077 1108 et
1103 1076 1243 1121 quidem
1272 1089 1387 1109 mense
1415 1075 1621 1122 septembri,

955 1129 1149 1161 dratiarum
1167 1130 1335 1162 actionem
1348 1153 1357 1169 ,
1377 1128 1447 1162 sive
1466 1129 1623 1173 Panegy-

948 1180 1059 1213 ricum
1074 1181 1214 1221 habuit,
1231 1182 1291 1227 qui
1312 1188 1430 1214 exstat.
1451 1181 1622 1213 Caeterum

949 1232 1039 1265 circa
1055 1233 1126 1266 haec
1144 1242 1299 1279 tempora
1317 1233 1419 1266 etiam
1437 1233 1500 1265 fuit
1515 1232 1622 1273 Quin-

949 1286 1069 1329 quevir
1086 1287 1278 1332 sumptibus
1299 1286 1445 1331 publicis
1461 1285 1621 1318 minuen-

950 1335 1022 1377 dis,
1043 1339 1201 1383 Virginio
1225 1339 1313 1372 Rufo
1335 1339 1433 1371 illum
1456 1338 1621 1383 eligente,

949 1401 1121 1434 perquem
1139 1391 1213 1434 ipse
1225 1399 1445 1423 excusaretur
1461 1391 1495 1421 II
1506 1414 1515 1430 ‚
1539 1401 1570 1428 Ι,
1585 1400 1619 1431 9.

998 1444 1030 1485 (2
1038 1444 1069 1484 2)
1076 1442 1221 1475 Petierat
1230 1443 1459 1488 Auguratum‚
1467 1443 1519 1475 vel
1528 1440 1622 1473 aliud

951 1493 1180 1527 sacerdotium
1192 1508 1211 1528 a
1220 1495 1374 1541 Trajano
1383 1496 1427 1534 X,
1436 1497 1468 1528 8.
1477 1494 1622 1526 Factum

950 1545 987 1578 id
1010 1558 1100 1578 auno
1129 1548 1229 1579 Plinii
1252 1548 1390 1581 circiter
1417 1552 1475 1587 41,
1499 1547 1623 1591 prohat

950 1598 1132 1631 Massonus
1148 1601 1166 1642 §
1183 1613 1213 1632 2.

998 1652 1068 1694 (23)
1077 1652 1147 1684 Cur
1156 1656 1343 1694 Propret’tor
1352 1650 1484 1683 Plinius
1492 1675 1501 1690 ,
1512 1663 1622 1695 quum

951 1712 1030 1736 ante
1040 1704 1151 1748 ipsum
1162 1703 1357 1749 Bithyniam
1368 1703 1533 1735 rexissent
1544 1708 1622 1735 Pro-

951 1758 1092 1788 consules
1101 1770 1111 1787 .·
1122 1768 1225 1800 quam
1235 1756 1302 1788 vim
1313 1756 1439 1788 habeat
1447 1757 1623 1788 consularis

950 1808 1007 1840 illa
1019 1835 1027 1850 ‚
1042 1820 1117 1852 quae
1130 1808 1193 1852 ipsi
1204 1807 1366 1840 tribuitur
1380 1808 1415 1840 in
1431 1808 1623 1852 inscriptio-

950 1873 1011 1900 ne,
1026 1871 1170 1903 potestas
1180 1866 1196 1892 Ρ
1216 1860 1447 1893 eruditissime
1470 1860 1621 1904 disputat

950 1913 993 1946 ad
1010 1913 1103 1945 hunc
1125 1926 1254 1946 annum
1266 1937 1274 1952 ,
1292 1913 1359 1945 hoc
1383 1919 1454 1952 est,
1471 1917 1510 1951 41
1530 1919 1561 1945 et
1578 1917 1619 1952 42

949 1966 1051 1998 Plinii
1065 1991 1074 2006 ‚
1095 1966 1221 1999 Christi
1241 1966 1301 1998 103
1314 1990 1324 2003 ‚
1342 1965 1523 1997 Massonus
1537 1989 1545 2004 ,
1561 1964 1621 2009 qui

950 2018 1050 2050 etiam
1070 2018 1157 2051 illud
1174 2016 1321 2051 ostendit
1335 2042 1344 2057 ,
1361 2030 1430 2049 non
1447 2017 1621 2061 integrum

948 2070 1126 2102 biennium
1136 2070 1171 2102 in
1182 2069 1356 2115 provincia
1367 2077 1621 2102 commoratum

950 2135 1021 2155 esse
1036 2122 1198 2155 Plinium.
1221 2122 1389 2155 Caeterum
1406 2121 1558 2155 fabulam
1577 2120 1620 2154 de

949 2174 1060 2206 Plinio
1073 2173 1117 2206 ad
1133 2174 1435 2207 Christianismum
1452 2185 1620 2207 converso

950 2226 993 2260 ad
1008 2226 1156 2259 reditum
1174 2227 1280 2271 ipsius
1293 2239 1311 2258 e
1324 2227 1499 2271 provincia
1516 2226 1621 2259 refert

949 2278 1224 2312 Pseudo-Dexter
1238 2279 1274 2310 in
1288 2278 1454 2311 chronico
1465 2303 1473 2318 ‚
1487 2286 1519 2310 et
1529 2278 1620 2310 illius

949 2338 1199 2364 commentator
1216 2331 1371 2364 Bivarius
1387 2344 1393 2364 ς
1411 2332 1510 2377 jussu
1527 2330 1619 2363 enim

947 2384 1092 2430 Trajani
1106 2384 1278 2428 appulisse
1297 2383 1341 2416 ad
1362 2385 1500 2417 Cretam
1512 2407 1521 2421 ‚
1540 2382 1620 2414 aedi-

948 2435 1113 2469 ficationis
1132 2435 1313 2481 cujusdam
1339 2447 1480 2475 caussa,
1500 2435 1617 2479 ibique

949 2502 968 2522 a
986 2489 1019 2522 S.
1040 2488 1119 2520 Tito
1146 2488 1316 2533 Episcopo
1342 2499 1544 2520 conversum
1574 2486 1618 2519 ad

945 2540 1063 2574 fidem.
1078 2539 1185 2573 Addit
1196 2540 1332 2579 Dexter,
1351 2552 1406 2571 nec
1420 2541 1549 2578 desunt,
1563 2541 1620 2581 qui

940 2602 1075 2636 putent,
1100 2594 1233 2635 septima
1256 2593 1384 2623 Sextilis
1408 2594 1455 2622 ad
1470 2594 1618 2623 IVovoco-

948 2659 1029 2677 mum
1045 2657 1108 2676 esse
1116 2657 1258 2687 passum.
1275 2642 1342 2676 Sed
1357 2641 1478 2688 puduit
1494 2642 1616 2676 merito

1730 322 1754 531 ‚w-:v-jvm
1750 393 1753 398 ,
1735 138 1753 344 mn
1735 171 1740 187 *
1726 0 1754 146 m

1748 960 1754 971 .«
1742 758 1757 930 ,Τηίνρῃ
1743 647 1757 758 *sy-<20
