1742 2989
251 173 343 228 [434
677 170 726 212 c,
763 168 983 212 PLINII
1017 168 1141 210 LIB.
1178 170 1293 211 vn.

249 265 396 310 mata,
432 263 474 297 et
511 252 678 296 habere
708 251 933 311 propriam
972 249 1157 311 figuram
1197 267 1447 312 numenque
1478 252 1656 313 aliquod

249 340 396 391 putes,
425 344 478 371 an
508 326 653 369 inania
681 333 722 367 et
748 340 859 366 vana
881 340 933 367 ex
962 333 1082 367 metu
1108 334 1259 367 nostro
1290 324 1523 384 imaginem
1543 325 1656 369 acci—

206 422 222 441 2
249 419 366 464 pere.
389 403 482 461 Ego
500 409 549 442 ut
569 415 659 442 esse
674 396 848 440 credam
862 432 873 453 ‚
894 397 937 439 in
962 396 1115 457 primis
1141 413 1192 440 eo
1210 396 1368 453 ducor,
1391 397 1510 458 quod
1525 398 1657 442 audio

248 475 455 519 accidisse
475 472 631 516 Curtio
652 470 780 514 Rufo.
799 471 961 514 Tenuis
979 469 1124 532 adhuc
1143 480 1185 514 et
1204 471 1415 516 obscurus
1440 472 1658 515 obtinenti

247 549 442 593 Africam
468 562 611 590 comes
629 545 836 588 haeserat:
864 543 1076 587 inclinato
1107 543 1176 587 die
1201 545 1473 604 spatiabatur
1498 545 1541 587 in
1559 562 1660 606 por-

246 622 362 665 ticu:
388 619 575 664 offertur
609 619 647 662 ei
679 617 875 661 mulieris
909 617 1050 677 figura
1086 617 1278 661 humana
1317 618 1525 679 grandior
1563 617 1661 678 pul-

246 694 506 754 chriorque3
533 692 792 753 perterrito,
820 709 841 730 (c
862 689 1055 733 Africam
1087 707 1153 747 se,
1179 690 1430 734 futurorum
1453 707 1659 751 praenun-

244 767 352 809 tiam
366 801 377 821 ,
398 765 532 808 dixit:
556 765 723 807 iturum
740 763 858 806 enim
876 765 1090 819 Romam,
1114 764 1390 823 honoresque
1415 774 1660 824 gesturum,

246 848 377 899 atque
400 839 531 881 etiam
556 853 657 880 cum
683 854 854 880 summo
886 837 1073 894 imperio
1098 836 1144 877 in
1164 836 1363 879 eamdem
1388 837 1661 896 provinciam

202 932 218 956 ,ς
246 927 546 966 reversurum,
572 909 721 968 ibique
747 908 1027 952 moriturum.
1044 910 1214 952 »Facta
1238 919 1341 952 sunt
1364 911 1524 953 omnia.
1549 913 1663 953 Prae-

245 995 363 1028 terea
379 983 602 1027 accedenti
617 981 933 1042 Carthaginem
946 1017 957 1037 ⁷
972 981 1302 1041 egredientique
1317 997 1473 1025 navem
1486 1017 1497 1038 ‚
1511 981 1663 1025 eadem

245 1058 388 1119 figura
411 1059 455 1100 in
482 1056 610 1100 litore
639 1056 880 1099 occurrisse
908 1064 1126 1098 narratur.
1155 1057 1252 1115 Ipse
1281 1065 1397 1099 certe
1424 1054 1663 1117 implicitus

245 1130 423 1185 morbo,
462 1129 609 1172 futura
649 1128 902 1188 praeteritis,
940 1128 1122 1172 adversa
1157 1128 1361 1172 secundis
1398 1138 1663 1189 auguratus,

201 1221 218 1253 4
246 1219 368 1263 spem
407 1200 583 1256 salutis,
627 1200 751 1244 nullo
789 1217 968 1243 suorum
1008 1201 1292 1262 desperante,
1331 1203 1530 1263 projecit.
1568 1204 1664 1245 Jam

248 1274 355 1318 illud
371 1311 381 1331 ξ,
408 1291 556 1317 nonne
582 1284 625 1317 et
645 1275 784 1334 magis
808 1274 1026 1331 terribile,
1049 1285 1093 1319 et
1113 1292 1201 1318 non
1221 1276 1367 1319 minus
1387 1278 1551 1319 mirum
1572 1274 1666 1319 est?

207 1368 218 1395 -‚
246 1347 366 1409 quod
391 1364 632 1408 exponam,
658 1357 706 1390 ut
731 1348 892 1408 accepi.
917 1349 1023 1391 Erat
1043 1348 1228 1392 Athenis
1250 1349 1440 1408 spatiosa
1467 1358 1509 1392 et
1527 1364 1665 1409 capax

245 1422 403 1465 domus
421 1457 431 1476 ‚
452 1421 527 1464 sed
546 1421 720 1464 infamis
740 1430 783 1463 et
799 1420 1017 1481 pestilens.
1033 1424 1117 1465 Per
1130 1421 1354 1465 silentium
1375 1421 1517 1465 noctis
1533 1436 1664 1464 sonus

248 1495 376 1547 ferri,
404 1505 468 1549 et⁷
497 1496 531 1537 si
559 1493 811 1536 attenderes
835 1495 978 1537 acrius
995 1529 1004 1546 ‚
1031 1496 1238 1554 strepitus
1262 1494 1539 1537 vinculorum
1567 1493 1662 1536 lon-

250 1568 345 1628 gius
373 1569 538 1626 primo,
567 1565 725 1609 deinde
752 1583 774 1609 e
799 1567 999 1626 proximo
1035 1566 1322 1610 reddebatur:
1352 1583 1454 1608 mox
1479 1581 1662 1626 appare-

249 1744 352 1777 quam
364 1731 436 1763 haec
451 1729 667 1762 Athenodori
683 1729 867 1763 exclusisse
879 1730 929 1762 vi-

249 1784 365 1823 detur,
378 1784 548 1829 ςαῖσμοιτος
560 1795 687 1815 nomen
701 1784 752 1815 bis
762 1783 924 1815 occurrit.

249 1836 316 1870 Sed
334 1837 401 1869 hoc
423 1849 494 1868 non
510 1849 551 1868 eo
568 1836 679 1874 valet,
706 1844 743 1867 ut
764 1848 843 1868 cum
867 1836 928 1869 Ca-

250 1889 406 1922 saubono
421 1888 475 1921 hic
489 1896 638 1921 castrata
655 1900 740 1921 voce
748 1891 928 1931 plzasmczca

250 1943 403 1987 legamus
416 1954 478 1986 pro
487 1944 735 1983 phantasmata,
752 1941 846 1985 quod
857 1954 928 1973 om-

250 2006 310 2026 nes
325 1994 360 2026 in
376 1993 575 2026 universum
594 1994 700 2025 libros
722 1993 851 2026 habere
867 1994 927 2026 (lo--

251 2054 305 2079 cet
319 2045 455 2078 Cortius
468 2073 476 2086 ,
488 2054 519 2078 et
534 2045 629 2090 quod
644 2046 750 2078 sacris
764 2046 845 2078 viris
860 2046 928 2078 hoc

250 2110 355 2131 sensu
373 2098 506 2142 placuit
525 2099 687 2130 Matthaeo
704 2098 803 2138 XIV,
825 2100 880 2139 26,
896 2106 927 2131 et

250 2150 371 2183 Marco
382 2150 432 2181 VI
444 2175 452 2190 ,
465 2150 577 2193 4913.
590 2172 634 2175 -—
645 2154 771 2182 Numen
782 2153 927 2194 aliquod.

252 2203 335 2234 Vim
354 2202 543 2247 quamdam
573 2211 604 2235 et
631 2203 817 2247 potentiam
845 2202 930 2235 divi-

252 2268 334 2288 nam
349 2280 357 2295 ,
375 2257 544 2293 θειότητα,
568 2255 681 2300 qualis
702 2256 854 2288 cernitur
872 2256 928 2288 fu-

253 2314 411 2340 turorum
433 2307 669 2351 praesagitione
683 2332 691 2347 ,
711 2316 777 2340 etc.
800 2308 833 2340 S.

304 2373 335 2392 2.
353 2361 461 2391 Curtio
473 2361 565 2403 Rufo.
578 2360 696 2391 Vitam
711 2360 784 2405 ejus
796 2386 803 2399 ‚
819 2372 930 2404 neque

254 2412 321 2444 hac
353 2411 570 2445 dissimulata
600 2412 718 2444 fabula
735 2437 743 2451 ‚
782 2412 930 2445 breviter

254 2472 392 2498 enarrat
410 2464 524 2497 Tacit.
540 2467 634 2497 Ann.
652 2465 699 2496 XI
717 2490 725 2503 ‚
745 2477 799 2497 21.
814 2464 858 2497 G.

302 2537 347 2541 ——
358 2521 396 2547 In
406 2519 536 2559 porticu
549 2516 730 2550 Adruineti
745 2541 753 2555 ‚
769 2516 863 2561 quod
874 2529 932 2561 op-

254 2568 375 2613 pidum
385 2569 763 2615 Byzacenaeprovinciae
772 2570 806 2601 in
816 2569 930 2601 Africa

256 2628 372 2665 caput.
387 2621 641 2654 ED.——-lturum
656 2624 748 2653 euim.
760 2621 834 2654 Hoc
848 2624 931 2653 enim

257 2672 424 2718 respicere
436 2681 548 2717 potest
558 2673 603 2706 ad
616 2674 721 2707 verba
732 2676 931 2717 ,jizczcrsvmzm

987 1734 1206 1773 pravzuntiam
1215 1731 1308 1769 ;ha²c
1323 1731 1436 1764 firmat
1450 1731 1522 1776 ipsa
1537 1729 1666 1764 denun-

993 1783 1149 1816 tiatione.
1169 1783 1310 1816 Gruteri
1325 1784 1430 1828 igitur
1444 1784 1642 1829 conjectura
1655 1808 1663 1822 ‚

994 1849 1062 1868 eum
1075 1862 1083 1874 ,
1103 1849 1172 1868 non
1187 1849 1275 1881 opus
1295 1844 1356 1868 est.
1378 1836 1421 1868 G.

1041 1889 1073 1921 5.
1095 1892 1179 1921 Erat
1198 1890 1341 1920 Athenis.
1362 1889 1405 1922 In
1423 1887 1566 1921 Luci-ani
1584 1887 1665 1919 Phi-

994 1940 1159 1986 lopseude
1173 1942 1261 1986 [cap.
1274 1941 1420 1981 XXXV,
1432 1939 1503 1973 vid.
1515 1940 1667 1985 Bottiger

994 1997 1071 2026 iiber
1085 1996 1330 2026 Furienmczsketz
1343 2006 1425 2038 pag.
1447 1992 1486 2025 51
1496 2019 1503 2025 .
1519 1993 1573 2037 E.]
1590 2005 1668 2024 nar-

993 2054 1108 2086 ratur,
1129 2046 1223 2091 quod
1253 2058 1318 2086 gam
1344 2044 1520 2091 judicavi,
1542 2044 1666 2077 fabella

992 2098 1074 2130 huic
1104 2099 1242 2144 gemina
1258 2123 1267 2137 ‚
1292 2098 1355 2129 nisi
1384 2096 1479 2143 quod
1510 2096 1667 2130 Corinthi

995 2163 1096 2184 scena
1108 2176 1116 2190 ‚
1128 2163 1199 2184 non
1211 2150 1354 2184 Athenis
1365 2162 1373 2190 ;
1388 2148 1483 2196 quod
1494 2161 1557 2194 pro
1566 2148 1669 2181 Athe-

996 2203 1131 2236 nodoro
1140 2203 1328 2248 Arignotus
1336 2202 1585 2249 Pythagoricus
1596 2208 1644 2234 est
1656 2213 1664 2240 3

995 2263 1027 2289 et
1046 2254 1140 2301 quod
1157 2254 1246 2287 illud
1263 2264 1457 2288 monstrum
1474 2254 1587 2286 Protei
1608 2266 1667 2286 cu-

990 2308 1130 2354 jusdam
1158 2309 1266 2340 instar
1288 2308 1322 2339 in
1343 2308 1458 2340 varias
1481 2320 1516 2340 se
1539 2305 1668 2350 species

995 2368 1117 2393 mutat.
1143 2361 1312 2394 Caeterum
1337 2359 1381 2392 ad
1405 2372 1478 2392 ossa
1498 2359 1668 2404 insepulta

969 2415 980 2425 ’
995 2412 1164 2446 deductus
1177 2438 1185 2453 ,
1208 2421 1246 2445 ut
1264 2413 1319 2446 hic
1338 2411 1600 2450 Athenodorus,
1622 2409 1668 2441 ita

996 2466 1066 2498 illic
1095 2466 1280 2510 Arignotus
1294 2491 1303 2505 ‚
1343 2464 1469 2510 quibus
1504 2462 1644 2507 sepultis
1657 2488 1666 2502 ‚

996 2518 1094 2563 quies
1107 2517 1243 2550 reddita
1257 2525 1288 2550 et
1301 2517 1483 2550 salubritas
1493 2514 1613 2547 domui
1624 2512 1668 2546 ad

997 2582 1075 2602 eum
1090 2570 1180 2603 diem
1194 2570 1379 2615 pestilenti.
1390 2569 1433 2602 G.
1448 2587 1494 2594 -—·
1504 2568 1666 2598 Pestilens.

996 2623 1084 2663 Quia
1115 2622 1233 2655 multis
1263 2621 1382 2655 mortis
1415 2631 1535 2654 caussa
1564 2618 1665 2651 exsti—

997 2674 1048 2706 tit.
1069 2675 1132 2707 3:11).
