1742 2989
566 187 916 235 EPISTOLA
951 194 1098 236 XIII.

1440 195 1528 241 305

137 270 265 315 aliud.
295 272 443 316 Nescit
472 271 587 314 enim
618 271 747 315 semel
777 273 954 317 incitata
984 271 1217 317 liberalitas
1247 283 1384 329 stare,
1410 277 1533 338 cujus

135 343 505 404 pulchritudinem
532 359 634 388 usus
658 345 750 406 ipse
779 345 1067 390 commendat.
1088 345 1212 391 Vale.

134 476 290 510 Solennis
305 475 460 509 confusio
477 487 485 508 :
504 487 547 508 ne
562 476 744 522 suspiceris
756 501 765 517 ‚
782 489 800 510 a

135 528 244 561 Plinio
260 542 356 572 quum
371 532 512 562 maxime
528 528 695 574 scriptum
715 542 799 563 esse.

867 478 920 512 Cf.
935 478 1090 511 Cortium
1105 489 1114 519 3
1130 479 1167 512 it.
1183 478 1472 526 Oudendorpium
1490 482 1532 515 ad

865 531 1032 565 Caesarem
1049 544 1084 577 p,
1108 534 1184 577 167.
1200 533 1232 566 S.

134 673 190 684 m
195 673 209 683 ι
213 673 1530 688 uwwwmwsmwwmtnmuntmsmsmmmmmmxunummus

742 807 922 862 XIII.

200 967 441 1013 Orationem,
460 967 589 1016 paucis
611 967 739 1004 amicis
760 968 974 1014 recitatam,
988 968 1131 1018 judicio
1153 970 1284 1007 Scauri
1305 970 1464 1021 subjicit.

429 1104 469 1132 c.
509 1103 740 1132 PLINlUS
775 1103 987 1133 scAURo
1013 1086 1031 1105 *
1067 1105 1168 1134 suo
1204 1107 1238 1135 s.

198 1225 567 1269 RECITATURUS
594 1222 933 1279 oratiunculam,
959 1239 1088 1284 quam
1113 1224 1337 1285 publicare
1363 1228 1534 1287 cogito,

133 1297 340 1341 advocavi
367 1295 555 1356 aliquos,
574 1306 623 1339 ut
646 1312 843 1351 vererer3
866 1312 1051 1356 paucos,
1074 1308 1123 1342 ut
1148 1315 1299 1342 verum
1321 1300 1530 1344 audirem.

133 1371 247 1415 Nam
276 1369 385 1412 mihi
415 1368 574 1429 duplex
603 1369 714 1412 ratio
746 1369 956 1412 recitandi

991 1387 1000 1413 :
1033 1387 1146 1425 una,
1171 1381 1221 1414 ut
1245 1371 1536 1416 sollicitudine

134 1442 373 1495 incendar3
411 1441 545 1485 altera
565 1476 576 1497 ‚
608 1451 658 1485 ut
693 1441 931 1486 admonear
951 1478 963 1498 .,
994 1445 1028 1487 si
1066 1444 1172 1504 quid
1209 1444 1322 1489 forte
1358 1463 1455 1503 me⁷
1488 1458 1536 1490 ut
1564 1480 1579 1498 2

133 1532 301 1569 meum,
331 1512 463 1558 fallat.
495 1513 593 1558 Tuli
617 1549 628 1568 ⁷
665 1514 787 1575 quod
824 1516 1026 1575 petebam

1067 1534 1076 1560 ε
1114 1518 1262 1561 inveni
1281 1554 1292 1572 ‚
1322 1521 1396 1579 qui
1428 1521 1535 1564 mihi

132 1591 304 1651 copiam
325 1587 494 1632 consilii
516 1588 581 1631 sui
598 1587 803 1631 facerent.
827 1591 924 1649 Ipse
944 1599 1155 1650 praeterea
1172 1591 1369 1652 quaedam
1392 1609 1538 1636 emen-

132 1662 276 1707 danda
301 1661 517 1705 adnotavi.
547 1661 786 1704 Emendavi
816 1661 1000 1717 librum,
1031 1680 1160 1724 quem
1187 1666 1284 1708 misi
1315 1667 1409 1709 tibi.
1436 1669 1536 1710 Ma-
1564 1710 1567 1714 Α

134 1737 288 1779 teriam
312 1750 362 1777 ex
386 1732 513 1776 titulo
539 1749 798 1794 cognosces,
815 1744 969 1778 caetera
995 1734 1104 1778 liber
1125 1736 1384 1798 explicabit:
1406 1756 1534 1799 quem

129 1809 220 1869 jam
246 1823 364 1850 nunc
389 1815 563 1866 oportet
584 1806 644 1849 ita
669 1822 974 1861 consuescere,
998 1818 1048 1851 ut
1072 1809 1164 1852 sine
1189 1810 1444 1870 praefatione
1467 1813 1536 1855 in-

134 1881 368 1942 telligatur.
385 1881 452 1922 Tu
475 1878 624 1933 velim,
650 1878 755 1940 quid
779 1879 831 1923 de
852 1881 1056 1924 universo
1072 1916 1082 1933 ,
1114 1882 1220 1942 quid
1253 1883 1305 1926 de
1340 1885 1537 1944 partibus

128 2019 144 2025 “
180 2012 505 2052 XIII.*Scauro.VI,
517 2011 614 2056 epist.
630 2011 684 2051 25,
701 2023 732 2051 1,
743 2014 801 2043 At-

133 2070 236 2100 tilium
251 2070 405 2098 Scaurum
415 2071 515 2098 vocat
525 2065 673 2097 amicum
683 2076 784 2097 suum
792 2090 799 2096 .

133 2120 235 2153 Forte
253 2127 368 2152 autem
386 2117 442 2150 ille
460 2116 503 2149 de
526 2129 595 2161 quo
614 2116 670 2149 hic
690 2116 802 2161 agitur

135 2179 184 2205 est
199 2173 358 2203 Terentius
369 2174 522 2207 Scaurus,
536 2168 704 2202 Hadriani
720 2176 802 2201 tem-

134 2223 275 2270 poribus
289 2222 531 2268 grammaticus
544 2221 669 2254 nobilis
679 2246 688 2261 ,
705 2222 803 2268 cujus

135 2288 223 2321 saepe
247 2274 401 2307 meminit
421 2274 603 2306 Diomedes
618 2298 626 2314 ,
649 2281 682 2306 et
700 2287 803 2319 quem

134 2328 267 2362 Gellius
285 2328 330 2360 N.
358 2327 399 2358 A.
424 2326 494 2366 XI,
528 2326 588 2366 15,
616 2334 733 2359 narrat
760 2325 803 2359 de

134 2380 278 2414 Caesellii
292 2378 465 2412 erroribus
479 2379 662 2423 scripsisse.
677 2379 742 2411 En.

186 2446 216 2467 Ι.
240 2437 281 2465 Ut
301 2444 439 2464 vererer.
460 2431 512 2465 Sic
529 2439 561 2463 et
578 2433 676 2464 Rom.
696 2432 741 2464 H.
758 2452 802 2456 —

136 2485 210 2519 Hoc
227 2493 296 2525 est,
321 2496 470 2529 quorum
488 2484 680 2516 reverentia
696 2496 751 2515 me
769 2484 803 2515 in

136 2537 313 2571 recitando
329 2537 497 2569 intentum
514 2543 545 2567 et
560 2547 672 2568 acrem
691 2535 802 2568 faciat.

138 2591 188 2623 Eo
217 2589 363 2635 pertinet.
378 2615 386 2629 ‚
414 2587 508 2634 quod
535 2601 613 2620 mox
641 2587 743 2627 dicit,
770 2600 804 2620 se

139 2643 226 2675 velle
240 2668 249 2683 ,
279 2649 315 2675 ut
349 2643 561 2674 sollicitudine
591 2643 779 2673 incendatur
795 2655 805 2672 .·

140 2695 204 2728 hoc
225 2708 303 2740 ergo
320 2694 517 2728 reverentiae
538 2692 733 2727 auditorum
748 2693 806 2726 tri-

333 2753 369 2794 I.

865 2011 949 2044 buit.
966 2012 1007 2044 In
1022 2012 1095 2045 aliis
1112 2011 1208 2046 libris
1227 2021 1276 2047 est
1291 2017 1453 2048 intendas.
1471 2017 1539 2049 Cae-

866 2071 977 2097 terum
991 2063 1034 2097 de
1048 2066 1215 2099 sententia
1228 2066 1300 2112 ipsa
1315 2067 1362 2100 cf.
1379 2068 1476 2113 epist.
1490 2069 1538 2107 V,

868 2116 907 2156 3,
928 2119 960 2149 8.
978 2116 1018 2149 E.

914 2181 946 2201 2.
968 2171 1002 2201 Si
1018 2172 1206 2213 quidforet),
1225 2179 1289 2204 etc.
1303 2173 1401 2206 Rom.
1417 2175 1541 2216 Siquid

858 2222 949 2264 forte
968 2234 1017 2253 me
1035 2232 1069 2254 ut
1086 2236 1187 2255 meum
1197 2225 1301 2268 fallit.
1317 2224 1361 2257 Η.

917 2274 949 2307 3.
967 2278 1020 2306 lca
1036 2288 1247 2310 consuescere.
1265 2277 1299 2310 Si
1316 2277 1465 2322 figuram
1480 2277 1539 2309 ‹le-

869 2338 962 2366 mas,
982 2326 1069 2359 illud
1087 2327 1200 2361 [licere
1220 2328 1356 2361 videtur
1376 2341 1384 2361 ε
1405 2337 1541 2373 oportet

868 2378 994 2411 librum
1016 2379 1128 2424 ipsum
1149 2393 1210 2425 per
1233 2393 1267 2413 se
1292 2380 1337 2413 ita
1361 2381 1539 2426 paullatim

868 2439 989 2463 uotum
1009 2438 1041 2464 et
1061 2432 1265 2466 familiarem
1290 2433 1363 2465 fieri
1390 2432 1540 2466 homini-

870 2484 952 2525 bus,
972 2491 1011 2516 ut
1040 2484 1113 2517 sine
1134 2486 1332 2531 praefatione
1357 2498 1540 2529 argumen—

870 2544 943 2569 tum
955 2544 987 2569 et
997 2537 1154 2569 ordinem
1167 2538 1340 2570 indicanti·
1354 2562 1362 2576 ,
1379 2537 1464 2582 quid
1478 2539 1539 2571 sibi

872 2590 949 2622 velit
965 2614 973 2629 ,
991 2590 1193 2635 intelligant.
1206 2591 1249 2623 G.
1259 2610 1303 2614 —ffl-
1314 2590 1399 2621 Puto
1411 2591 1541 2636 simpli--

871 2642 955 2674 citer
967 2654 1039 2674 esse
1055 2654 1061 2674 :
1078 2643 1132 2674 cui
1146 2655 1239 2675 nunc
1258 2654 1326 2673 uon
1343 2642 1449 2686 magis
1464 2656 1540 2688 pos-

872 2706 947 2728 sum
967 2693 1074 2739 (quod
1097 2694 1202 2727 otium
1223 2693 1317 2726 deest
1336 2701 1393 2726 aut
1414 2695 1478 2727 alia
1499 2695 1541 2729 (le

1293 2767 1349 2794 20
