<?xml version="1.0" encoding="UTF-8"?>
<!DOCTYPE html PUBLIC "-//W3C//DTD XHTML 1.0 Transitional//EN"
    "http://www.w3.org/TR/xhtml1/DTD/xhtml1-transitional.dtd">
<html xmlns="http://www.w3.org/1999/xhtml" xml:lang="en" lang="en">
 <head>
  <title>
</title>
<meta http-equiv="Content-Type" content="text/html;charset=utf-8" />
  <meta name='ocr-system' content='tesseract 3.04.00' />
  <meta name='ocr-capabilities' content='ocr_page ocr_carea ocr_par ocr_line ocrx_word'/>
</head>
<body>
  <div class='ocr_page' id='page_1' title='image "./epistolarumlibri01plinuoft_0508.png"; bbox 0 0 1742 2989; ppageno 0'>
   <div class='ocr_carea' id='block_1_1' title="bbox 242 171 1254 225">
    <p class='ocr_par' dir='ltr' id='par_1_1' title="bbox 242 171 1254 225">
     <span class='ocr_line' id='line_1_1' title="bbox 242 171 1254 225; baseline 0.006 -11"><span class='ocrx_word' id='word_1_1' title='bbox 242 171 333 225; x_wconf 66' lang='lat'><strong>[226</strong></span> <span class='ocrx_word' id='word_1_2' title='bbox 630 174 677 215; x_wconf 91' lang='lat' dir='ltr'><strong>C.</strong></span> <span class='ocrx_word' id='word_1_3' title='bbox 720 174 940 217; x_wconf 64' lang='lat' dir='ltr'><strong>PLtNll&#39;</strong></span> <span class='ocrx_word' id='word_1_4' title='bbox 982 175 1101 218; x_wconf 86' lang='lat' dir='ltr'><strong>LIB.</strong></span> <span class='ocrx_word' id='word_1_5' title='bbox 1143 179 1254 220; x_wconf 80' lang='lat' dir='ltr'><strong>Vll.</strong></span> 
     </span>
    </p>
   </div>
   <div class='ocr_carea' id='block_1_2' title="bbox 256 309 1631 641">
    <p class='ocr_par' dir='ltr' id='par_1_2' title="bbox 256 309 1631 641">
     <span class='ocr_line' id='line_1_2' title="bbox 256 309 1631 329; baseline 0.007 -10"><span class='ocrx_word' id='word_1_6' title='bbox 256 309 1443 327; x_wconf 45' lang='lat' dir='ltr'><strong>mwwvw.-.nnn-„numum.-unmmvumwnnnavu</strong></span> <span class='ocrx_word' id='word_1_7' title='bbox 1452 318 1631 329; x_wconf 53' lang='lat' dir='ltr'><strong>mmm„</strong></span> 
     </span>
     <span class='ocr_line' id='line_1_3' title="bbox 258 587 1629 641; baseline 0.004 -19"><span class='ocrx_word' id='word_1_8' title='bbox 258 589 400 635; x_wconf 78' lang='lat' dir='ltr'><strong>Aperte</strong></span> <span class='ocrx_word' id='word_1_9' title='bbox 422 587 680 632; x_wconf 79' lang='lat' dir='ltr'>commendat,</span> <span class='ocrx_word' id='word_1_10' title='bbox 702 588 761 624; x_wconf 85' lang='lat' dir='ltr'><strong>cui</strong></span> <span class='ocrx_word' id='word_1_11' title='bbox 784 602 858 624; x_wconf 86' lang='lat' dir='ltr'><strong>non</strong></span> <span class='ocrx_word' id='word_1_12' title='bbox 882 589 1076 625; x_wconf 85' lang='lat' dir='ltr'><strong>nominato</strong></span> <span class='ocrx_word' id='word_1_13' title='bbox 1098 589 1330 627; x_wconf 78' lang='lat' dir='ltr'><strong>tribunatum</strong></span> <span class='ocrx_word' id='word_1_14' title='bbox 1352 592 1629 641; x_wconf 73' lang='lat' dir='ltr'><strong>impetraverat.</strong></span> 
     </span>
    </p>
   </div>
   <div class='ocr_carea' id='block_1_3' title="bbox 518 715 1361 759">
    <p class='ocr_par' dir='ltr' id='par_1_3' title="bbox 518 715 1361 759">
     <span class='ocr_line' id='line_1_4' title="bbox 518 715 1361 759; baseline 0.005 -6"><span class='ocrx_word' id='word_1_15' title='bbox 518 728 555 754; x_wconf 90' lang='lat' dir='ltr'><strong>C.</strong></span> <span class='ocrx_word' id='word_1_16' title='bbox 595 728 829 756; x_wconf 82' lang='lat' dir='ltr'>PLINIUS</span> <span class='ocrx_word' id='word_1_17' title='bbox 864 729 1101 757; x_wconf 82' lang='lat' dir='ltr'><strong>FALCONI</strong></span> <span class='ocrx_word' id='word_1_18' title='bbox 1140 715 1157 731; x_wconf 45' lang='lat'><strong>⁴¹</strong></span> <span class='ocrx_word' id='word_1_19' title='bbox 1194 730 1292 758; x_wconf 81' lang='lat' dir='ltr'><strong>SUO</strong></span> <span class='ocrx_word' id='word_1_20' title='bbox 1328 732 1361 759; x_wconf 85' lang='lat' dir='ltr'><strong>S.</strong></span> 
     </span>
    </p>
   </div>
   <div class='ocr_carea' id='block_1_4' title="bbox 192 846 1652 1648">
    <p class='ocr_par' dir='ltr' id='par_1_4' title="bbox 236 846 1649 1054">
     <span class='ocr_line' id='line_1_5' title="bbox 300 846 1648 908; baseline 0.002 -20"><span class='ocrx_word' id='word_1_21' title='bbox 300 846 483 890; x_wconf 77' lang='lat' dir='ltr'><strong>MiNUs</strong></span> <span class='ocrx_word' id='word_1_22' title='bbox 500 846 748 901; x_wconf 75' lang='lat' dir='ltr'>miraberis,</span> <span class='ocrx_word' id='word_1_23' title='bbox 771 863 840 889; x_wconf 87' lang='lat' dir='ltr'><strong>me</strong></span> <span class='ocrx_word' id='word_1_24' title='bbox 859 856 949 890; x_wconf 82' lang='lat' dir='ltr'><strong>tam</strong></span> <span class='ocrx_word' id='word_1_25' title='bbox 971 848 1186 891; x_wconf 82' lang='lat' dir='ltr'>instanter</span> <span class='ocrx_word' id='word_1_26' title='bbox 1205 849 1364 908; x_wconf 88' lang='lat' dir='ltr'><strong>petisse</strong></span> <span class='ocrx_word' id='word_1_27' title='bbox 1380 882 1390 901; x_wconf 87' lang='lat'>‚</span> <span class='ocrx_word' id='word_1_28' title='bbox 1417 849 1521 891; x_wconf 85' lang='lat' dir='ltr'><strong>utin</strong></span> <span class='ocrx_word' id='word_1_29' title='bbox 1537 849 1648 892; x_wconf 86' lang='lat' dir='ltr'><strong>ami-</strong></span> 
     </span>
     <span class='ocr_line' id='line_1_6' title="bbox 236 918 1648 982; baseline 0.004 -22"><span class='ocrx_word' id='word_1_30' title='bbox 236 934 337 961; x_wconf 86' lang='lat' dir='ltr'><strong>cum</strong></span> <span class='ocrx_word' id='word_1_31' title='bbox 363 934 509 961; x_wconf 88' lang='lat' dir='ltr'><strong>meum</strong></span> <span class='ocrx_word' id='word_1_32' title='bbox 536 918 757 963; x_wconf 88' lang='lat' dir='ltr'><strong>conferres</strong></span> <span class='ocrx_word' id='word_1_33' title='bbox 782 919 1081 973; x_wconf 75' lang='lat' dir='ltr'><strong>tribunatum,</strong></span> <span class='ocrx_word' id='word_1_34' title='bbox 1104 937 1241 980; x_wconf 87' lang='lat' dir='ltr'><strong>quum</strong></span> <span class='ocrx_word' id='word_1_35' title='bbox 1267 921 1437 977; x_wconf 75' lang='lat' dir='ltr'><strong>scieris,</strong></span> <span class='ocrx_word' id='word_1_36' title='bbox 1461 921 1558 982; x_wconf 90' lang='lat' dir='ltr'><strong>quis</strong></span> <span class='ocrx_word' id='word_1_37' title='bbox 1579 920 1648 965; x_wconf 89' lang='lat' dir='ltr'><strong>ille</strong></span> 
     </span>
     <span class='ocr_line' id='line_1_7' title="bbox 236 990 1649 1054; baseline 0.002 -20"><span class='ocrx_word' id='word_1_38' title='bbox 236 990 491 1052; x_wconf 86' lang='lat' dir='ltr'><strong>qualisque:</strong></span> <span class='ocrx_word' id='word_1_39' title='bbox 518 1008 695 1054; x_wconf 87' lang='lat' dir='ltr'><strong>possum</strong></span> <span class='ocrx_word' id='word_1_40' title='bbox 721 1002 868 1037; x_wconf 88' lang='lat' dir='ltr'><strong>autem</strong></span> <span class='ocrx_word' id='word_1_41' title='bbox 889 994 982 1054; x_wconf 86' lang='lat' dir='ltr'><strong>jam</strong></span> <span class='ocrx_word' id='word_1_42' title='bbox 1008 994 1088 1038; x_wconf 87' lang='lat' dir='ltr'><strong>tibi</strong></span> <span class='ocrx_word' id='word_1_43' title='bbox 1112 1003 1155 1037; x_wconf 91' lang='lat' dir='ltr'><strong>et</strong></span> <span class='ocrx_word' id='word_1_44' title='bbox 1177 1010 1339 1038; x_wconf 88' lang='lat' dir='ltr'><strong>nomen</strong></span> <span class='ocrx_word' id='word_1_45' title='bbox 1366 994 1584 1050; x_wconf 82' lang='lat' dir='ltr'><strong>indicare,</strong></span> <span class='ocrx_word' id='word_1_46' title='bbox 1607 1005 1649 1038; x_wconf 90' lang='lat' dir='ltr'><strong>et</strong></span> 
     </span>
    </p>

    <p class='ocr_par' dir='ltr' id='par_1_5' title="bbox 192 1064 1652 1355">
     <span class='ocr_line' id='line_1_8' title="bbox 192 1064 1650 1128; baseline 0.002 -21"><span class='ocrx_word' id='word_1_47' title='bbox 192 1087 207 1103; x_wconf 64' lang='grc' dir='ltr'><strong>τ».</strong></span> <span class='ocrx_word' id='word_1_48' title='bbox 236 1064 483 1109; x_wconf 83' lang='lat' dir='ltr'><strong>describere</strong></span> <span class='ocrx_word' id='word_1_49' title='bbox 498 1067 641 1127; x_wconf 89' lang='lat' dir='ltr'><strong>ipsum</strong></span> <span class='ocrx_word' id='word_1_50' title='bbox 651 1102 662 1121; x_wconf 74' lang='lat'><strong><em>⁷</em></strong></span> <span class='ocrx_word' id='word_1_51' title='bbox 676 1077 908 1128; x_wconf 84' lang='lat' dir='ltr'>postquam</span> <span class='ocrx_word' id='word_1_52' title='bbox 922 1067 1155 1128; x_wconf 88' lang='lat' dir='ltr'><strong>polliceris.</strong></span> <span class='ocrx_word' id='word_1_53' title='bbox 1171 1070 1246 1112; x_wconf 84' lang='lat' dir='ltr'><strong>Est</strong></span> <span class='ocrx_word' id='word_1_54' title='bbox 1258 1067 1490 1113; x_wconf 89' lang='lat' dir='ltr'><strong>Cornelius</strong></span> <span class='ocrx_word' id='word_1_55' title='bbox 1503 1067 1650 1111; x_wconf 87' lang='lat' dir='ltr'><strong>Minu-</strong></span> 
     </span>
     <span class='ocr_line' id='line_1_9' title="bbox 235 1142 1652 1207; baseline 0.002 -22"><span class='ocrx_word' id='word_1_56' title='bbox 235 1142 407 1199; x_wconf 76' lang='lat' dir='ltr'><strong>cianus‚</strong></span> <span class='ocrx_word' id='word_1_57' title='bbox 421 1154 732 1188; x_wconf 85' lang='lat' dir='ltr'><strong>ornamentum</strong></span> <span class='ocrx_word' id='word_1_58' title='bbox 747 1146 940 1206; x_wconf 79' lang='lat' dir='ltr'><strong>regionis</strong></span> <span class='ocrx_word' id='word_1_59' title='bbox 954 1162 1082 1200; x_wconf 74' lang='lat' dir='ltr'><strong>meae,</strong></span> <span class='ocrx_word' id='word_1_60' title='bbox 1096 1162 1172 1189; x_wconf 90' lang='lat' dir='ltr'><strong>seu</strong></span> <span class='ocrx_word' id='word_1_61' title='bbox 1187 1145 1401 1207; x_wconf 85' lang='lat' dir='ltr'><strong>dignitate</strong></span> <span class='ocrx_word' id='word_1_62' title='bbox 1412 1182 1423 1202; x_wconf 65' lang='lat' dir='ltr'>a</span> <span class='ocrx_word' id='word_1_63' title='bbox 1438 1162 1513 1189; x_wconf 88' lang='lat' dir='ltr'><strong>seu</strong></span> <span class='ocrx_word' id='word_1_64' title='bbox 1527 1146 1652 1189; x_wconf 88' lang='lat' dir='ltr'><strong>mori-</strong></span> 
     </span>
     <span class='ocr_line' id='line_1_10' title="bbox 235 1219 1649 1281; baseline 0.003 -20"><span class='ocrx_word' id='word_1_65' title='bbox 235 1219 316 1262; x_wconf 88' lang='lat' dir='ltr'><strong>bus</strong></span> <span class='ocrx_word' id='word_1_66' title='bbox 339 1236 348 1262; x_wconf 90' lang='lat'><strong>:</strong></span> <span class='ocrx_word' id='word_1_67' title='bbox 374 1229 502 1264; x_wconf 87' lang='lat' dir='ltr'><strong>natus</strong></span> <span class='ocrx_word' id='word_1_68' title='bbox 523 1219 770 1281; x_wconf 75' lang='lat' dir='ltr'><strong>splendide,</strong></span> <span class='ocrx_word' id='word_1_69' title='bbox 791 1221 987 1265; x_wconf 82' lang='lat' dir='ltr'><strong>abundat</strong></span> <span class='ocrx_word' id='word_1_70' title='bbox 1012 1221 1316 1277; x_wconf 71' lang='lat' dir='ltr'><strong>facultatibus,</strong></span> <span class='ocrx_word' id='word_1_71' title='bbox 1340 1231 1458 1265; x_wconf 83' lang='lat' dir='ltr'><strong>amat</strong></span> <span class='ocrx_word' id='word_1_72' title='bbox 1483 1220 1649 1275; x_wconf 82' lang='lat' dir='ltr'><strong>studia,</strong></span> 
     </span>
     <span class='ocr_line' id='line_1_11' title="bbox 234 1292 1652 1355; baseline 0.001 -19"><span class='ocrx_word' id='word_1_73' title='bbox 234 1303 284 1336; x_wconf 87' lang='lat' dir='ltr'><strong>ut</strong></span> <span class='ocrx_word' id='word_1_74' title='bbox 317 1292 460 1338; x_wconf 86' lang='lat' dir='ltr'><strong>solent</strong></span> <span class='ocrx_word' id='word_1_75' title='bbox 493 1311 709 1355; x_wconf 85' lang='lat' dir='ltr'><strong>pauperes</strong></span> <span class='ocrx_word' id='word_1_76' title='bbox 733 1313 741 1338; x_wconf 91' lang='lat'><strong>:</strong></span> <span class='ocrx_word' id='word_1_77' title='bbox 773 1294 889 1339; x_wconf 88' lang='lat' dir='ltr'><strong>idem</strong></span> <span class='ocrx_word' id='word_1_78' title='bbox 917 1295 1183 1339; x_wconf 84' lang='lat' dir='ltr'><strong>rectissimus</strong></span> <span class='ocrx_word' id='word_1_79' title='bbox 1207 1294 1368 1355; x_wconf 70' lang='lat' dir='ltr'><strong>judex,</strong></span> <span class='ocrx_word' id='word_1_80' title='bbox 1390 1294 1652 1338; x_wconf 87' lang='lat' dir='ltr'><strong>fortissimus</strong></span> 
     </span>
    </p>

    <p class='ocr_par' dir='ltr' id='par_1_6' title="bbox 193 1357 1650 1648">
     <span class='ocr_line' id='line_1_12' title="bbox 193 1357 1649 1429; baseline -0.001 -18"><span class='ocrx_word' id='word_1_81' title='bbox 193 1380 209 1411; x_wconf 60' lang='grc' dir='ltr'>ὂ</span> <span class='ocrx_word' id='word_1_82' title='bbox 235 1366 498 1423; x_wconf 81' lang='lat' dir='ltr'><strong>advocatus,</strong></span> <span class='ocrx_word' id='word_1_83' title='bbox 531 1367 808 1412; x_wconf 87' lang='lat' dir='ltr'><strong>fidelissimus</strong></span> <span class='ocrx_word' id='word_1_84' title='bbox 840 1371 1019 1412; x_wconf 87' lang='lat' dir='ltr'><strong>amicus.</strong></span> <span class='ocrx_word' id='word_1_85' title='bbox 1053 1369 1285 1429; x_wconf 86' lang='lat' dir='ltr'><strong>Accepisse</strong></span> <span class='ocrx_word' id='word_1_86' title='bbox 1316 1379 1357 1412; x_wconf 83' lang='lat' dir='ltr'><strong>te</strong></span> <span class='ocrx_word' id='word_1_87' title='bbox 1386 1357 1649 1412; x_wconf 86' lang='lat' dir='ltr'><strong>beneficium</strong></span> 
     </span>
     <span class='ocr_line' id='line_1_13' title="bbox 235 1440 1650 1503; baseline 0 -20"><span class='ocrx_word' id='word_1_88' title='bbox 235 1440 400 1496; x_wconf 80' lang='lat' dir='ltr'><strong>credes,</strong></span> <span class='ocrx_word' id='word_1_89' title='bbox 416 1458 553 1502; x_wconf 88' lang='lat' dir='ltr'><strong>quum</strong></span> <span class='ocrx_word' id='word_1_90' title='bbox 573 1442 756 1503; x_wconf 83' lang='lat' dir='ltr'><strong>propius</strong></span> <span class='ocrx_word' id='word_1_91' title='bbox 773 1443 1014 1503; x_wconf 80' lang='lat' dir='ltr'><strong>inspexeris</strong></span> <span class='ocrx_word' id='word_1_92' title='bbox 1028 1442 1270 1498; x_wconf 81' lang='lat' dir='ltr'><strong>hominem,</strong></span> <span class='ocrx_word' id='word_1_93' title='bbox 1289 1443 1493 1485; x_wconf 86' lang='lat' dir='ltr'><strong>omnibus</strong></span> <span class='ocrx_word' id='word_1_94' title='bbox 1514 1442 1650 1484; x_wconf 86' lang='lat' dir='ltr'><strong>hono-</strong></span> 
     </span>
     <span class='ocr_line' id='line_1_14' title="bbox 233 1512 1649 1574; baseline 0 -19"><span class='ocrx_word' id='word_1_95' title='bbox 233 1512 375 1566; x_wconf 72' lang='lat' dir='ltr'><strong>ribus,</strong></span> <span class='ocrx_word' id='word_1_96' title='bbox 397 1514 603 1558; x_wconf 88' lang='lat' dir='ltr'><strong>omnibus</strong></span> <span class='ocrx_word' id='word_1_97' title='bbox 628 1513 767 1558; x_wconf 89' lang='lat' dir='ltr'><strong>titulis</strong></span> <span class='ocrx_word' id='word_1_98' title='bbox 794 1515 923 1574; x_wconf 81' lang='lat' dir='ltr'><strong>(nihil</strong></span> <span class='ocrx_word' id='word_1_99' title='bbox 951 1514 1050 1558; x_wconf 85' lang='lat' dir='ltr'><strong>volo</strong></span> <span class='ocrx_word' id='word_1_100' title='bbox 1076 1514 1229 1558; x_wconf 88' lang='lat' dir='ltr'><strong>elatius</strong></span> <span class='ocrx_word' id='word_1_101' title='bbox 1255 1514 1307 1557; x_wconf 87' lang='lat' dir='ltr'><strong>de</strong></span> <span class='ocrx_word' id='word_1_102' title='bbox 1330 1513 1649 1558; x_wconf 86' lang='lat' dir='ltr'><strong>modestissimo</strong></span> 
     </span>
     <span class='ocr_line' id='line_1_15' title="bbox 233 1587 860 1648; baseline 0.003 -19"><span class='ocrx_word' id='word_1_103' title='bbox 233 1587 327 1630; x_wconf 86' lang='lat' dir='ltr'><strong>viro</strong></span> <span class='ocrx_word' id='word_1_104' title='bbox 353 1587 516 1648; x_wconf 73' lang='lat' dir='ltr'><strong>dicere)</strong></span> <span class='ocrx_word' id='word_1_105' title='bbox 542 1603 708 1648; x_wconf 87' lang='lat' dir='ltr'><strong>parem.</strong></span> <span class='ocrx_word' id='word_1_106' title='bbox 738 1587 860 1632; x_wconf 82' lang='lat' dir='ltr'><strong>Vale.</strong></span> 
     </span>
    </p>
   </div>
   <div class='ocr_carea' id='block_1_5' title="bbox 232 1720 1652 1874">
    <p class='ocr_par' dir='ltr' id='par_1_7' title="bbox 232 1720 1652 1874">
     <span class='ocr_line' id='line_1_16' title="bbox 278 1720 1650 1768; baseline -0.001 -13"><span class='ocrx_word' id='word_1_107' title='bbox 278 1721 391 1755; x_wconf 87' lang='lat' dir='ltr'>XXII.</span> <span class='ocrx_word' id='word_1_108' title='bbox 404 1722 419 1738; x_wconf 73' lang='lat'><strong>*</strong></span> <span class='ocrx_word' id='word_1_109' title='bbox 432 1723 481 1756; x_wconf 89' lang='lat' dir='ltr'><strong>De</strong></span> <span class='ocrx_word' id='word_1_110' title='bbox 505 1726 657 1766; x_wconf 81' lang='lat' dir='ltr'><strong>Pompeio</strong></span> <span class='ocrx_word' id='word_1_111' title='bbox 681 1726 819 1755; x_wconf 79' lang='lat' dir='ltr'><strong>Falcone</strong></span> <span class='ocrx_word' id='word_1_112' title='bbox 842 1724 907 1768; x_wconf 85' lang='lat' dir='ltr'><strong>egi·</strong></span> <span class='ocrx_word' id='word_1_113' title='bbox 973 1735 1048 1768; x_wconf 80' lang='lat' dir='ltr'><strong>quae</strong></span> <span class='ocrx_word' id='word_1_114' title='bbox 1058 1730 1107 1756; x_wconf 86' lang='lat' dir='ltr'><strong>est</strong></span> <span class='ocrx_word' id='word_1_115' title='bbox 1118 1721 1212 1768; x_wconf 83' lang='lat' dir='ltr'><strong>apud</strong></span> <span class='ocrx_word' id='word_1_116' title='bbox 1223 1720 1361 1755; x_wconf 74' lang='lat' dir='ltr'><strong>Peiron.</strong></span> <span class='ocrx_word' id='word_1_117' title='bbox 1375 1735 1451 1766; x_wconf 81' lang='lat' dir='ltr'><strong>cap.</strong></span> <span class='ocrx_word' id='word_1_118' title='bbox 1460 1722 1650 1760; x_wconf 89' lang='lat' dir='ltr'>LXXXIV,</span> 
     </span>
     <span class='ocr_line' id='line_1_17' title="bbox 233 1773 1652 1821; baseline -0.001 -14"><span class='ocrx_word' id='word_1_119' title='bbox 233 1786 309 1807; x_wconf 87' lang='lat' dir='ltr'><strong>mus</strong></span> <span class='ocrx_word' id='word_1_120' title='bbox 324 1774 368 1808; x_wconf 78' lang='lat' dir='ltr'><strong>ad</strong></span> <span class='ocrx_word' id='word_1_121' title='bbox 380 1776 395 1808; x_wconf 96' lang='lat' dir='ltr'>I</span> <span class='ocrx_word' id='word_1_122' title='bbox 408 1800 416 1815; x_wconf 85' lang='lat'>‚</span> <span class='ocrx_word' id='word_1_123' title='bbox 429 1788 483 1821; x_wconf 90' lang='lat' dir='ltr'><strong>ep.</strong></span> <span class='ocrx_word' id='word_1_124' title='bbox 501 1777 558 1809; x_wconf 81' lang='lat'><strong>23:</strong></span> <span class='ocrx_word' id='word_1_125' title='bbox 574 1775 712 1821; x_wconf 82' lang='lat' dir='ltr'><strong>praefuit</strong></span> <span class='ocrx_word' id='word_1_126' title='bbox 726 1788 819 1808; x_wconf 88' lang='lat' dir='ltr'><strong>nunc</strong></span> <span class='ocrx_word' id='word_1_127' title='bbox 834 1788 909 1821; x_wconf 83' lang='lat' dir='ltr'><strong>pro·</strong></span> <span class='ocrx_word' id='word_1_128' title='bbox 974 1776 1080 1808; x_wconf 85' lang='lat' dir='ltr'><strong>multa</strong></span> <span class='ocrx_word' id='word_1_129' title='bbox 1102 1775 1137 1808; x_wconf 90' lang='lat' dir='ltr'><strong>in</strong></span> <span class='ocrx_word' id='word_1_130' title='bbox 1162 1775 1252 1807; x_wconf 84' lang='lat' dir='ltr'><strong>hanc</strong></span> <span class='ocrx_word' id='word_1_131' title='bbox 1276 1774 1482 1808; x_wconf 86' lang='lat' dir='ltr'><strong>sententiam</strong></span> <span class='ocrx_word' id='word_1_132' title='bbox 1507 1774 1571 1806; x_wconf 83' lang='lat' dir='ltr'><strong>viri</strong></span> <span class='ocrx_word' id='word_1_133' title='bbox 1592 1773 1652 1806; x_wconf 87' lang='lat' dir='ltr'><strong>do-</strong></span> 
     </span>
     <span class='ocr_line' id='line_1_18' title="bbox 232 1826 1651 1874; baseline -0.002 -14"><span class='ocrx_word' id='word_1_134' title='bbox 232 1827 351 1861; x_wconf 83' lang='lat' dir='ltr'><strong>vinciae</strong></span> <span class='ocrx_word' id='word_1_135' title='bbox 375 1828 513 1862; x_wconf 86' lang='lat' dir='ltr'><strong>cuidam</strong></span> <span class='ocrx_word' id='word_1_136' title='bbox 528 1853 536 1868; x_wconf 92' lang='lat'>‚</span> <span class='ocrx_word' id='word_1_137' title='bbox 552 1829 668 1874; x_wconf 87' lang='lat' dir='ltr'><strong>itaque</strong></span> <span class='ocrx_word' id='word_1_138' title='bbox 694 1829 907 1862; x_wconf 84' lang='lat' dir='ltr'><strong>tribunatum</strong></span> <span class='ocrx_word' id='word_1_139' title='bbox 975 1828 1032 1861; x_wconf 85' lang='lat' dir='ltr'><strong>cti.</strong></span> <span class='ocrx_word' id='word_1_140' title='bbox 1045 1828 1088 1861; x_wconf 90' lang='lat' dir='ltr'><strong>G.</strong></span> <span class='ocrx_word' id='word_1_141' title='bbox 1102 1827 1339 1873; x_wconf 84' lang='lat' dir='ltr'><strong>—Oppositio</strong></span> <span class='ocrx_word' id='word_1_142' title='bbox 1359 1827 1395 1859; x_wconf 86' lang='lat' dir='ltr'><strong>in</strong></span> <span class='ocrx_word' id='word_1_143' title='bbox 1412 1826 1465 1859; x_wconf 87' lang='lat' dir='ltr'><strong>his</strong></span> <span class='ocrx_word' id='word_1_144' title='bbox 1482 1838 1489 1858; x_wconf 76' lang='grc' dir='ltr'>ε</span> <span class='ocrx_word' id='word_1_145' title='bbox 1505 1829 1651 1858; x_wconf 77' lang='lat' dir='ltr'><strong>abundat</strong></span> 
     </span>
    </p>
   </div>
   <div class='ocr_carea' id='block_1_6' title="bbox 232 1880 1652 2032">
    <p class='ocr_par' dir='ltr' id='par_1_8' title="bbox 232 1880 1652 2032">
     <span class='ocr_line' id='line_1_19' title="bbox 232 1880 1652 1928; baseline -0.003 -14"><span class='ocrx_word' id='word_1_146' title='bbox 232 1880 315 1914; x_wconf 77' lang='lat' dir='ltr'><strong>dare</strong></span> <span class='ocrx_word' id='word_1_147' title='bbox 332 1889 467 1927; x_wconf 85' lang='lat' dir='ltr'><strong>poterat</strong></span> <span class='ocrx_word' id='word_1_148' title='bbox 480 1882 549 1921; x_wconf 89' lang='lat' dir='ltr'>III,</span> <span class='ocrx_word' id='word_1_149' title='bbox 566 1894 622 1928; x_wconf 89' lang='lat' dir='ltr'><strong>ep.</strong></span> <span class='ocrx_word' id='word_1_150' title='bbox 643 1883 678 1921; x_wconf 88' lang='lat'><strong>8,</strong></span> <span class='ocrx_word' id='word_1_151' title='bbox 700 1895 727 1915; x_wconf 90' lang='lat'><strong>1.</strong></span> <span class='ocrx_word' id='word_1_152' title='bbox 745 1882 810 1915; x_wconf 81' lang='lat' dir='ltr'><strong>En.</strong></span> <span class='ocrx_word' id='word_1_153' title='bbox 963 1883 1181 1925; x_wconf 78' lang='lat' dir='ltr'><strong>facultatibus</strong></span> <span class='ocrx_word' id='word_1_154' title='bbox 1194 1895 1207 1919; x_wconf 89' lang='lat'><strong><em>;</em></strong></span> <span class='ocrx_word' id='word_1_155' title='bbox 1225 1890 1317 1912; x_wconf 76' lang='lat' dir='ltr'><strong>amat</strong></span> <span class='ocrx_word' id='word_1_156' title='bbox 1341 1882 1470 1917; x_wconf 80' lang='lat' dir='ltr'><strong>studia,</strong></span> <span class='ocrx_word' id='word_1_157' title='bbox 1494 1889 1531 1911; x_wconf 80' lang='lat' dir='ltr'><strong>uc</strong></span> <span class='ocrx_word' id='word_1_158' title='bbox 1549 1881 1652 1911; x_wconf 75' lang='lat' dir='ltr'><strong>solent</strong></span> 
     </span>
     <span class='ocr_line' id='line_1_20' title="bbox 284 1931 1651 1980; baseline -0.003 -13"><span class='ocrx_word' id='word_1_159' title='bbox 284 1947 295 1967; x_wconf 88' lang='lat'>1</span> <span class='ocrx_word' id='word_1_160' title='bbox 306 1961 313 1967; x_wconf 92' lang='lat'><strong>.</strong></span> <span class='ocrx_word' id='word_1_161' title='bbox 333 1937 456 1968; x_wconf 60' lang='lat' dir='ltr'><strong>Scies-is.</strong></span> <span class='ocrx_word' id='word_1_162' title='bbox 478 1935 660 1969; x_wconf 85' lang='lat' dir='ltr'><strong>Audiveris</strong></span> <span class='ocrx_word' id='word_1_163' title='bbox 672 1959 680 1975; x_wconf 90' lang='lat'>‚</span> <span class='ocrx_word' id='word_1_164' title='bbox 701 1935 908 1980; x_wconf 82' lang='lat' dir='ltr'><strong>cognoveris</strong></span> <span class='ocrx_word' id='word_1_165' title='bbox 967 1947 1139 1977; x_wconf 73' lang='lat' dir='ltr'><strong>pauperes.</strong></span> <span class='ocrx_word' id='word_1_166' title='bbox 1149 1935 1236 1967; x_wconf 84' lang='lat' dir='ltr'><strong>Acer</strong></span> <span class='ocrx_word' id='word_1_167' title='bbox 1246 1933 1338 1966; x_wconf 87' lang='lat' dir='ltr'><strong>enim</strong></span> <span class='ocrx_word' id='word_1_168' title='bbox 1351 1931 1543 1965; x_wconf 85' lang='lat' dir='ltr'><strong>studiorum</strong></span> <span class='ocrx_word' id='word_1_169' title='bbox 1552 1943 1651 1963; x_wconf 86' lang='lat' dir='ltr'><strong>amor</strong></span> 
     </span>
     <span class='ocr_line' id='line_1_21' title="bbox 233 1983 1647 2032; baseline -0.003 -13"><span class='ocrx_word' id='word_1_170' title='bbox 233 2000 272 2020; x_wconf 75' lang='lat' dir='ltr'><strong>ex</strong></span> <span class='ocrx_word' id='word_1_171' title='bbox 289 2000 355 2021; x_wconf 84' lang='lat' dir='ltr'><strong>me.</strong></span> <span class='ocrx_word' id='word_1_172' title='bbox 373 1989 414 2021; x_wconf 93' lang='lat' dir='ltr'><strong>E.</strong></span> <span class='ocrx_word' id='word_1_173' title='bbox 973 2000 1052 2020; x_wconf 77' lang='lat' dir='ltr'><strong>raro</strong></span> <span class='ocrx_word' id='word_1_174' title='bbox 1066 1999 1186 2020; x_wconf 86' lang='lat' dir='ltr'><strong>eorum</strong></span> <span class='ocrx_word' id='word_1_175' title='bbox 1199 2014 1207 2027; x_wconf 94' lang='lat'>‚</span> <span class='ocrx_word' id='word_1_176' title='bbox 1222 1986 1281 2032; x_wconf 90' lang='lat' dir='ltr'><strong>qui</strong></span> <span class='ocrx_word' id='word_1_177' title='bbox 1297 1983 1520 2018; x_wconf 80' lang='lat' dir='ltr'><strong>facultatibus</strong></span> <span class='ocrx_word' id='word_1_178' title='bbox 1535 1984 1647 2016; x_wconf 88' lang='lat' dir='ltr'><strong>abun-</strong></span> 
     </span>
    </p>
   </div>
   <div class='ocr_carea' id='block_1_7' title="bbox 232 2035 1650 2402">
    <p class='ocr_par' dir='ltr' id='par_1_9' title="bbox 232 2035 1649 2188">
     <span class='ocr_line' id='line_1_22' title="bbox 282 2035 1648 2085; baseline -0.004 -12"><span class='ocrx_word' id='word_1_179' title='bbox 282 2054 311 2074; x_wconf 81' lang='lat'><strong>2.</strong></span> <span class='ocrx_word' id='word_1_180' title='bbox 330 2042 378 2074; x_wconf 87' lang='lat' dir='ltr'><strong>De</strong></span> <span class='ocrx_word' id='word_1_181' title='bbox 392 2041 458 2075; x_wconf 88' lang='lat' dir='ltr'><strong>hoc</strong></span> <span class='ocrx_word' id='word_1_182' title='bbox 476 2043 621 2074; x_wconf 81' lang='lat' dir='ltr'><strong>Cornelio</strong></span> <span class='ocrx_word' id='word_1_183' title='bbox 637 2044 825 2073; x_wconf 78' lang='lat' dir='ltr'><strong>Minuciano</strong></span> <span class='ocrx_word' id='word_1_184' title='bbox 847 2050 906 2075; x_wconf 90' lang='lat' dir='ltr'><strong>aut</strong></span> <span class='ocrx_word' id='word_1_185' title='bbox 973 2039 1070 2072; x_wconf 78' lang='lat' dir='ltr'><strong>(lant.</strong></span> <span class='ocrx_word' id='word_1_186' title='bbox 1088 2040 1174 2085; x_wconf 85' lang='lat' dir='ltr'><strong>Apte</strong></span> <span class='ocrx_word' id='word_1_187' title='bbox 1195 2038 1347 2072; x_wconf 76' lang='lat' dir='ltr'><strong>laudavit</strong></span> <span class='ocrx_word' id='word_1_188' title='bbox 1361 2037 1535 2070; x_wconf 75' lang='lat' dir='ltr'><strong>Gesnerus</strong></span> <span class='ocrx_word' id='word_1_189' title='bbox 1555 2035 1648 2068; x_wconf 87' lang='lat' dir='ltr'><strong>locos</strong></span> 
     </span>
     <span class='ocr_line' id='line_1_23' title="bbox 235 2089 1646 2140; baseline -0.004 -15"><span class='ocrx_word' id='word_1_190' title='bbox 235 2092 421 2126; x_wconf 71' lang='lat' dir='ltr'><strong>Miniciano</strong></span> <span class='ocrx_word' id='word_1_191' title='bbox 441 2095 663 2139; x_wconf 87' lang='lat' dir='ltr'><strong>exposuimus</strong></span> <span class='ocrx_word' id='word_1_192' title='bbox 689 2094 732 2127; x_wconf 86' lang='lat' dir='ltr'><strong>ad</strong></span> <span class='ocrx_word' id='word_1_193' title='bbox 758 2095 811 2127; x_wconf 91' lang='lat' dir='ltr'><strong>III</strong></span> <span class='ocrx_word' id='word_1_194' title='bbox 823 2122 832 2137; x_wconf 83' lang='lat'><strong>,</strong></span> <span class='ocrx_word' id='word_1_195' title='bbox 851 2108 904 2140; x_wconf 84' lang='lat' dir='ltr'><strong>ep.</strong></span> <span class='ocrx_word' id='word_1_196' title='bbox 972 2092 1048 2126; x_wconf 87' lang='lat' dir='ltr'><strong>illos</strong></span> <span class='ocrx_word' id='word_1_197' title='bbox 1066 2093 1279 2125; x_wconf 87' lang='lat' dir='ltr'><strong>Lucianeum</strong></span> <span class='ocrx_word' id='word_1_198' title='bbox 1297 2098 1328 2123; x_wconf 83' lang='lat' dir='ltr'><strong>ct</strong></span> <span class='ocrx_word' id='word_1_199' title='bbox 1341 2089 1599 2123; x_wconf 86' lang='lat' dir='ltr'><strong>Petronianum.</strong></span> <span class='ocrx_word' id='word_1_200' title='bbox 1613 2089 1646 2121; x_wconf 92' lang='lat' dir='ltr'><strong>S.</strong></span> 
     </span>
     <span class='ocr_line' id='line_1_24' title="bbox 232 2141 1649 2188; baseline -0.005 -9"><span class='ocrx_word' id='word_1_201' title='bbox 232 2158 267 2188; x_wconf 77' lang='lat'><strong>9.</strong></span> <span class='ocrx_word' id='word_1_202' title='bbox 288 2146 356 2179; x_wconf 79' lang='grc' dir='ltr'>ΕΙ).</span> <span class='ocrx_word' id='word_1_203' title='bbox 1021 2146 1053 2179; x_wconf 83' lang='lat'><strong>3.</strong></span> <span class='ocrx_word' id='word_1_204' title='bbox 1079 2148 1230 2177; x_wconf 78' lang='lat' dir='ltr'><strong>Omnibus</strong></span> <span class='ocrx_word' id='word_1_205' title='bbox 1245 2145 1427 2176; x_wconf 74' lang='lat' dir='ltr'><strong>honoribus.</strong></span> <span class='ocrx_word' id='word_1_206' title='bbox 1444 2141 1514 2182; x_wconf 85' lang='lat' dir='ltr'><strong>Qui</strong></span> <span class='ocrx_word' id='word_1_207' title='bbox 1529 2153 1649 2174; x_wconf 81' lang='lat' dir='ltr'><strong>omues</strong></span> 
     </span>
    </p>

    <p class='ocr_par' dir='ltr' id='par_1_10' title="bbox 233 2194 1650 2402">
     <span class='ocr_line' id='line_1_25' title="bbox 279 2194 1647 2242; baseline -0.004 -12"><span class='ocrx_word' id='word_1_208' title='bbox 279 2219 323 2223; x_wconf 76' lang='lat'><strong>——</strong></span> <span class='ocrx_word' id='word_1_209' title='bbox 340 2204 381 2231; x_wconf 79' lang='lat' dir='ltr'><strong>Ut</strong></span> <span class='ocrx_word' id='word_1_210' title='bbox 403 2203 506 2232; x_wconf 72' lang='lat' dir='ltr'><strong>solent</strong></span> <span class='ocrx_word' id='word_1_211' title='bbox 530 2213 697 2242; x_wconf 74' lang='lat' dir='ltr'><strong>pauperes.</strong></span> <span class='ocrx_word' id='word_1_212' title='bbox 725 2200 779 2234; x_wconf 86' lang='lat' dir='ltr'><strong>Sic</strong></span> <span class='ocrx_word' id='word_1_213' title='bbox 801 2200 906 2232; x_wconf 81' lang='lat' dir='ltr'><strong>Athe·</strong></span> <span class='ocrx_word' id='word_1_214' title='bbox 973 2199 1123 2231; x_wconf 87' lang='lat' dir='ltr'><strong>honores</strong></span> <span class='ocrx_word' id='word_1_215' title='bbox 1137 2223 1145 2238; x_wconf 89' lang='lat'><em>,</em></span> <span class='ocrx_word' id='word_1_216' title='bbox 1179 2210 1298 2230; x_wconf 84' lang='lat' dir='ltr'><strong>omnes</strong></span> <span class='ocrx_word' id='word_1_217' title='bbox 1325 2195 1442 2228; x_wconf 79' lang='lat' dir='ltr'><strong>titulos</strong></span> <span class='ocrx_word' id='word_1_218' title='bbox 1461 2194 1647 2231; x_wconf 82' lang='lat' dir='ltr'><strong>sustineat;</strong></span> 
     </span>
     <span class='ocr_line' id='line_1_26' title="bbox 235 2248 1650 2302; baseline -0.004 -20"><span class='ocrx_word' id='word_1_219' title='bbox 235 2251 366 2285; x_wconf 63' lang='lat' dir='ltr'><strong>aienses</strong></span> <span class='ocrx_word' id='word_1_220' title='bbox 380 2254 546 2298; x_wconf 79' lang='grc' dir='ltr'>φιλοσοφίᾳ</span> <span class='ocrx_word' id='word_1_221' title='bbox 558 2254 612 2287; x_wconf 77' lang='grc' dir='ltr'><strong>καὶ</strong></span> <span class='ocrx_word' id='word_1_222' title='bbox 629 2254 725 2299; x_wconf 70' lang='grc' dir='ltr'>πενίᾳ</span> <span class='ocrx_word' id='word_1_223' title='bbox 741 2255 905 2299; x_wconf 74' lang='grc' dir='ltr'>σύντροφοι</span> <span class='ocrx_word' id='word_1_224' title='bbox 975 2251 1080 2284; x_wconf 87' lang='lat' dir='ltr'><strong>immo</strong></span> <span class='ocrx_word' id='word_1_225' title='bbox 1094 2251 1195 2283; x_wconf 86' lang='lat' dir='ltr'><strong>talem</strong></span> <span class='ocrx_word' id='word_1_226' title='bbox 1209 2275 1216 2289; x_wconf 91' lang='lat'>‚</span> <span class='ocrx_word' id='word_1_227' title='bbox 1230 2250 1328 2295; x_wconf 88' lang='lat' dir='ltr'><strong>cujus</strong></span> <span class='ocrx_word' id='word_1_228' title='bbox 1339 2248 1520 2281; x_wconf 73' lang='lat' dir='ltr'><strong>virtutibus</strong></span> <span class='ocrx_word' id='word_1_229' title='bbox 1530 2258 1650 2302; x_wconf 65' lang='lat' dir='ltr'><strong>omnes</strong></span> 
     </span>
     <span class='ocr_line' id='line_1_27' title="bbox 234 2301 1649 2351; baseline -0.005 -15"><span class='ocrx_word' id='word_1_230' title='bbox 234 2318 253 2337; x_wconf 80' lang='lat' dir='ltr'><strong>a</strong></span> <span class='ocrx_word' id='word_1_231' title='bbox 278 2305 455 2339; x_wconf 87' lang='lat' dir='ltr'><strong>Lucianeo</strong></span> <span class='ocrx_word' id='word_1_232' title='bbox 479 2305 626 2351; x_wconf 82' lang='lat' dir='ltr'><strong>Nigrino</strong></span> <span class='ocrx_word' id='word_1_233' title='bbox 650 2314 818 2339; x_wconf 84' lang='lat' dir='ltr'><strong>vocantur</strong></span> <span class='ocrx_word' id='word_1_234' title='bbox 844 2318 852 2338; x_wconf 77' lang='grc' dir='ltr'><strong><em>ε</em></strong></span> <span class='ocrx_word' id='word_1_235' title='bbox 875 2314 908 2339; x_wconf 89' lang='lat' dir='ltr'><strong>et</strong></span> <span class='ocrx_word' id='word_1_236' title='bbox 974 2304 1124 2337; x_wconf 87' lang='lat' dir='ltr'><strong>honores</strong></span> <span class='ocrx_word' id='word_1_237' title='bbox 1162 2302 1342 2336; x_wconf 83' lang='lat' dir='ltr'><strong>inferiores</strong></span> <span class='ocrx_word' id='word_1_238' title='bbox 1373 2301 1524 2334; x_wconf 82' lang='lat' dir='ltr'><strong>dicerem</strong></span> <span class='ocrx_word' id='word_1_239' title='bbox 1542 2324 1551 2338; x_wconf 84' lang='lat'><em>‚</em></span> <span class='ocrx_word' id='word_1_240' title='bbox 1585 2310 1649 2331; x_wconf 74' lang='lat' dir='ltr'><strong>nisi</strong></span> 
     </span>
     <span class='ocr_line' id='line_1_28' title="bbox 233 2352 1605 2402; baseline -0.002 -15"><span class='ocrx_word' id='word_1_241' title='bbox 233 2356 276 2390; x_wconf 59' lang='lat' dir='ltr'><strong>ad</strong></span> <span class='ocrx_word' id='word_1_242' title='bbox 288 2360 379 2390; x_wconf 66' lang='lat' dir='ltr'><strong>bonae</strong></span> <span class='ocrx_word' id='word_1_243' title='bbox 397 2360 508 2391; x_wconf 72' lang='lat' dir='ltr'><strong>mentis</strong></span> <span class='ocrx_word' id='word_1_244' title='bbox 516 2368 745 2402; x_wconf 74' lang='lat' dir='ltr'><strong>paupertatem</strong></span> <span class='ocrx_word' id='word_1_245' title='bbox 754 2372 906 2396; x_wconf 76' lang='lat' dir='ltr'><strong>sororem,</strong></span> <span class='ocrx_word' id='word_1_246' title='bbox 975 2370 1108 2391; x_wconf 83' lang='lat' dir='ltr'><strong>summa</strong></span> <span class='ocrx_word' id='word_1_247' title='bbox 1126 2357 1188 2389; x_wconf 71' lang='lat' dir='ltr'><strong>viri</strong></span> <span class='ocrx_word' id='word_1_248' title='bbox 1208 2355 1376 2389; x_wconf 80' lang='lat' dir='ltr'><strong>modestia</strong></span> <span class='ocrx_word' id='word_1_249' title='bbox 1391 2355 1553 2386; x_wconf 78' lang='lat' dir='ltr'><strong>obstaret.</strong></span> <span class='ocrx_word' id='word_1_250' title='bbox 1571 2352 1605 2385; x_wconf 86' lang='lat' dir='ltr'><strong>S.</strong></span> 
     </span>
    </p>
   </div>
  </div>
 </body>
</html>
