1742 2989
160 186 219 228 80
576 186 626 228 C.
663 185 891 229 PLINII
927 187 1054 230 LIB.
1094 187 1155 229 II.

173 327 1370 340 mmmmmuzmmmmmwummmmmmwtwsmffl
1374 327 1431 340 m
1433 329 1553 340 tttttt

814 471 914 527 IV.

157 621 363 664 Hortatur,
379 630 426 653 ne
447 616 597 654 dubitet
614 615 875 653 haereditatem
898 615 1003 653 adire
1022 631 1029 652 z
1051 629 1090 653 se
1107 617 1207 654 enim
1224 617 1381 654 solvisse
1404 617 1571 654 credito-

209 682 315 720 ribus
335 695 406 733 pro
425 690 544 732 patre.
566 682 653 718 Alia
670 680 857 718 beneficia
873 690 1164 727 commemorat3
1183 682 1221 718 in
1238 682 1302 719 illa
1318 691 1445 719 antem
1462 695 1570 718 com—

210 748 483 785 memoratione
503 746 645 796 aliquid
663 746 840 784 vanitatis
859 745 1002 796 prodit.
1026 749 1094 783 En.

501 881 540 910 c.
581 880 818 909 PLINIUS
851 863 1161 909 CALVJNAE*
1196 881 1230 909 s.

221 997 270 1039 St
296 992 499 1055 pluribus
521 1002 647 1054 pater
669 1001 772 1035 tuus
787 1026 798 1047 ‚
825 990 893 1035 vel
914 991 1175 1037 unicuilibet
1196 991 1294 1048 alii,
1312 1010 1444 1054 quam
1464 994 1571 1037 mihi

156 1067 400 1122 debuisset,
419 1065 570 1110 fuisset
595 1065 777 1110 fortasse
802 1063 1094 1109 dubitandum
1110 1101 1121 1123 7
1141 1082 1196 1110 an
1226 1067 1366 1111 adires
1392 1067 1573 1111 haeredi-

116 1186 130 1203 „1
160 1151 292 1186 tatem
322 1141 455 1185 etiam
482 1140 577 1183 viro
604 1156 782 1201 gravem
812 1156 821 1182 :
852 1155 988 1200 quum
1016 1155 1119 1182 vero
1146 1156 1227 1201 ego
1261 1141 1476 1185 adductus
1513 1141 1580 1184 af-

116 1202 119 1203 ⁷
159 1216 342 1260 finitatis
368 1213 541 1269 officio,
568 1213 758 1257 dimissis
787 1213 1017 1267 omnibus,
1044 1214 1146 1274 qui,
1177 1230 1266 1257 non
1293 1214 1392 1258 dico
1419 1213 1579 1258 moles-

157 1291 313 1343 tiores,
339 1287 412 1332 sed
439 1287 740 1348 diligentiores
769 1296 916 1339 erant,
944 1286 1137 1330 creditor
1163 1286 1279 1331 solus
1308 1288 1575 1342 exstiterim3

158 1378 386 1424 quumque
412 1362 585 1405 vivente
611 1377 662 1404 eo
689 1360 873 1404 nubenti
897 1360 977 1403 tibi
1000 1361 1042 1402 in
1065 1360 1214 1404 dotem
1244 1371 1421 1405 centum
1444 1361 1580 1405 millia

160 1434 450 1489 contulerim,
473 1444 631 1494 praeter
657 1449 753 1476 eam
780 1449 999 1477 summam
1026 1449 1158 1493 quam
1182 1444 1309 1495 pater
1330 1445 1432 1479 tuus
1454 1436 1578 1496 quasi

156 1509 212 1553 de
238 1525 337 1553 meo
373 1508 482 1551 dixit
509 1507 639 1568 (erat
664 1507 781 1550 enim
807 1505 1014 1550 solvenda
1038 1506 1091 1550 de
1115 1509 1245 1569 meo)
1270 1525 1481 1570 magnum
1505 1510 1578 1553 ha-

157 1582 233 1627 bes
253 1581 473 1626 facilitatis
494 1597 600 1623 meae
619 1581 780 1640 pignus
804 1597 812 1622 :
837 1579 962 1639 cujus
988 1579 1149 1624 fiducia
1168 1581 1299 1625 debes
1320 1581 1480 1626 famam
1501 1581 1577 1625 de-

158 1656 299 1700 functi
326 1654 633 1715 pudoremque
659 1654 905 1714 suscipere3
929 1654 983 1698 ad
1004 1653 1122 1715 quod
1142 1671 1197 1698 ne
1216 1664 1258 1698 te
1276 1655 1419 1699 verbis
1439 1657 1578 1716 magis

158 1745 291 1790 quam
313 1728 442 1772 rebus
464 1729 632 1782 horter,
656 1727 871 1788 quidquid
894 1728 1000 1771 mihi
1024 1738 1150 1789 pater
1172 1738 1273 1772 tuus
1296 1728 1468 1783 debuit,
1503 1745 1578 1772 ac-

205 1854 270 1886 IV.
292 1853 306 1869 ’¹‘
329 1855 480 1885 Calvince.
500 1852 617 1885 Unam
639 1864 678 1885 ex
697 1851 833 1885 duabus

158 1906 260 1939 Plinii
279 1905 443 1939 uxoribus
463 1906 669 1951 cognatione
688 1905 836 1951 attigerit

158 1972 297 1993 necesse
318 1966 392 1999 est3
414 1959 531 2004 itaque
554 1971 633 1991 mox
660 1960 835 2003 affinitatis

159 2012 315 2046 officium
331 2019 637 2045 commemoratur.
655 2010 721 2044 Ed.

211 2078 238 2098 1.
254 2068 324 2097 Vel.
342 2089 347 2096 .
365 2089 371 2096 .
381 2066 468 2096 milti.
483 2065 581 2096 Rom.
600 2066 658 2095 l‘el
669 2066 836 2106 unusquis-

160 2130 222 2161 que
239 2120 339 2155 alius,
357 2130 455 2160 qnam
470 2118 558 2148 mihi.
574 2116 772 2160 Perperam.
789 2116 832 2149 H.

160 2192 205 2195 —
220 2173 330 2202 Etiam
349 2172 423 2201 viro
434 2181 575 2212 gravem.
588 2167 725 2200 Nedum
740 2168 837 2201 femi-

160 2236 213 2256 nae
231 2249 240 2264 7
273 2223 329 2256 cui
359 2221 527 2267 negotiari
545 2245 554 2260 ‚
585 2233 659 2253 rein
695 2221 808 2254 facere
826 2246 834 2262 ‚

161 2274 305 2308 nomina
318 2273 477 2319 expedire
492 2272 682 2305 difficilius.
700 2273 745 2306 G.

208 2341 240 2360 2.
263 2331 365 2369 Quum
383 2339 461 2357 vero
478 2338 535 2368 ego
553 2327 720 2358 adductus.
736 2327 833 2360 Rom.

163 2384 268 2422 Quum.
277 2393 355 2411 ‘vero
365 2392 421 2422 ego
431 2380 553 2409 ductus.
564 2377 607 2410 H.
617 2398 661 2402 -—
670 2378 723 2411 Sic
732 2379 835 2412 etiam

161 2433 312 2465 Cortius.
340 2431 481 2464 Habent
501 2438 536 2463 et
557 2430 751 2464 Brumincri
774 2432 836 2464 Ex-

162 2493 292 2531 cerpta.
307 2483 361 2517 Ad
382 2483 517 2517 aurium
537 2482 677 2528 quidem
697 2497 834 2517 sensum

161 2545 312 2583 praestat.
331 2538 365 2571 S.
382 2557 428 2561 ——
448 2538 593 2567 Dimissis
606 2539 759 2569 omnibns.
778 2538 836 2572 So-

161 2591 235 2623 luta
250 2590 415 2623 nimirum
433 2588 589 2634 pecunia.
605 2589 659 2622 Sic
675 2592 836 2622 absolvere

163 2642 304 2689 ponitur
316 2642 456 2674 Terent.
472 2640 622 2687 Adelph.
639 2642 673 2673 II
685 2667 694 2682 ‚
712 2647 729 2683 4
745 2667 753 2682 ,
774 2643 813 2676 13
826 2667 834 2682 ‚

162 2703 194 2727 et
224 2707 275 2739 17.
302 2694 344 2727 G.
371 2715 414 2718 m
443 2697 611 2736 Quumque
636 2697 762 2726 vivente
788 2708 833 2726 eo.

900 1854 999 1885 Rom.
1018 1856 1185 1897 Quumque
1198 1867 1254 1898 ego
1266 1856 1394 1886 vivente
1412 1867 1459 1887 eo.
1476 1854 1520 1887 H.
1534 1874 1578 1878 —

904 1908 1034 1938 I'ivente
1059 1920 1095 1939 eo
1119 1907 1235 1940 omisit
1261 1907 1414 1941 Cortius.
1440 1911 1531 1951 Ego,
1559 1919 1578 1939 a

902 1959 1021 1992 Cortio
1031 1972 1172 2005 quoque
1186 1959 1357 1994 adscitum
1369 1986 1378 2001 ,
1390 1960 1574 2006 perplacet.

901 2012 1096 2046 pronomen
1116 2025 1187 2045 non
1208 2012 1279 2046 sine
1295 2014 1327 2046 vi
1344 2013 1522 2058 repetitur.
1540 2013 1574 2046 S.

901 2086 946 2090 -—
973 2068 1058 2097 Erat
1079 2067 1161 2097 enim
1185 2068 1346 2097 soluenda.
1374 2067 1472 2098 Rom.
1495 2068 1578 2097 Erat

902 2128 1008 2149 autem
1025 2119 1185 2149 solvenda.
1206 2117 1249 2149 ,Η
1264 2138 1309 2142 ———
1327 2120 1381 2148 Ad
1391 2120 1482 2160 quod
1494 2130 1534 2148 116
1547 2127 1577 2149 ce

901 2172 1018 2202 verbis.
1040 2171 1137 2202 Rom.
1160 2172 1217 2201 Ad
1235 2172 1325 2212 quod
1343 2180 1373 2202 ee
1396 2183 1435 2202 ne
1457 2172 1574 2202 werbis.

901 2222 992 2255 Hinc
1017 2235 1099 2255 vero
1124 2235 1214 2255 nova
1240 2223 1404 2255 sententia
1427 2222 1549 2269 incipit
1565 2248 1574 2263 ‚

902 2287 1000 2308 secus
1025 2288 1131 2320 quam
1156 2275 1260 2321 vulgo
1285 2283 1422 2322 putant.
1453 2275 1497 2308 Η.
1531 2296 1576 2300 ——

902 2335 967 2361 stat
998 2327 1085 2361 ordo
1115 2330 1300 2368 Romanae,
1337 2341 1441 2374 quem
1473 2328 1574 2361 etiam

901 2381 1096 2413 Brummeri
1116 2381 1285 2427 Excerpta
1306 2389 1455 2414 servant.
1475 2382 1509 2414 S.
1530 2401 1574 2405 -

908 2438 1078 2476 Acceptum
1106 2436 1165 2465 tibi
1178 2435 1267 2477 ferri
1279 2436 1389 2478 jubeo.
1412 2436 1500 2465 Fieri
1516 2432 1574 2465 ha-

901 2486 984 2518 bent
997 2486 1075 2519 libri
1089 2487 1209 2531 optimi
1222 2485 1315 2531 apud
1324 2486 1480 2519 Cortium
1492 2510 1500 2525 ‚
1516 2485 1573 2530 qui

902 2538 1004 2571 etiam
1027 2539 1166 2573 aliunde
1187 2540 1311 2585 probat
1329 2538 1423 2572 illam
1443 2539 1574 2572 formu-

901 2591 984 2624 ]am.
1011 2591 1077 2626 Sed
1097 2605 1210 2637 neque
1223 2594 1317 2636 ferre
1343 2601 1507 2634 acceptum
1530 2592 1574 2624 ab

902 2644 1006 2690 hujus
1020 2644 1126 2678 aetatis
1142 2642 1392 2677 consuetuiine
1409 2643 1573 2676 abhorre-

901 2709 938 2729 re
954 2722 963 2737 ‚
982 2697 1097 2730 docuit
1121 2696 1301 2730 Cellarius.
1319 2696 1497 2730 Sententia
1517 2708 1572 2729 ea-
