1757 2880
180 158 269 183 xxx
706 145 733 185 P
747 144 784 185 R
796 145 846 185 ΗΞ
858 144 1001 186 FATI
1014 144 1053 186 O

179 224 325 266 sticos.
355 223 399 266 Si
432 239 517 282 qua
552 222 687 266 latent
715 224 789 285 (ex
818 224 889 276 iis,
919 241 1015 285 quae
1044 225 1143 269 data
1174 236 1275 269 sunt
1305 234 1316 251 ¹
1335 262 1346 281 ,
1372 228 1580 287 specimi-

178 295 309 339 nibus
333 295 530 340 nondum
558 295 743 357 intelligi
769 297 870 340 satis
893 299 1061 358 potuit⁷
1082 308 1296 358 quantum
1318 315 1367 342 ea
1391 315 1582 342 momen-

177 378 271 412 tum
304 369 519 430 habeant)
548 386 637 413 non
670 370 824 430 ipsius,
851 371 1008 413 iterum
1041 370 1282 427 confirmo⁷
1314 382 1355 415 et
1388 372 1472 415 fide
1497 372 1578 415 viri

176 441 280 485 boni
312 442 554 498 confirmo,
583 442 711 503 culpa
738 441 899 497 laten13
927 442 1152 503 proditura
1183 443 1293 488 forte
1319 444 1579 505 aliquando,

177 514 302 558 nobis
327 516 506 558 minime
529 515 701 571 invitis,
721 514 792 558 sed
815 515 998 559 candide
1020 515 1346 576 plaudentibus.
1373 518 1580 578 Ccmparz‘s

176 589 311 649 igitur
323 589 546 644 Frl‘tsclzic',
563 589 650 632 huc
670 589 785 631 enim
805 588 934 632 redeo
948 625 959 645 ‚
982 589 1224 632 rationibus
1243 599 1284 632 et
1306 589 1488 633 consilio
1508 589 1579 632 oh-

175 672 385 723 sequutus
406 662 514 719 sum,
533 663 607 723 qui
628 662 862 705 desiderari
889 662 1029 705 aiebat
1044 661 1250 716 Plinium,
1273 671 1315 705 et
1334 662 1577 719 emendate,

174 745 386 797 quantum
411 737 504 795 ejus
532 735 624 778 fieri
652 745 797 796 posset
813 771 823 790 ‚
847 735 1011 778 editum
1027 770 1038 789 ,
1063 744 1105 778 et
1128 735 1484 778 adnotationibus
1508 736 1578 777 in-

175 818 389 852 structum
419 810 493 863 iis,
516 808 674 868 quibus
703 809 895 868 apertior
928 809 1051 852 fieret
1080 808 1193 852 illius
1223 809 1464 861 sententia,
1487 825 1577 851 non

174 883 319 941 pueris
344 881 544 942 quidem,
567 890 610 924 et
636 883 833 924 omnium
857 898 1003 925 rerum
1029 881 1232 935 rudibus⁷
1258 881 1330 925 sed
1355 882 1422 925 his
1438 917 1449 935 ‚
1471 898 1578 942 quo-

174 971 270 997 rum
298 956 489 999 rationes
516 970 606 997 non
630 954 801 1008 ferunt,
820 972 991 1015 semper
1008 955 1062 998 ad
1081 954 1187 998 alios
1210 954 1342 998 libros
1365 964 1411 997 ut
1431 970 1576 998 recuro

173 1038 297 1081 rant,
330 1028 562 1079 historias,
599 1028 996 1087 antiquitatemque
1032 1028 1076 1070 in
1115 1038 1324 1088 promptu
1356 1028 1575 1079 habeant,

171 1100 368 1144 difficiles
392 1101 796 1145 Grammaticorum
823 1100 964 1144 nodos
986 1099 1117 1161 longa
1136 1100 1419 1143 meditatione
1440 1099 1576 1143 resol—

170 1183 284 1217 vant.
303 1174 524 1217 Lectionis
537 1174 791 1216 varietatem
803 1207 813 1221 ,
830 1173 1010 1233 ejusque
1028 1173 1088 1216 rei
1105 1172 1445 1232 disputationem
1457 1207 1468 1226 ,
1485 1189 1575 1216 non

170 1256 307 1290 totam
334 1246 404 1290 ille
428 1246 605 1306 quidem
630 1245 888 1289 excludebat
903 1281 914 1299 ,
931 1245 1005 1288 sed
1025 1245 1207 1306 optabat
1229 1245 1573 1289 moderationem

170 1335 219 1362 ea
252 1321 296 1362 in
332 1337 377 1363 re
402 1319 628 1375 adhiberi,
660 1335 756 1379 quae
787 1335 877 1362 non
907 1318 1142 1361 deterreret
1178 1319 1398 1375 homines,
1427 1317 1574 1378 quales

172 1391 503 1452 descripsimus,
532 1392 604 1435 sed
633 1392 805 1445 eadem,
830 1408 925 1452 quae
951 1392 1136 1435 maxime
1163 1392 1401 1436 necessaria
1427 1391 1573 1435 viden-

170 1473 266 1521 tur,
300 1481 389 1508 non
422 1463 726 1508 dissimularet.
762 1467 881 1521 Hoc,
907 1474 956 1507 ut
992 1481 1068 1525 per
1105 1481 1148 1508 se
1176 1465 1407 1508 honestum
1439 1475 1502 1508 est
1531 1474 1573 1507 et.

169 1535 273 1579 utile
301 1536 558 1590 consilium,
586 1537 644 1579 ita
675 1546 891 1597 oportune
910 1537 1002 1596 jam
1031 1536 1173 1580 locum
1205 1537 1417 1593 habebat,
1434 1554 1570 1597 quum

170 1620 269 1653 ante
295 1628 433 1654 annos
462 1628 552 1654 non
579 1611 638 1653 ita
663 1609 825 1653 multos
853 1609 1096 1670 prodierint
1123 1610 1336 1671 epistolae,
1363 1611 1571 1654 Cortiana

168 1693 207 1725 et
224 1683 496 1743 Longoliana
513 1683 726 1726 industria
744 1700 905 1743 magno
926 1693 1139 1744 apparatu
1159 1684 1311 1727 critico
1328 1684 1570 1739 instructae,

168 1756 220 1799 de
246 1757 513 1816 Panegyrico
538 1766 682 1799 autem
710 1773 799 1799 non
827 1756 989 1799 laudati
1016 1756 1146 1800 modo
1172 1757 1410 1800 Schwarzii
1438 1773 1569 1817 opera

170 1829 212 1871 in
232 1830 421 1872 maxima
442 1830 732 1890 proximaque
749 1831 1071 1890 exspectatione
1088 1831 1160 1885 sit,
1175 1830 1248 1874 sed
1267 1830 1439 1891 egregia
1458 1846 1567 1889 quo-

168 1918 250 1961 que
287 1903 434 1945 onmia
467 1903 660 1945 minetur
691 1902 757 1946 Cl.
790 1904 1053 1947 Arntzenius
1085 1920 1093 1946 :
1132 1919 1319 1963 quorum
1354 1901 1568 1945 industria

167 1977 357 2034 quaesitis
383 1976 444 2018 uti
474 1986 705 2035 poterunt,
729 1978 803 2036 qui
833 1986 950 2027 toto„
973 1976 1091 2036 quod
1117 1977 1240 2019 aiunt
1258 2011 1269 2029 v
1295 1991 1416 2018 sacco
1442 1973 1566 2017 fundi

167 2047 247 2088 sibi
288 2046 436 2089 volent
468 2064 571 2107 opes
604 2048 789 2091 criticas.
828 2050 920 2092 Nos
951 2065 1078 2108 ergo,
1107 2058 1321 2109 quantum
1360 2047 1565 2106 consequi

168 2119 311 2162 studio
346 2130 475 2179 atque
507 2121 749 2163 intentione
779 2123 1073 2183 (quamquam
1105 2139 1237 2182 saepe,
1274 2131 1323 2164 ut
1353 2122 1442 2181 ipse
1474 2136 1564 2163 non

169 2192 341 2250 ignoras
357 2228 368 2246 ,
397 2191 691 2235 illustrissime
717 2196 895 2247 Comes,
921 2193 1472 2254 interpellati)potuimus,
1498 2203 1562 2236 ta-

168 2263 248 2306 lem
267 2263 420 2306 damus
440 2264 656 2318 Plinium,
676 2266 748 2325 qui
772 2266 889 2310 utilis
910 2284 999 2310 esse
1018 2268 1152 2327 possit
1172 2268 1352 2327 propius
1375 2276 1417 2310 et
1439 2282 1562 2310 accu-

167 2337 302 2379 ratius
328 2338 494 2397 ipsum,
522 2355 610 2380 non
639 2337 863 2392 librarios,
889 2356 1148 2400 cognoscere
1173 2338 1416 2382 volentibus
1440 2355 1448 2381 :
1476 2353 1562 2397 qua

169 2411 208 2451 in
244 2426 287 2452 re
316 2409 387 2452 illa
420 2411 657 2470 praesertim
688 2411 837 2454 habita
870 2413 981 2455 ratio
1012 2421 1096 2460 est,
1128 2421 1176 2454 ut
1207 2428 1294 2454 non
1323 2427 1394 2453 eos
1429 2408 1559 2453 modo

167 2483 279 2526 locos
307 2484 716 2543 interpretaremur,
738 2486 813 2544 qui
838 2485 1113 2529 vehementer
1142 2485 1334 2544 indigere
1359 2498 1407 2526 ea
1428 2497 1558 2541 opera

220 2651 231 2671 ῐ
253 2637 457 2673 Misce-Han,
482 2637 683 2673 Observat.
698 2638 781 2672 Vol.
798 2641 893 2678 VII2
914 2651 995 2687 pag.
1017 2644 1088 2683 274
1102 2666 1110 2679 ,
1127 2651 1181 2685 sq.
