1757 2880
111 152 712 165 zumxmnmxnmuummxu
718 153 1438 166 mmmxuxmwmxxxmummmt-vx
1447 157 1503 166 unm

622 301 975 387 VITA

129 489 200 556 c,
251 490 557 558 PLINII
602 493 1002 561 cAECILu
1047 493 1480 562 SECUNDI

682 639 929 672 AUCTORE

253 754 889 809 CHRISTOPHORO
929 758 1350 811 CELLARIO.

101 974 281 1041 Cims
312 998 475 1039 Plinius
503 999 695 1040 Caecilius
732 1001 952 1041 Secundus
987 1003 1224 1058 municipio
1260 1004 1417 1055 Como,
1455 1004 1509 1045 ad

103 1070 271 1111 Larium
292 1069 429 1110 lacum
455 1070 498 1108 in
518 1069 817 1126 Transpadana
840 1072 919 1111 sito
935 1103 945 1122 ,
973 1083 1089 1112 ortus
1113 1072 1206 1113 fuit.
1236 1073 1371 1114 Patria
1394 1075 1509 1116 enirn

101 1140 386 1196 municipium
405 1150 491 1178 erat
510 1138 583 1190 IV,
604 1138 676 1188 13,
699 1139 723 1180 3
739 1172 749 1191 ,
779 1140 887 1180 circa
914 1141 1082 1181 Larium
1109 1143 1245 1182 lacum
1270 1142 1352 1198 (ι),
1380 1160 1510 1200 quem

100 1210 261 1251 idcirco
285 1224 401 1249 suum
423 1208 605 1264 appellat
632 1209 697 1260 II,
724 1209 772 1254 8,
808 1225 821 1248 1
841 1241 851 1261 ,
885 1221 926 1250 et
944 1210 1024 1261 Vl,
1057 1215 1135 1262 24,
1165 1227 1187 1251 2
1205 1244 1216 1261 ⁷
1239 1212 1352 1266 juxta
1380 1229 1509 1269 quem

98 1281 216 1321 villas
258 1277 555 1319 amoenissimas
590 1277 834 1333 possidebat
872 1279 956 1331 lX,
993 1296 1017 1336 7
1033 1312 1044 1330 ‚
1079 1281 1149 1336 qui
1191 1282 1294 1321 situs
1335 1284 1509 1324 Comum

98 1348 270 1390 abunde
292 1347 498 1404 designat,
525 1347 641 1403 quod
662 1348 832 1389 delicias
852 1364 946 1389 suas
966 1350 1008 1398 Ι,
1032 1349 1055 1390 3
1070 1382 1080 1401 ‚
1103 1365 1137 1401 1,
1161 1362 1284 1391 vocat
1299 1384 1308 1402 ‚
1332 1362 1380 1392 ut
1398 1353 1510 1393 nihil

99 1419 152 1460 de
175 1416 527 1473 inscriptionibus
553 1415 662 1457 infra
685 1417 976 1474 producendis
1002 1417 1063 1475 (2)
1097 1420 1298 1472 referam,
1336 1422 1379 1461 in
1407 1437 1508 1479 agro

99 1499 139 1529 et
163 1487 326 1545 oppido
352 1486 550 1527 Comensi
574 1488 763 1543 repertis.
793 1487 1056 1529 Veronenses
1088 1489 1263 1544 quidem
1298 1491 1385 1547 ipse
1418 1507 1510 1533 suos

99 1558 206 1599 dixit
233 1558 317 1608 VI,
353 1557 431 1609 34,
460 1573 472 1597 1
491 1589 501 1607 ‚
536 1571 686 1597 verum
718 1557 962 1614 adoptionis
987 1559 1104 1616 lege,
1144 1561 1244 1616 quia
1274 1562 1509 1603 avunculus

98 1628 261 1668 Plinius
276 1659 286 1677 ,
306 1626 539 1684 adoptione
558 1638 689 1684 pater,
707 1628 967 1669 Veronensis
986 1629 1088 1680 fuit,
1113 1643 1158 1670 ut
1176 1643 1273 1687 post
1290 1633 1510 1689 Onupbrii

98 1697 374 1754 probationes
395 1698 461 1737 vel
488 1712 599 1736 unus
627 1697 757 1753 lapis,
782 1699 826 1737 in
850 1698 938 1754 ripa
966 1699 1118 1739 Benaci
1142 1701 1361 1754 inventus,
1390 1714 1426 1743 et
1453 1703 1507 1743 ab

98 1767 299 1807 Reinesio
326 1766 516 1823 inscript.
537 1767 624 1817 XI,
651 1782 695 1807 11
712 1799 722 1819 ,
751 1782 996 1824 expressus,
1024 1769 1120 1809 satis
1146 1770 1256 1811 clare
1279 1771 1343 1810 his
1368 1772 1507 1812 verbis

100 1837 287 1878 ostendit
307 1853 316 1877 ε

291 1926 978 1970 C.PL1NI...VERONENSIS

302 2012 828 2041 ....H15TOR1ARVM
864 2014 909 2042 H.
947 2015 1007 2042 L..
1034 2036 1043 2043 .

99 2090 276 2129 Annum
291 2121 301 2140 ,
328 2105 415 2145 quo
439 2101 561 2130 natus
580 2089 685 2140 fuit,
713 2105 796 2131 non
822 2090 1002 2132 obscure
1021 2092 1243 2146 indicavit,
1267 2110 1399 2151 quum
1420 2097 1505 2138 Ve-

98 2159 221 2199 suvio
243 2159 416 2200 ardente
441 2159 834 2201 duodevicesimam
863 2175 905 2201 se
930 2161 1127 2204 habuisse
1154 2164 1279 2205 tradit
1306 2165 1364 2205 Vl
1381 2198 1392 2217 ‚
1424 2182 1476 2207 20
1492 2199 1502 2218 ‚

102 2229 125 2269 5
141 2261 152 2281 ‚
180 2230 252 2285 qui
277 2229 360 2269 Titi
387 2231 554 2270 Caesaris
579 2231 743 2287 primus
767 2231 871 2281 fuit,
898 2232 1034 2274 Dione
1060 2235 1201 2276 Cassio
1226 2248 1503 2278 memorante.

98 2289 142 2339 Si
168 2297 285 2338 addis
308 2313 459 2339 novem
488 2314 620 2340 annos
641 2300 882 2357 Vespasiani
899 2333 910 2353 ,
947 2313 987 2342 et
1013 2319 1174 2356 unum,
1209 2320 1256 2345 ac
1291 2307 1409 2362 quod
1435 2322 1505 2348 ex·

99 2369 258 2420 currit,
289 2369 554 2410 scenicorum
585 2370 856 2427 principum3
893 2372 1060 2414 circiter
1088 2387 1205 2416 sexto
1232 2376 1414 2417 Neronis
1444 2377 1504 2433 (3)

147 2480 195 2523 (1)
205 2480 351 2524 Apertus
362 2479 396 2512 in
407 2479 527 2524 primis
541 2479 635 2511 locus
647 2480 766 2520 estIV,
881 2483 928 2525 (2)
940 2483 1170 2529 Subjicientur
1184 2485 1296 2517 statim
1311 2485 1393 2518 huic
1411 2486 1500 2519 vitae.

103 2529 160 2570 30,
178 2544 190 2562 1
201 2558 208 2572 ‚
225 2531 285 2566 uhi
298 2543 336 2564 ex
346 2534 459 2574 patria
472 2545 531 2563 sua
544 2531 768 2577 quaestionem
881 2534 929 2577 (3)
941 2537 1027 2567 AErae
1039 2537 1190 2581 vulgaris
1205 2540 1260 2570 62.
1272 2538 1374 2570 Urbis
1387 2537 1499 2571 Cond.

102 2594 137 2615 se
155 2583 305 2616 attulisse
324 2584 391 2624 ait,
409 2596 484 2629 quae
501 2584 647 2630 pertinet
662 2583 707 2618 ad
721 2585 769 2618 vi-
835 2586 986 2620 Varron.
1015 2589 1092 2620 815.
1114 2589 1294 2622 Massonus
1314 2589 1356 2622 ad
1377 2591 1478 2623 XVII
1490 2613 1499 2629 ,

104 2634 230 2668 niniam
245 2637 358 2670 Lacus
376 2636 481 2670 Larii.
836 2645 868 2670 et
881 2638 991 2671 XXV.
1009 2641 1200 2682 (Nimirum
1217 2642 1264 2675 sic
1284 2641 1501 2676 laudabimus

1234 2701 1296 2742 D.
