1742 2989
610 211 955 254 EPISTULA
991 210 1134 253 VIII.
1483 208 1572 253 215

170 293 237 335 καὶ
255 287 516 354 λαρυγγίζων.
537 293 616 334 Est
631 292 747 335 enim
768 302 855 336 tam
881 295 1079 354 ineptus,
1096 300 1144 334 ut
1165 291 1297 333 risum
1322 291 1458 350 magis
1478 308 1573 351 pos-

171 366 225 407 sit
251 365 494 425 exprimere
510 399 522 419 ,
548 381 680 425 quam
702 367 926 426 gemitum.
944 365 1108 411 Credas
1128 381 1218 408 non
1238 362 1291 406 de
1313 363 1450 423 puero
1471 365 1575 408 scri-

171 447 296 496 ptum
313 473 325 492 ‚
352 436 425 480 sed
456 454 481 480 a
506 454 659 498 puero.
683 439 803 483 Vale.

168 557 269 602 guhri
288 570 371 591 voce
383 582 391 598 ‚
407 565 440 590 et
453 558 588 591 actione
603 558 646 591 ad
661 559 838 592 materiem
953 572 984 604 7.
1013 563 1052 591 Ut
1067 561 1164 591 risum
1185 560 1304 602 magis,
1329 565 1394 590 etc.
1414 559 1511 590 Rom.
1537 562 1577 589 Ut

169 610 357 656 composita
371 635 379 650 ,
401 610 460 643 sed
487 611 583 644 laetus
595 637 603 651 ‚
622 611 742 644 hilaris
757 637 766 652 ,
786 612 839 645 lu·
904 615 1000 644 risum
1015 613 1203 654 milzipossit
1215 612 1393 653 exprimere
1404 611 1518 653 magis.
1530 609 1573 642 H.

168 662 320 708 densque
339 663 510 696 recitaret.
527 663 617 697 Add.
635 665 720 698 Luc.
739 665 836 698 Rhet.
905 683 950 688 -—
969 666 1186 712 Λαρυγγίζων.
1198 666 1371 699 Πλατύνων
1385 666 1439 700 τὴν
1456 664 1574 708 φωνήν,

167 728 270 761 praee.
291 729 325 761 p.
347 717 425 750 320.
440 716 484 749 G.
903 718 1204 751 vehementissima
1219 730 1304 751 voce
1321 724 1432 750 utens.
1450 717 1515 749 ΕΒ.

165 845 1577 859 *tunsamasumunsxnzxtszmzznuzanswzmwuvmmmsmmnzzmzxs

777 972 959 1027 VIII.

192 1120 444 1157 Gratulationi
467 1120 514 1157 de
537 1130 723 1171 auguratu
746 1121 969 1171 respondet,
994 1134 1141 1158 caussas
1169 1122 1383 1172 explicans,
1409 1135 1476 1158 cur
1504 1134 1549 1158 eo

599 1185 746 1222 honore
768 1186 959 1236 praecipue
982 1187 1139 1223 laetetur.

437 1312 477 1340 c.
515 1312 751 1342 PLINIUS
789 1313 1048 1343 ARRIANO
1074 1298 1092 1317 *
1129 1314 1228 1343 sno
1263 1314 1297 1343 s.

228 1420 533 1464 GRATULARIs
562 1420 699 1475 mihi,
731 1421 849 1481 quod
880 1422 1123 1482 acceperim
1157 1432 1438 1483 auguratum.
1468 1424 1574 1465 Jure

163 1491 395 1551 gratularis
424 1509 433 1535 :
459 1494 652 1553 primum
669 1527 679 1547 ‚
704 1493 824 1553 quod
851 1495 1095 1555 gravissimi
1122 1496 1334 1555 principis
1356 1495 1571 1555 judicium

162 1564 207 1606 in
234 1565 481 1609 minoribus
507 1567 637 1609 etiam
663 1566 793 1611 rebus
819 1569 1027 1628 consequi
1050 1568 1286 1629 pulchrum
1307 1579 1396 1624 est3
1414 1569 1572 1612 deinde

161 1639 280 1697 quod
310 1639 602 1683 sacerdotium
640 1640 785 1700 ipsum
817 1658 953 1701 quum
986 1642 1180 1701 priscum
1217 1652 1261 1685 et
1291 1641 1570 1702 religiosum,

160 1719 254 1753 tum
283 1712 368 1756 hoc
393 1729 568 1773 quoque
595 1730 765 1757 sacrum
796 1713 926 1775 plane
953 1724 994 1758 et
1022 1715 1191 1776 insigne
1220 1726 1312 1771 est,
1335 1716 1454 1776 quod
1481 1733 1570 1759 non

1600 314 1619 345 7

161 1783 371 1828 adimitur
398 1786 574 1829 viventi.
602 1788 714 1831 Nam
742 1797 919 1842 caetera,
937 1804 1203 1848 quamquam
1231 1788 1445 1849 dignitate
1471 1806 1571 1849 pro·
1602 1806 1617 1824 τε

160 1856 399 1915 pemodum
431 1859 551 1919 paria
571 1894 582 1913 ,
609 1869 657 1902 ut
687 1860 972 1915 tribuuntur,
1007 1861 1067 1904 sic
1096 1861 1369 1905 auferuntur.
1400 1865 1452 1906 In
1486 1863 1570 1905 hoc

161 1928 348 1973 fortunae
375 1930 587 1975 haetenus
616 1931 738 1987 licet,
771 1943 820 1976 ut
849 1933 941 1977 dari
972 1935 1119 1994 possit.
1156 1935 1269 1979 Mihi
1302 1952 1404 1979 vero
1438 1936 1568 1979 etiam

162 2001 267 2046 illud
303 2003 598 2064 gratulatione
632 2005 816 2066 dignum
852 2006 1050 2063 videtur,
1080 2008 1198 2069 quod
1234 2010 1419 2053 successi
1453 2008 1569 2053 Julio

205 2132 306 2166 VIII.
319 2134 493 2168 *Arrianm
510 2135 599 2168 Vide
613 2136 656 2169 ad
674 2137 690 2168 I
705 2162 713 2177 ,
730 2137 830 2182 epist.
945 2140 976 2173 3.
1003 2142 1088 2172 Mihi
1115 2153 1194 2173 vero
1229 2144 1325 2173 etiam
1352 2144 1442 2174 illud.
1470 2143 1566 2174 Rom.

164 2199 194 2217 2.
210 2186 275 2219 ΕΙ).
898 2194 983 2224 Milzi
999 2206 1077 2225 vero
1099 2196 1184 2226 illud
1202 2197 1315 2233 etlam,
1338 2195 1438 2227 hene.
1461 2194 1504 2227 H.
1525 2214 1570 2218 —“

209 2251 239 2271 2.
262 2241 349 2271 Nam
374 2250 512 2280 amera,
536 2248 600 2274 etc.
620 2244 719 2276 Rom.
747 2246 834 2275 Nam
899 2245 1012 2278 Bonus
1030 2245 1087 2279 hic
1106 2246 1213 2286 ord0‚
1233 2256 1349 2280 noster
1368 2255 1481 2280 tamen
1498 2259 1567 2278 non

160 2292 246 2329 alia,
265 2304 463 2334 quamquam
475 2295 643 2336 dignitate.
659 2295 703 2328 H.
718 2316 764 2320 -—
778 2296 830 2329 Sic
900 2296 1060 2331 deterior.
1075 2298 1158 2331 Vid.
1187 2300 1390 2345 Heusinger.
1412 2300 1455 2332 ad
1482 2300 1565 2331 Cor-

160 2352 194 2376 et
223 2344 399 2378 Cortiana.
428 2346 531 2379 Bene.
565 2342 672 2391 Ᾰλὶα,
694 2361 765 2381 non
788 2350 831 2383 τὰ
897 2350 965 2382 nel.
987 2352 1074 2396 Nep.
1089 2352 1238 2386 Hamilc.
1254 2354 1305 2393 II,
1331 2354 1348 2386 3
1364 2378 1372 2390 ‚
1389 2365 1465 2397 pag.
1488 2351 1565 2384 265.

162 2397 254 2431 ἄλλα.
281 2397 315 2430 S.
897 2402 1078 2436 Emendat.
1106 2406 1163 2445 II,
1189 2410 1207 2446 4
1225 2430 1233 2445 ,
1254 2418 1287 2450 p.
1315 2418 1390 2437 202.
1415 2404 1566 2436 Omnino

205 2453 418 2482 —For-tzmae.
432 2477 438 2482 .
451 2453 659 2494 daripossit.
673 2453 831 2485 Fortunae
896 2454 930 2486 in
957 2456 1069 2500 positu
1095 2457 1199 2503 hujus
1225 2458 1398 2503 particula*
1420 2457 1503 2489 mira
1524 2456 1565 2488 li—

158 2513 246 2546 opus
266 2510 334 2542 est,
351 2512 558 2548 auguratum
577 2505 745 2550 accipere.
764 2506 833 2539 Sed
896 2507 1089 2542 brariorum
1116 2511 1339 2543 inconstantia
1372 2508 1563 2554 deprehen-

158 2553 269 2586 inhoc
280 2555 441 2589 etiamvis
454 2556 599 2589 fortunae
610 2558 826 2591 terminatur.
898 2559 1001 2594 ditur.
1029 2563 1062 2596 S.
1084 2583 1128 2587 —
1144 2566 1230 2596 Julz'o
1258 2564 1420 2594 Frontino.
1451 2561 1563 2594 Nobili

161 2605 237 2638 Non
248 2607 340 2640 enim
358 2607 468 2640 facere
482 2616 593 2654 potest
607 2635 615 2649 ,
632 2617 668 2642 ut
679 2623 759 2643 eum
773 2611 832 2643 ho·
899 2615 1029 2646 auctori
1056 2615 1343 2660 stratagematum
1370 2622 1399 2646 et
1425 2614 1499 2645 libri
1521 2613 1562 2645 ‹le

160 2668 280 2691 norem
302 2660 520 2699 amittamus,
547 2662 625 2707 quja
654 2676 830 2709 nunquam
898 2665 1230 2710 Aquaech1ctitms,dc
1244 2666 1469 2712 cujusmortis
1484 2673 1565 2697 tom-

160 2707 337 2745 adimitur.
353 2712 395 2745 E.
897 2729 996 2763 pore,
1014 2728 1115 2765 atque
1132 2719 1218 2753 adeo
1232 2745 1240 2760 ‚
1258 2732 1327 2765 quo
1344 2732 1434 2751 anno
1453 2731 1564 2764 augur

1597 1938 1615 1970 fv.)
