1742 2989
187 669 205 698 9

158 1191 194 1212 11

244 200 332 262 27ss
660 199 706 240 C.
743 196 965 240 PLINII
999 199 1122 241 LIB.
1158 200 1210 242 V.

240 284 353 327 dicio
387 298 464 325 suo
502 289 705 342 poterant
741 295 831 322 esse
861 279 1053 322 contenti
1085 296 1094 322 ε
1125 279 1231 322 mihi
1261 278 1496 323 modestior
1525 296 1630 324 con-

238 357 417 401 scientia
446 365 531 409 est,
557 369 687 414 quam
714 361 762 395 ut
787 352 887 395 satis
913 351 1157 395 absolutum
1180 361 1353 411 putem,
1377 352 1493 412 quod
1515 369 1537 396 a
1562 370 1632 396 me

237 430 462 490 probetur.
493 431 643 487 Itaque
667 427 743 470 has
767 425 976 469 recitandi
1002 441 1171 468 caussas
1196 441 1354 485 sequor
1381 441 1390 469 :
1417 427 1630 485 primum,

235 504 351 564 quod
380 504 491 563 ipse,
516 501 589 561 qui
613 500 790 554 recitat⁷
815 497 1038 558 aliquanto
1064 499 1205 540 acrius
1234 497 1403 557 scriptis
1429 499 1539 551 suis,
1557 515 1630 541 au-

234 576 426 620 ditorum
457 573 725 626 reverentia,
756 570 942 614 intendit
972 588 981 614 z
1015 570 1193 625 deinde,
1223 570 1364 630 quod,
1394 570 1447 614 de
1473 571 1629 631 quibus

233 649 427 704 dubitat,
454 647 575 708 quasi
601 663 652 689 ex
678 643 844 688 consilii
872 645 1082 686 sententia
1109 643 1271 687 statuit.
1290 643 1432 687 Multa
1452 644 1582 686 etiam
1605 661 1629 687 a

231 721 377 765 multis
403 720 661 764 admonetur
687 735 696 762 :
725 727 788 772 et,
811 718 843 759 si
870 733 956 759 non
984 715 1293 771 admoneatur,
1317 716 1420 776 quid
1446 717 1628 777 quisque

230 795 408 847 sentiat,
429 792 636 853 perspicit
661 807 711 834 ex
738 789 885 845 vultu,
908 788 1063 843 oculis,
1090 799 1224 843 nutu,
1250 806 1407 843 manu,
1432 807 1627 833 murmu-

229 884 297 922 re,
324 866 516 920 silenti03
540 881 633 924 quae
660 864 759 907 satis
785 864 944 923 apertis
970 864 1083 906 notis
1107 863 1318 923 judicium
1346 863 1399 906 ab
1422 863 1627 907 humani-

228 950 316 983 tate
341 940 607 983 discernunt.
636 938 780 997 Atque
808 936 941 990 adm,
969 937 1000 979 si
1029 936 1099 979 cui
1125 935 1235 978 forte
1260 952 1435 990 eorum,
1455 937 1527 995 qui
1557 937 1625 979 in-

228 1013 497 1067 terfuerunt,
530 1029 643 1055 curae
675 1010 804 1053 fuerit
836 1009 983 1052 eadem
1016 1008 1085 1052 illa
1120 1008 1284 1068 legere,
1316 1008 1523 1069 intelliget
1556 1027 1625 1052 me

225 1086 421 1147 quaedam
454 1095 528 1128 aut
555 1093 868 1135 commutasse,
901 1092 974 1124 aut
1000 1083 1262 1141 praeterisse,
1288 1081 1466 1125 fortasse
1494 1083 1623 1124 etiam

224 1175 275 1202 ex
300 1176 377 1202 suo
395 1158 561 1218 judicio
576 1193 587 1211 7
613 1157 809 1217 quamvis
831 1157 920 1215 ipse
941 1153 1046 1197 nihil
1072 1154 1227 1197 dixerit
1249 1155 1370 1197 m1hi.
1399 1156 1541 1214 Atque
1564 1155 1622 1197 ita

222 1233 306 1276 hoc
329 1232 527 1292 disputo,
548 1230 669 1290 quasi
694 1228 904 1289 populum
934 1228 977 1270 in
1005 1227 1267 1270 auditorium
1285 1262 1296 1281 ‚
1319 1243 1405 1270 non
1433 1227 1475 1269 in
1502 1227 1623 1270 cubi,

223 1306 368 1350 culum
385 1306 547 1349 amicos
570 1304 816 1347 advocarim
831 1338 841 1354 ,
864 1318 971 1362 quos
994 1300 1136 1361 plures
1158 1300 1317 1343 habere
1332 1336 1342 1351 ,
1364 1299 1509 1344 multis
1533 1299 1621 1359 glo-

222 1382 407 1435 riosum,
437 1378 765 1439 reprehensioni
793 1376 953 1419 nemini
982 1374 1074 1417 fuit.
1098 1373 1217 1418 Vale.

268 1517 298 1546 8.
313 1514 439 1555 Sumptis
453 1514 530 1543 suis.
548 1535 555 1542 .
572 1536 577 1542 .
595 1535 601 1541 .
612 1512 754 1541 intendit.
775 1509 862 1540 VIII
875 1533 883 1547 ‚
951 1508 1032 1540 satis
1052 1507 1229 1552 perspicue
1247 1506 1431 1539 ostendunt
1446 1531 1454 1547 ,
1470 1506 1553 1552 quid
1566 1508 1620 1553 ju-

223 1577 260 1608 19
276 1590 284 1605 ‚
311 1578 327 1597 2
346 1577 354 1597 :
376 1582 388 1592 υ
405 1565 431 1596 si
453 1561 613 1609 quando,
637 1575 727 1594 nunc
746 1560 884 1593 intende
950 1559 1246 1593 dicentauditores
1255 1559 1618 1604 efiamilquuihuma-

217 1617 302 1650 h'hro
316 1643 324 1656 ‚
338 1629 441 1662 quem
455 1628 534 1648 cum
553 1615 618 1647 hac
639 1614 777 1659 epistola
799 1613 883 1645 acci·
949 1613 1063 1645 nitatis
1074 1625 1193 1645 caussa
1205 1612 1371 1658 judicium
1386 1625 1486 1645 suum
1501 1621 1616 1658 aperto

216 1671 309 1714 pies3
334 1669 413 1715 quia
432 1680 573 1707 vereor,
594 1679 636 1699 ne
651 1667 719 1711 ipse
733 1691 741 1705 ‚
762 1674 798 1698 ut
825 1665 883 1697 tri·
948 1678 1018 1698 non
1035 1665 1207 1697 dixissent.
1229 1665 1268 1697 E.

217 1723 275 1755 stis
288 1748 295 1761 ,
314 1734 434 1766 parum
452 1719 670 1753 intenderim.
687 1735 699 1746 »
722 1719 754 1752 S.
1000 1731 1012 1750 1
1023 1730 1051 1750 1.
1069 1722 1174 1760 Atque
1189 1720 1234 1749 ita
1253 1720 1312 1749 lzoc
1328 1719 1463 1760 disputo.
1479 1718 1614 1750 Praestat

263 1788 296 1818 9.
316 1779 373 1812 Et,
390 1776 418 1807 si
433 1787 513 1805 non.
531 1799 537 1805 .
554 1797 561 1804 .
578 1784 762 1804 mam-mure.
778 1770 831 1804 Sic
850 1777 882 1802 et
948 1770 1053 1802 Cortii
1070 1777 1102 1801 ct
1122 1769 1263 1815 Gierigii
1280 1774 1388 1812 Atque
1406 1771 1473 1801 lzaec
1489 1772 1533 1802 ita
1550 1771 1613 1801 dis·-

216 1830 311 1861 Rom.
334 1827 375 1860 H.
392 1848 436 1852 ’ἡ
454 1828 630 1859 Jndicinm.
648 1850 653 1856 .
671 1826 878 1857 discernant.
940 1832 1031 1865 puto.
1047 1823 1080 1856 S.
