1742 2989
572 180 920 224 EPISTOLA
956 183 1039 224 IX.
1430 186 1520 244 [407

119 265 272 322 Itaque
292 259 450 306 summi
467 269 683 316 oratores,
702 263 861 306 summi
878 263 1008 306 etiam
1025 262 1107 305 viri
1125 263 1184 306 sic
1203 278 1246 305 sc
1262 272 1335 306 aut
1349 280 1523 308 exerce-

118 336 226 379 bant
259 344 334 379 aut
361 333 660 390 delectabant,
700 335 834 378 immo
860 335 1135 379 delectabant
1162 336 1523 397 exercebantque.

119 410 232 453 Nam
254 409 414 452 mirum
431 418 517 464 est,
543 418 591 452 ut
606 409 672 452 his
685 408 907 469 opusculis
922 409 1094 452 animus
1110 408 1362 453 intendatur
1377 411 1522 453 reinit-

119 491 347 542 taturque3
382 481 601 541 recipiunt
625 483 742 525 enim
769 498 959 536 amores,
991 481 1113 535 odia,
1144 482 1247 535 iras,
1281 483 1524 526 misericor-

119 554 257 609 diam,
291 555 612 609 urbanitatem,
642 556 788 598 omnia
814 555 1024 615 denique,
1053 571 1148 614 quae
1176 556 1218 597 in
1245 555 1355 611 vita,
1393 564 1523 615 atque

119 627 248 670 etiam
272 626 316 669 in
335 626 431 670 foro
446 628 693 687 caussisque
710 637 951 671 versantur.
970 630 1088 671 Inest
1104 627 1170 672 his
1185 644 1358 688 quoque
1372 628 1524 672 eadem

119 716 215 760 quae
248 699 342 744 aliis
377 701 645 744 carminibus
676 701 860 755 utilitas,
887 700 1005 760 quod
1027 702 1152 743 metri
1174 702 1428 744 necessitate
1454 700 1524 743 de-

118 773 277 827 vincti,
297 772 435 817 soluta
459 775 658 817 oratione
681 773 896 826 laetamur,
915 785 956 817 et
977 773 1095 834 quod
1117 773 1283 817 facilius
1304 790 1394 817 esse
1414 791 1525 817 coni-

118 848 288 907 paratio
302 847 507 901 ostendit,
520 847 725 891 libentius
739 848 980 891 scribimus.
996 846 1141 890 Habes
1157 846 1281 907 plura
1293 847 1425 890 etiam
1441 845 1527 889 for-

119 929 390 979 tasse,quam
409 920 682 980 requirebas3
701 937 839 962 unum
855 929 999 963 tamen
1020 921 1158 964 omisi.
1183 922 1282 964 Non
1301 920 1417 964 enim
1437 919 1526 962 dixi

120 1008 215 1051 quae
236 991 418 1053 legenda
439 994 677 1037 arbitrarer
703 1011 711 1036 :
737 1009 1002 1053 quamquam
1026 993 1136 1049 dixi,
1158 1010 1295 1053 quum
1316 993 1526 1048 dicerem,

119 1082 215 1125 quae
238 1067 480 1110 scribenda.
504 1069 571 1110 Tu
593 1067 844 1110 memineris
865 1068 929 1109 sui
951 1067 1161 1127 cujusque
1182 1067 1351 1126 generis
1372 1076 1526 1109 aucto-

712 1139 838 1182 aiunt
870 1139 1010 1193 enim,
1043 1154 1243 1182 MULTUM
1268 1153 1526 1182 LEGENDUM

120 1227 241 1265 ESSE,
258 1228 352 1256 NON
370 1229 546 1256 MULTA.
563 1213 652 1269 Qui
671 1213 755 1255 sint
774 1211 841 1265 hi,
858 1211 966 1254 adeo
984 1221 1136 1254 notum
1154 1220 1527 1271 provocatumque

120 1294 205 1338 est,
227 1294 276 1328 ut
295 1285 670 1329 demonstratione
689 1301 779 1328 non
800 1293 956 1344 egeant
979 1301 987 1327 :
1010 1294 1052 1327 et
1070 1283 1232 1344 alioqui
1251 1294 1339 1327 tam
1367 1284 1526 1326 immo-

118 1154 187 1181 res
221 1138 454 1199 diligenter
487 1138 646 1200 eligere
676 1156 684 1182 :

120 1435 238 1457 omnes
258 1425 351 1457 enim
370 1424 483 1458 fontes
502 1422 589 1458 sacri
611 1431 709 1457 erant
728 1421 792 1455 deo

118 1475 233 1509 alicui.
251 1477 319 1509 En.

169 1539 182 1560 1
192 1541 222 1561 2.
232 1532 362 1571 Itaque.
375 1527 572 1574 Gierigiana
585 1556 593 1569 ,
606 1532 671 1567 lca,
684 1528 794 1574 sphal-

122 1592 178 1613 ma
195 1581 340 1614 fortasse
356 1593 552 1627 operarum.
571 1582 605 1614 S.

168 1645 181 1665 1
189 1635 220 1667 3.
228 1633 670 1677 Opusculis.Vid.Quint.II,
679 1647 691 1665 1
702 1633 791 1674 ,8.G.

166 1705 211 1710 —
226 1687 464 1724 Urbanitatem‚
481 1689 590 1733 jocos
606 1687 674 1719 En.

170 1750 183 1771 1
192 1746 209 1776 4
217 1741 425 1771 ,Νεεεςείῐαῐε
431 1740 576 1771 devincti.
588 1738 721 1771 Habent
731 1739 794 1771 ista

120 1790 335 1824 intellectum
353 1790 485 1823 bonum
506 1799 537 1824 et
557 1791 707 1823 facilem.
728 1790 795 1824 Sed

119 1843 367 1876 blandiebatur
381 1844 482 1876 nobis
501 1852 614 1876 tamen
631 1844 794 1889 suspicio,

120 1907 164 1929 an
189 1908 260 1927 non
285 1896 544 1929 convenientius
570 1903 656 1929 esset
682 1896 795 1940 legere

120 1950 213 1980 metri
238 1950 423 1981 necessitate
449 1950 591 1992 defuncti
605 1963 614 1980 .·
628 1949 677 1981 sic
703 1949 795 1980 enim

119 1999 352 2039 indicaretur,
381 2009 542 2045 superata
568 2001 625 2034 illa
649 2000 797 2034 difficul-

119 2061 189 2086 tate
202 2078 211 2093 ‚
225 2054 369 2099 abjectis
380 2054 480 2100 quasi
492 2054 557 2086 illis
570 2052 795 2098 compedibus

121 2114 226 2152 atque
238 2106 387 2139 vinculis
399 2132 407 2146 ,
423 2106 549 2152 quibus
567 2106 723 2139 carmina
739 2106 796 2138 ad-

121 2159 237 2191 stricta
249 2167 327 2191 sunt
339 2183 347 2197 ,
358 2158 465 2192 laetius
477 2159 664 2204 procedere
675 2159 796 2191 oratio-

122 2223 203 2243 nem
216 2210 361 2243 liberam
374 2235 382 2250 ,
395 2219 432 2243 ut
445 2212 567 2245 retenti
581 2224 682 2244 canes
693 2212 729 2244 in
742 2224 796 2244 ve-

122 2272 206 2296 natu
217 2288 225 2303 ‚
237 2271 333 2296 tanto
345 2273 529 2309 erumpunt
542 2272 573 2297 et
584 2272 797 2309 procurrunt

121 2314 298 2361 cupidius,
310 2323 348 2348 ut
359 2317 501 2350 stabulis
511 2317 664 2351 hibernis
676 2318 795 2351 emissa

122 2380 247 2414 pecora
266 2367 428 2401 lascivius
448 2371 631 2403 exsultant.
650 2370 693 2403 G.

173 2423 227 2454 15.
243 2422 299 2451 Sui
314 2423 466 2465 cujusque
477 2425 613 2466 generis.
637 2423 773 2456 Cottius
787 2448 796 2463 ‚

124 2481 161 2505 ut
193 2473 383 2517 elegantius
397 2499 406 2513 ,
433 2474 529 2507 malit
555 2487 561 2508 ;
586 2478 637 2507 sui
657 2489 798 2519 quosque

123 2528 256 2570 generis.
275 2526 310 2560 Si
328 2539 399 2571 qua
415 2527 450 2560 in
466 2526 520 2560 his
535 2528 701 2573 elegantia
712 2554 720 2568 ‚
740 2541 800 2561 no-

127 2587 237 2612 strum
255 2587 307 2612 sat
326 2580 463 2625 elegans
478 2581 564 2614 mihi
580 2581 729 2615 videtur.
745 2582 799 2614 Se-

127 2631 263 2665 cundus
277 2633 310 2665 II
323 2658 331 2673 ,
348 2632 364 2665 5
379 2658 387 2673 ‚
404 2646 437 2678 7,
452 2637 623 2666 secundam
643 2648 733 2666 suum
747 2648 799 2666 cu-

121 2687 240 2729 jusque
252 2696 414 2720 naturam.
433 2687 466 2722 S.
478 2709 518 2713 -
529 2692 682 2721 sslicleum.
699 2712 705 2719 .
722 2712 728 2719 .
738 2701 801 2719 ηοη

858 1425 969 1454 multa.
982 1422 1063 1455 Vid.
1081 1436 1156 1468 quae
1171 1424 1204 1455 in
1218 1423 1310 1456 hanc
1325 1423 1531 1456 sententiam

857 1473 1010 1520 disputat
1026 1475 1173 1516 Quintil.
1190 1476 1234 1514 X,
1251 1487 1281 1514 1,
1299 1487 1351 1518 19-
1369 1476 1532 1520 Loquun-

857 1535 914 1559 tur
938 1540 1063 1573 nempe
1089 1527 1131 1561 de
1159 1528 1263 1560 initiis
1290 1536 1323 1560 et
1349 1526 1531 1560 formando

859 1579 934 1613 stilo
949 1592 957 1621 ;
972 1593 1043 1613 non
1058 1579 1292 1614 condemnant
1302 1592 1365 1612 nos
1380 1579 1424 1613 ad
1439 1579 1532 1625 Sisy-

858 1633 989 1678 pheum
1013 1632 1155 1678 aliquod
1176 1645 1294 1665 saxum
1314 1644 1320 1664 :
1347 1639 1424 1672 aut,
1449 1632 1534 1664 asini

858 1685 965 1718 instar
984 1685 1027 1718 ad
1055 1686 1181 1717 molam
1208 1684 1334 1724 vincti,
1360 1684 1413 1716 vel
1439 1684 1533 1716 canis

858 1737 1056 1770 machinam
1066 1738 1257 1770 culinarem
1265 1749 1354 1770 vano
1363 1735 1533 1769 adscensu

858 1790 1122 1835 circumagentis
1134 1815 1142 1829 ,
1157 1790 1191 1822 in
1211 1788 1354 1822 minimo
1372 1788 1534 1833 paucissi-

858 1854 995 1876 morum
1016 1842 1182 1874 librorum
1207 1841 1289 1874 orbe
1309 1840 1431 1874 volunt
1455 1853 1534 1873 con-

858 1908 1048 1929 senescere.
1066 1896 1187 1940 ltaque
1204 1894 1342 1939 optimis
1362 1893 1532 1938 magistris

859 1961 929 1981 non
938 1956 1057 1981 contra
1067 1947 1191 1980 dixisse
1200 1946 1282 1978 mihi
1293 1945 1532 1991 videor,quum

859 2001 893 2033 in
915 2001 1113 2046 praefatione
1133 1998 1176 2032 ad
1194 1999 1332 2031 Livium
1351 1997 1394 2030 de
1413 2009 1532 2030 curso-

859 2054 909 2087 ria
941 2066 1011 2086 non
1040 2053 1153 2085 minus
1186 2063 1290 2096 quam
1323 2049 1366 2083 de
1394 2050 1533 2082 stataria

858 2107 1005 2140 lectione
1034 2104 1221 2150 disputavi.
1241 2102 1284 2136 G,
1299 2123 1344 2127 —
1363 2102 1534 2147 Gierigius

859 2160 982 2198 verba,
1001 2161 1096 2189 aiunt
1111 2159 1209 2189 enim.
1228 2180 1234 2186 .
1251 2158 1388 2193 anulta,
1408 2168 1425 2188 e
1442 2166 1533 2186 niar-

860 2212 937 2257 gine
947 2211 1051 2244 textui
1065 2210 1156 2242 illata
1167 2216 1261 2254 putat
1273 2220 1281 2248 ;
1293 2209 1431 2240 turbare
1442 2206 1532 2239 enim

860 2265 983 2297 seriem
1000 2263 1178 2296 orationis.
1204 2261 1316 2293 Immo
1341 2272 1421 2293 cum
1447 2259 1533 2292 serie

860 2317 1023 2349 orationis
1051 2315 1223 2360 aptissime
1252 2313 1422 2346 coliaerent
1443 2323 1449 2343 z
1472 2310 1533 2343 do-

861 2377 939 2404 cent
953 2369 1044 2403 enim
1057 2393 1065 2408 ,
1079 2380 1140 2400 cur
1155 2366 1207 2399 sui
1219 2367 1388 2411 cujusque
1400 2363 1535 2409 generis

861 2430 1018 2456 auctores
1036 2421 1218 2464 diligenter
1237 2417 1383 2462 eligendi
1405 2417 1482 2449 sint.
1499 2416 1532 2449 S.

893 2477 1228 2515 113.Pr0v0caeamqae.
1238 2468 1437 2514 Lugendum
1450 2476 1535 2514 puto

857 2531 1150 2572 pervulgatmnque.
1176 2523 1278 2565 Quod
1299 2535 1403 2565 quum
1427 2524 1535 2567 ἀρχαϊ-

864 2587 925 2620 κῶς
958 2580 1181 2624 adhibitoque
1213 2574 1420 2620 compendio
1454 2573 1535 2606 scri-

864 2641 960 2679 ptum
977 2640 1062 2665 essct
1074 2634 1337 2675 pvolgatumque,
1355 2627 1400 2659 sic
1413 2652 1421 2665 ,
1434 2633 1471 2658 ut
1484 2626 1534 2659 vi-

866 2685 925 2720 des
938 2711 945 2726 ‚
958 2685 1181 2729 depravatum
1200 2690 1260 2714 est.
1284 2698 1295 2710 υ
1309 2680 1426 2720 Quum
1443 2678 1532 2712 enim

1556 868 1594 900 15

1560 1243 1598 1273 16
