1742 2989
192 181 285 237 344
600 183 647 225 o.
684 182 908 225 PLINII
943 182 1069 226 LIB.
1106 183 1190 225 vl.

190 280 362 323 semper
385 262 536 307 eadem
559 262 861 323 simplicitate,
884 265 1053 324 quoties
1078 279 1244 307 cessare
1270 262 1451 306 videbor
1471 262 1598 325 (nun-

189 353 323 396 quam
350 336 466 379 enim
494 336 688 395 cessabo)
709 337 956 383 convicium
978 336 1108 380 facias
1130 353 1140 381 :
1163 335 1281 397 quod
1304 346 1347 379 et
1367 353 1448 397 ego
1471 336 1596 380 intel-

189 408 323 469 ligam
353 426 376 452 a
402 426 573 452 summo
599 425 748 453 amore
772 409 1016 470 proficisci,
1042 419 1084 454 et
1105 419 1154 454 tu
1179 426 1269 453 non
1294 410 1502 454 meruisse
1528 426 1597 453 me

161 481 162 488 ¹
190 483 394 544 gaudeas.
415 483 541 528 Vale.

188 616 246 648 hic
274 616 411 650 Cortius
437 617 509 650 Cic.
538 617 622 649 fam.
642 617 695 656 X,
719 622 781 658 24,
803 619 857 649 15.

197 670 271 701 «De
289 669 341 701 his
360 670 462 701 rebus
477 677 514 702 ut
531 670 677 714 exigeret
697 682 777 703 cuin
796 682 836 703 eo
850 694 859 710 ,

189 722 321 754 Furnio
342 721 518 754 mandavi.
536 738 548 750 n
576 722 620 754 G.
639 742 685 747 —
705 725 780 754 Cum
807 732 859 753 tuo

180 776 257 819 filio
300 783 398 819 patre
427 774 621 819 Calpurniae
654 782 861 822 praematura

190 835 301 860 morte
316 836 427 872 rapto.
444 829 510 861 En.

227 880 244 912 5
252 906 258 911 .
271 883 398 921 Quoties
407 893 529 912 cessare
535 881 681 918 videbor,
693 887 756 914 etc.
766 882 860 913 Rom.

192 933 352 973 «Quoties
365 945 499 966 cessare
513 932 658 966 videbor
668 934 863 978 (nunquam

191 985 283 1017 enim
312 986 475 1029 cessabo)
502 986 695 1019 convicium
727 987 831 1019 facias
853 998 860 1019 τ

191 1037 286 1083 quod
318 1046 350 1071 et
376 1051 438 1083 ego
463 1039 654 1084 intelligam
683 1051 702 1071 a
726 1051 861 1072 summo

191 1102 308 1124 amore
324 1091 495 1135 proficisci
508 1117 517 1132 ,
533 1099 565 1124 et
584 1099 622 1124 tu
637 1104 775 1125 menon
794 1104 862 1125 me-

924 615 1033 649 ruisse
1052 615 1233 661 gaudeas.»
1252 617 1346 662 Lego
1374 633 1386 646 «
1401 616 1596 650 convicium

925 670 1032 703 facias
1046 695 1054 710 ‚
1082 669 1176 715 quod
1199 678 1231 703 et
1254 682 1338 715 ego,
1353 686 1366 698 »
1393 677 1524 702 mutata
1544 669 1599 701 in-

928 722 1178 768 terpunctione.
1211 723 1293 769 Ejus
1321 723 1453 767 generis
1485 721 1600 755 convi-

927 776 1019 809 cium
1031 776 1093 808 sibi
1102 775 1173 809 fieri
1185 776 1278 820 cupit
1289 800 1297 815 ,
1309 774 1403 821 quod
1414 776 1457 808 ab
1465 787 1581 809 amore
1591 799 1599 813 ,

927 841 996 861 non
1014 829 1055 861 ab
1072 828 1161 861 irato
1179 827 1293 860 animo
1308 852 1316 867 ,
1336 827 1597 872 proficiscatur,

927 888 960 913 et
979 880 1072 926 quod
1093 893 1127 914 se
1151 893 1220 913 uon
1245 881 1410 913 meruisse
1428 880 1500 925 ipse
1519 894 1599 926 pro-

928 946 1025 967 socer
1046 942 1160 978 postea
1181 932 1340 978 gaudeat.
1361 933 1461 965 H.-—
1475 934 1560 978 ch.
1580 946 1599 967 e

928 985 1016 1019 libro
1023 986 1151 1019 Medic.
1163 999 1242 1019 cum
1252 985 1369 1019 Cortio
1383 993 1414 1018 et
1427 985 1597 1031 Gierigio:

930 1056 943 1068 «
960 1040 1104 1080 Quoties
1124 1051 1258 1072 cessare
1277 1037 1421 1071 videbor
1443 1037 1600 1081 (videbor

927 1091 1019 1133 di003
1028 1104 1210 1137 nunquam
1219 1103 1257 1126 ej}
1264 1091 1307 1124 im
1317 1091 1598 1135 cessab0‚)»etc.S.

208 1222 448 1234 “tw-'mm
456 1224 1535 1236 mmmxmsxntsnmmmwsmmmmmmmmm=
1541 1223 1581 1235 vs

802 1353 987 1409 XIII.

300 1510 478 1546 Caussam
501 1508 752 1557 Bithynorum
775 1507 956 1545 adversus
972 1511 1165 1545 Varenum
1185 1521 1339 1545 narrare
1359 1509 1495 1559 pergit.

548 1647 587 1676 C.
628 1648 863 1676 PLINIUS
896 1648 1038 1677 URSO
1074 1648 1176 1676 SUO
1211 1648 1245 1676 S.

258 1767 533 1819 UNQUAMNE
558 1765 704 1809 vidisti
730 1782 997 1826 quemquam
1017 1775 1107 1809 tam
1131 1765 1397 1809 laboriosum
1419 1775 1461 1810 et
1483 1783 1601 1810 exer—

195 1840 329 1884 citum
345 1877 355 1895 ,
380 1857 511 1900 quam
532 1842 756 1883 Varenum
779 1839 960 1883 meum?
980 1840 1049 1883 cui
1064 1875 1074 1893 ,
1095 1838 1213 1900 quod
1234 1855 1401 1883 summa
1422 1849 1603 1883 conten-

193 1915 314 1957 tione
345 1915 676 1973 impetraverat,
706 1912 1028 1956 defendendum
1056 1922 1098 1956 et
1124 1913 1245 1973 quasi
1272 1928 1420 1972 rursus
1449 1922 1600 1971 peten-

196 1986 301 2030 dum
318 1987 413 2031 fuit.
433 1987 609 2047 Bithyni
628 1986 1053 2030 senatusconsultum
1071 1986 1189 2048 apud
1205 1986 1403 2030 consules
1422 2001 1601 2051 caffere

195 2070 238 2103 et
264 2059 525 2112 labefactare
549 2070 650 2103 sunt
673 2061 787 2112 ausi,
808 2070 938 2120 atque
965 2061 1094 2103 etiam
1121 2059 1500 2119 absenti'principi
1526 2058 1605 2101 cri-

195 2134 379 2178 minari:
405 2134 459 2177 ab
480 2132 554 2176 illo
582 2133 635 2176 ad
664 2143 862 2176 senatum
890 2134 1078 2186 remissi,
1100 2148 1189 2175 non
1210 2131 1482 2175 destiterunt.
1501 2130 1604 2201 Egit

249 2268 347 2301 XIII.
383 2279 412 2299 1.
437 2266 615 2299 Varenum
652 2277 780 2298 meum.
817 2265 868 2298 De

197 2333 267 2366 quo
279 2319 436 2366 supraV‚
452 2332 508 2359 20,
525 2332 540 2351 2
553 2344 561 2358 ,
575 2318 634 2350 ubi
648 2317 846 2364 impetravit
857 2342 865 2357 ‚

196 2381 234 2406 ut
252 2374 316 2407 sibi
333 2383 472 2418 quoque
483 2396 491 2411 ,
508 2382 587 2412 reo,
608 2377 708 2404 testes
723 2382 867 2403 evocare

195 2426 325 2459 liceret.
338 2423 501 2457 Add.VII
517 2426 569 2463 ,6.
582 2423 674 2455 G.-—
685 2425 779 2464 Quod
787 2436 868 2454 sum-

197 2492 251 2511 ma
277 2479 477 2510 contentione
501 2478 738 2519 impetraverat.
767 2476 865 2507 Rom.

199 2532 296 2571 Quod
314 2543 438 2561 summa
463 2530 662 2561 concentione
680 2530 863 2569 impetrave-

197 2595 278 2614 ram.
298 2582 491 2615 Confirmat
506 2581 597 2613 hanc
609 2579 789 2612 lectionem
808 2591 861 2624 ep.

200 2648 261 2675 20,
277 2634 356 2667 libri
372 2634 417 2667 V.
432 2634 476 2666 H.

248 2701 278 2721 τι.
309 2690 445 2731 Carpere
472 2696 503 2719 ec
528 2686 735 2729 labefactare.
766 2684 862 2716 Rom=

936 2267 1072 2307 Carpere
1086 2277 1125 2296 ac
1139 2265 1345 2307 labefactare.
1362 2262 1406 2295 H.
1418 2262 1604 2304 -Labeffa-

934 2327 1040 2355 ctare,
1070 2316 1216 2361 experiri
1247 2329 1291 2348 an
1317 2315 1424 2361 possis
1447 2315 1517 2347 vim
1538 2313 1602 2345 ali-

933 2371 1032 2415 cujus
1055 2369 1106 2402 rei
1132 2369 1299 2401 minuere.
1326 2368 1393 2400 En.
1414 2386 1460 2391 ——
1474 2366 1606 2397 Absenti

927 2424 1078 2464 principi.
1095 2423 1193 2454 Rom.
1205 2423 1343 2452 Absence
1356 2420 1519 2462 principe,
1533 2429 1605 2449 cor-

932 2483 1043 2519 rupte.
1062 2474 1104 2507 H.
1122 2494 1166 2498 --
1183 2476 1304 2505 Absens
1323 2472 1508 2516 imperator
1520 2469 1604 2500 Tra-

927 2528 1030 2572 janus
1046 2535 1119 2559 tum
1139 2534 1211 2559 erat
1228 2537 1306 2558 cum
1325 2522 1472 2556 exercitu
1491 2520 1525 2553 in
1540 2521 1605 2552 Da-

931 2579 994 2612 cia.
1024 2580 1092 2612 En.
1118 2599 1163 2604 —
1184 2576 1364 2610 Terentius
1388 2573 1603 2613 Eunuchus,

930 2632 983 2671 V,
1006 2645 1043 2672 2,
1077 2634 1116 2664 16
1145 2643 1152 2663 :
1183 2630 1311 2662 «Hanc
1335 2627 1458 2667 metui,
1477 2639 1520 2659 ne
1549 2637 1606 2658 me

930 2684 1170 2718 criminaretur
1184 2682 1257 2716 tibi.
1271 2698 1283 2711 υ
1298 2682 1331 2715 S.
