1742 2989
186 215 244 259 28
612 215 658 258 C.
696 214 923 258 PLINII
958 212 1084 257 LIB.
1124 213 1159 256 Ι.

185 295 394 340 afficiant.
424 296 633 357 Disputat
656 295 898 350 subtiliter,
924 296 1140 356 graviter,
1162 303 1316 337 ornate
1340 309 1350 336 :
1382 291 1595 353 frequen-

184 378 251 412 ter
284 369 415 414 etiam
447 368 714 413 Platonicam
748 368 866 411 illam
898 368 1209 412 sublimitatem
1242 375 1284 410 et
1315 365 1593 409 latitudinem

184 441 370 504 effingit.
399 443 553 485 Sermo
586 451 649 485 est
681 442 881 502 copiosus
915 451 958 486 et
985 443 1130 485 varius
1155 457 1164 485 :

1197 439 1335 483 dulcis
1366 440 1568 500 inprimis
1583 473 1594 493 ‚

141 524 161 555 6
185 525 227 559 et
260 516 334 576 qui
365 524 660 575 repugnantes
695 531 870 575 quoque
904 514 1035 559 ducat
1070 524 1112 557 et
1145 511 1354 574 impellat.
1391 511 1458 554 Ad
1490 512 1592 566 hoc,

185 588 423 649 proceritas
449 589 669 648 corporis,
691 587 848 631 decora
877 586 1005 631 facies
1021 623 1032 643 ‚
1057 587 1270 630 demissus
1293 582 1501 644 capillus,
1526 585 1597 627 in-

187 678 291 723 gens
316 671 357 705 et
383 677 491 704 cana
518 660 653 704 barba
681 676 692 704 t

721 677 816 721 quae
844 659 943 704 licet
969 659 1151 704 fortuita
1179 668 1223 702 et
1251 657 1401 701 inania
1438 666 1598 717 puten-

143 745 161 777 7
187 743 278 788 tur,
308 733 369 776 illi
396 743 541 777 tamen
568 732 806 793 plurimum
836 734 1131 777 venerationis
1161 732 1409 793 acquirunt.
1441 729 1599 775 Nullus

187 808 344 852 horror
370 807 413 850 in
439 805 583 861 cultu,
607 805 725 850 nulla
748 806 946 861 tristitia,
966 805 1155 850 multum
1179 802 1421 850 severitatis
1445 820 1454 846 ε
1481 819 1600 847 reve-

188 882 323 925 rearis
354 897 584 925 occursum
601 915 612 934 ‚
636 897 725 923 non
755 879 1024 924 reformides.
1040 879 1153 926 Vitae
1176 880 1383 924 sanctitas
1408 893 1604 931 summa,

189 955 371 999 comitas
400 971 491 1014 par.
518 956 765 998 Insectatur
789 954 916 1007 vitia,
937 969 1028 997 non
1054 953 1256 996 homines
1282 969 1290 995 :
1314 968 1394 996 nec
1419 950 1603 1010 castigat

191 1038 411 1081 errantes,
445 1026 519 1070 sed
552 1025 768 1070 emendat.
803 1027 1008 1086 Sequaris
1043 1034 1298 1068 monentem
1334 1032 1529 1068 attentus
1561 1030 1605 1065 et

186 1101 381 1163 pendens
417 1117 426 1144 ι

186 1212 353 1250 parantur
369 1203 409 1237 iis
422 1228 432 1243 ‚
448 1214 523 1248 quae
539 1203 574 1235 in
590 1203 723 1248 pictura
739 1201 858 1235 lumen

185 1265 218 1290 et
235 1257 357 1292 umbra
373 1255 608 1290 commendat.
627 1256 667 1288 E.

208 1331 254 1335 -
264 1311 490 1342 Latitudinem.
503 1308 653 1342 Catanaei
664 1306 860 1341 observatio

187 1370 236 1395 est
251 1375 321 1396 non
337 1362 527 1406 inelegans,
541 1363 741 1394 latitudinem
755 1360 859 1393 tribui

188 1417 319 1448 Platoni
345 1426 423 1447 cum
453 1420 610 1458 respectu
641 1412 686 1446 ad
719 1421 860 1459 etymon

187 1467 337 1501 nominis
353 1466 459 1505 illius3
477 1468 599 1506 πλάτος
615 1466 707 1499 enim
724 1467 859 1497 latitudo

187 1527 249 1553 est.
278 1524 362 1552 Lata
386 1532 492 1566 porro
518 1518 629 1552 oratio
653 1529 775 1563 pressae
803 1516 861 1550 ad-

187 1573 381 1617 strictaeque
399 1572 599 1618 opponitur.
614 1569 705 1603 Vide
724 1582 804 1604 mox
822 1571 838 1603 I
850 1595 858 1610 ‚

190 1638 250 1665 20,
273 1638 325 1668 ¹9-
345 1624 390 1658 G.
413 1645 458 1650 —
480 1623 533 1658 Ibi
553 1627 638 1662 lata,
661 1625 856 1669 magnifica,

187 1681 314 1710 excelsa
331 1678 443 1711 oratio
460 1677 609 1723 junctim
628 1674 768 1709 dicitur.
788 1676 861 1710 Sui-

186 1731 246 1765 das
259 1732 361 1765 etiam
375 1731 410 1764 in
426 1733 632 1776 Θεόφραστος
644 1753 653 1769 ,
664 1727 723 1763 διὰ
737 1731 859 1768 πλάτος

187 1789 215 1819 ἐν
232 1787 357 1832 λόγοις,
374 1783 553 1816 Platonem
571 1782 783 1827 appellatum
801 1794 862 1814 no-

185 1844 246 1870 tat.
258 1837 323 1869 Alii
336 1844 450 1870 tamen
462 1835 640 1869 Platonem
662 1847 680 1867 a
700 1834 770 1868 lato
785 1847 861 1879 pec-

186 1897 259 1923 tore
274 1897 332 1923 aut
353 1890 466 1922 fronte
483 1901 610 1921 nomen
628 1887 797 1932 accepisse
813 1886 863 1920 di-

184 1950 319 1976 xerunt.
330 1943 556 1987 Diog.Laert.
567 1941 652 1974 plat.
666 1953 742 1986 cap.
755 1942 793 1974 5:
813 1942 860 1975 ὅτι

185 1998 308 2035 πλατὺς
325 1994 362 2032 ἦν
380 1998 413 2031 τὸ
428 1998 576 2041 μέτωπον
590 2020 599 2036 ,
616 1997 655 2033 ὥς
672 2008 744 2040 φησι
758 1997 863 2028 Νεάν-

185 2053 250 2088 θης.
262 2048 390 2081 Seneca
401 2048 510 2092 Epist.
526 2048 588 2080 58:
604 2064 615 2075 n
628 2047 709 2079 Erat
721 2045 861 2091 quidem

187 2112 312 2145 corpus
328 2099 483 2133 validum
498 2107 529 2130 et
546 2100 635 2132 forte
652 2099 792 2132 sortitus
807 2124 815 2135 ,
830 2106 863 2131 et

186 2152 234 2184 illi
258 2164 386 2185 nomen
413 2151 560 2184 latitudo
588 2151 742 2197 pectoris
773 2152 863 2184 fece-

187 2205 483 2250 rat.»E.—Diog.
495 2206 608 2236 Laert.
620 2203 862 2248 III,[.‚'p.166,

189 2258 243 2291 ecl.
261 2258 403 2291 Amstel.
424 2261 496 2291 ἔνιοι
513 2256 551 2291 δὲ
566 2284 574 2301 ,
587 2255 645 2291 <M
661 2259 717 2293 τὴν
740 2260 863 2292 πλατύ-

190 2325 273 2347 τητα.
283 2315 338 2351 τῆς
353 2310 515 2356 ἑρμηνείας
529 2312 625 2349 οὕτως
637 2312 865 2355 ὀνομασθῆναι.

188 2365 328 2396 Timoni
352 2363 500 2396 Phliasio
530 2362 654 2396 dicitur
682 2362 861 2406 (Analect.

189 2417 338 2450 Brunck.
351 2418 393 2450 T.
408 2417 440 2449 II
454 2442 461 2456 ‚
477 2429 512 2461 p.
530 2428 573 2461 70
585 2427 593 2455 3
607 2416 728 2458 XIV‚)
743 2418 865 2450 πλατύ-

190 2484 285 2509 τατος
297 2496 306 2511 ,
325 2473 392 2504 ἀλλ’
410 2471 566 2516 ἀγορητὴς
580 2468 725 2507 ’ἡδυεπής
744 2483 772 2501 γ..
788 2483 817 2502 τ.
833 2474 863 2503 λ.

188 2523 247 2567 qui
262 2530 293 2554 et
309 2520 548 2570 Ᾰκαδημοιῖκῶν
576 2524 861 2566 πλκτυρημισύνην

189 2582 296 2607 notat.
314 2575 416 2617 (ffld.
435 2587 470 2620 p.
490 2587 529 2619 71
545 2599 554 2612 ‚
571 2574 680 2615 XVI.)
696 2574 729 2606 S.

236 2629 266 2658 6.
285 2630 337 2658 Ad
350 2629 605 2670 hoe-proceritffl.
622 2627 720 2659 Rom.
737 2628 783 2657 ad
794 2627 861 2657 Ιιαέ

184 2681 361 2719 praem-itm
371 2705 377 2715 ‚
394 2680 535 2724 optime.
549 2679 592 2711 H.
609 2698 653 2703 -—-
666 2678 718 2712 Sic
733 2685 765 2710 et
776 2679 859 2710 Cor-

189 2731 253 2763 tius
271 2756 281 2771 ‚
307 2743 410 2776 quem
431 2732 606 2766 Gesnerus
631 2739 663 2764 et
685 2731 858 2776 Gicrigius

465 1110 508 1143 et
543 1099 807 1161 persuadere
843 1100 945 1153 tihi,
981 1099 1110 1142 etiam
1143 1114 1280 1157 quum
1312 1096 1604 1158 persuaserit,

925 1201 1021 1247 sequi
1033 1200 1222 1240 debehant;
1233 1202 1293 1233 hoc
1303 1200 1470 1245 Excerpta
1483 1200 1606 1232 Brum-

924 1267 1010 1287 mer.
1024 1254 1167 1287 habent.
1178 1253 1337 1286 Ceterum
1347 1259 1512 1298 perpetua
1521 1264 1603 1285 con·

924 1307 1016 1340 fusio
1026 1319 1150 1339 vocum
1164 1308 1211 1337 ad
1220 1307 1296 1343 hoc,
1313 1307 1362 1336 ad
1371 1307 1456 1342 brec,
1473 1306 1520 1336 ad
1529 1306 1602 1336 huc.

925 1358 1113 1392 Vid.Cort.
1129 1358 1171 1391 ad
1184 1357 1323 1391 Sallust.
1337 1357 1438 1390 Catil.
1452 1357 1550 1397 XIV,
1565 1357 1599 1395 35

925 1413 1055 1453 XLIV,
1068 1414 1087 1445 ὃ
1100 1410 1162 1451 ;ad
1173 1410 1260 1443 Plin.
1271 1411 1332 1455 Ep.
1347 1410 1376 1449 Ι,
1393 1422 1448 1449 22,
1462 1414 1479 1449 4
1495 1421 1503 1449 ;
1517 1409 1603 1441 Dra-

923 1465 1030 1497 kenb.
1051 1462 1095 1497 ad
1108 1463 1185 1495 Liv.
1211 1462 1315 1501 XXI,
1339 1463 1380 1496 52
1397 1486 1405 1501 ‚
1433 1462 1534 1494 10.S.
1559 1481 1604 1485 ——

924 1520 1082 1550 Demissus
1107 1517 1252 1559 capillus.
1276 1515 1477 1548 Graecorum
1498 1518 1601 1547 ›conflet-

923 1573 1001 1617 μέν-η
1034 1573 1130 1617 κόμη.
1157 1568 1301 1601 Variata
1327 1567 1371 1601 ad
1402 1566 1600 1601 hellenismi

923 1623 1093 1656 rationem
1108 1628 1282 1654 structura
1296 1646 1305 1661 ,
1317 1621 1461 1654 Luciau.
1471 1619 1515 1652 T.
1530 1620 1583 1651 III
1594 1644 1603 1659 ,

924 1689 959 1722 p.
982 1681 1060 1719 (192,
1081 1674 1124 1708 de
1143 1674 1295 1707 Homero
1318 1686 1325 1706 :
1345 1677 1398 1708 τὸν
1417 1675 1603 1719 καθειμένον

925 1732 983 1769 τοὶς
996 1731 1110 1773 κόμας.
1121 1729 1155 1761 S.
1167 1748 1213 1752 —
1224 1731 1339 1771 Ingens
1351 1736 1381 1758 e!
1391 1739 1475 1757 cuna
1487 1728 1598 1757 barba.

927 1781 1132 1827 Apollonius
1152 1780 1266 1826 Tyan.
1283 1779 1379 1825 epist.
1407 1779 1425 1812 3
1442 1804 1450 1818 ‚
1465 1791 1497 1823 p.
1517 1778 1583 1811 386
1595 1808 1605 1823 ,

927 1834 981 1868 ed.
1004 1834 1121 1867 Olear.
1142 1833 1326 1878 Euphratae
1346 1832 1451 1865 fuisse
1470 1831 1518 1864 ait
1535 1831 1602 1864 πώ-

925 1902 1014 1935 γωνα
1031 1890 1138 1922 λευκὸν
1161 1889 1215 1921 >ozi
1235 1888 1336 1932 μέγαν
1350 1912 1360 1928 ‚
1388 1883 1604 1918 acerbissime

927 1940 1060 1974 addens
1082 1952 1089 1973 τ
1109 1943 1204 1974 πλέον
1224 1938 1263 1973 δὲ
1281 1937 1384 1973 οὐδέν.
1410 1938 1443 1970 S.

983 2006 1012 2033 7.
1035 1996 1155 2025 Nullus·
1174 1995 1289 2023 horror
1319 1994 1349 2022 in
1382 1992 1477 2021 cultu.
1504 1989 1603 2020 Rom.

926 2050 1042 2079 Nullas
1058 2049 1173 2078 lior-ror
1185 2047 1215 2077 ῐη
1230 2047 1320 2076 vultu
1333 2069 1342 2082 ,
1360 2042 1466 2088 probe
1484 2052 1491 2073 :
1509 2039 1603 2086 quod

926 2099 1009 2132 huic
1017 2098 1203 2144 opponitur
1212 2098 1373 2134 severitas,
1382 2106 1458 2140 quae
1469 2094 1504 2126 iu
1517 2096 1607 2125 vultu

930 2151 1048 2196 utique
1062 2158 1111 2183 est
1126 2150 1239 2195 potius
1254 2174 1262 2188 ‚
1277 2159 1383 2193 quam
1397 2148 1430 2179 in
1444 2149 1542 2178 cultu.
1558 2145 1603 2177 H.

927 2225 970 2229 -—
987 2202 1136 2236 Accedo.
1153 2202 1207 2237 Sic
1219 2209 1253 2234 et
1274 2201 1355 2234 alibi
1381 2199 1518 2234 codices
1540 2197 1604 2230 flu-

929 2264 1048 2290 ctuant
1063 2281 1071 2296 ‚
1098 2255 1190 2288 velut
1215 2256 1251 2287 iu
1280 2253 1463 2287 Claudian.
1483 2250 1525 2284 de
1553 2250 1603 2282 IV

929 2310 1035 2343 Cons.
1046 2308 1216 2341 Houors.
1232 2307 1272 2350 59
1283 2320 1293 2339 1
1304 2305 1397 2339 .Vid.
1410 2306 1601 2338 Burmann.

929 2361 973 2396 ad
991 2361 1132 2394 Anthol.
1150 2362 1227 2393 Lat.
1243 2361 1285 2393 T.
1304 2361 1338 2401 I,
1353 2351 1387 2405 13.
1404 2360 1483 2392 631.
1502 2357 1534 2389 S.

962 2435 1006 2439 ——
1017 2417 1083 2446 Nec
1094 2416 1234 2456 castigat
1244 2423 1396 2444 errantes.
1407 2411 1483 2444 Non
1496 2419 1609 2452 expro-

929 2469 1005 2500 brat
1035 2479 1188 2499 errorem
1220 2465 1333 2498 verbis
1362 2462 1489 2508 asperis
1510 2486 1518 2501 ,
1547 2458 1607 2492 sed

930 2520 1147 2554 orationibus
1178 2517 1323 2551 revincit
1339 2542 1346 2557 ‚
1381 2524 1413 2548 et
1445 2527 1505 2560 per
1538 2512 1606 2544 hoc

928 2574 1042 2619 ipsum
1073 2571 1235 2605 emendat
1266 2578 1299 2603 et
1328 2569 1455 2602 eximit.
1483 2566 1528 2599 G.
1561 2584 1605 2588 ψ

928 2628 1072 2657 Pendens
1097 2639 1108 2656 .·
1129 2637 1176 2657 sc.
1203 2624 1245 2656 ab
1264 2635 1323 2655 ore
1343 2619 1505 2664 (licentis,
1527 2623 1608 2649 nota

926 2677 1063 2711 dicendi
1080 2676 1229 2710 formula
1242 2700 1249 2711 ,
1266 2674 1308 2708 (le
1323 2674 1362 2706 iis
1378 2699 1385 2713 ‚
1398 2674 1457 2718 qui
1473 2669 1600 2716 cupide

925 2730 1018 2765 dicta
1035 2730 1174 2764 alterius
1192 2728 1362 2774 arripiunt,
1376 2752 1385 2768 7
1402 2739 1465 2760 nec
1479 2724 1603 2758 verbw
