1742 2989
170 1679 187 1698 2

205 180 295 228 306
621 179 671 221 C.
708 177 933 221 PLINII
969 176 1091 218 LIB.
1126 176 1180 219 V.

202 263 386 316 sentias,
410 260 571 305 scribas
598 259 721 303 mihi.
750 260 838 302 Ero
864 257 980 301 enim
1007 256 1074 301 vel
1104 255 1274 301 cautior
1299 256 1343 298 in
1370 256 1599 299 continen-

202 336 282 392 do,
299 334 370 378 vel
393 333 664 378 constantior
689 332 734 375 in
761 329 954 387 edendo,
979 331 1013 375 si
1035 330 1121 374 huc
1147 328 1212 373 vel
1238 327 1340 372 illuc
1366 329 1602 372 auctoritas

202 418 278 453 tua
302 407 542 452 accesserit.
563 404 685 451 Vale.

203 540 345 584 caussa)
371 535 609 584 praefationem
644 533 848 580 praemittere
862 557 871 572 ‚

203 604 308 637 quam
322 599 395 624 tum
409 590 630 636 praemittam,
643 599 752 633 quum
766 585 877 632 publi-

938 532 1035 565 cabo.
1059 532 1092 566 S.
1106 551 1151 557 -—
1164 531 1278 565 Etiam
1296 532 1394 564 Rom.
1416 541 1540 574 oportet
1556 532 1603 563 ica

939 597 1146 617 consuescere.
1162 584 1206 617 H.

204 716 1002 734 thmmmvwmwwmwffimmmm
1005 713 1484 726 wsmmwummwwm
1487 713 1605 724 mm

813 835 983 890 XIV.

205 991 343 1024 Caussa
372 994 410 1023 et
436 984 624 1035 judicium
660 981 816 1020 Tuscilii
850 993 964 1030 quem
997 979 1139 1015 exitum
1168 976 1367 1022 habuerit,
1399 984 1608 1026 pernarrat.

379 1049 583 1088 Continuat
602 1047 640 1084 id
661 1045 763 1096 quod
785 1058 920 1095 supra,
941 1057 999 1093 ep.
1023 1049 1065 1088 4,
1087 1041 1344 1078 inchoaverat.
1366 1043 1435 1077 En.

471 1183 509 1211 C.
548 1179 781 1210 PLINIUS
814 1175 1141 1205 VALERIANO
1176 1174 1278 1203 SUO
1315 1173 1349 1202 S.

270 1301 334 1343 ET
364 1307 412 1340 tu
443 1311 594 1356 rogas,
621 1302 663 1336 et
690 1307 771 1352 ego
798 1289 1007 1350 promisi,
1034 1289 1068 1331 si
1097 1303 1316 1347 rogasses,
1346 1286 1612 1347 scripturum

208 1388 277 1414 me
296 1370 398 1423 tibi,
419 1384 550 1429 quem
570 1365 795 1409 habuisset
817 1371 1020 1406 eventum
1042 1359 1278 1421 postulatio
1297 1359 1481 1420 Nepotis
1500 1358 1615 1402 circa

208 1442 448 1488 Tuscilium
470 1439 777 1484 Nominatum.
798 1435 1010 1479 Inductus
1027 1443 1091 1477 est
1108 1433 1395 1487 Nominatus;
1416 1431 1505 1493 egit
1524 1431 1615 1491 ipse

210 1533 291 1578 pro
316 1532 380 1570 se,
403 1512 526 1557 nullo
551 1519 797 1562 accusante.
822 1509 996 1551 Etenim
1019 1506 1148 1567 legati
1166 1506 1503 1550 Vicentinorum
1526 1521 1616 1548 non

211 1588 342 1632 modo
373 1603 462 1630 non
491 1592 743 1646 presserunt
773 1598 898 1635 eum,
923 1597 1073 1623 verum
1101 1580 1231 1622 etiam
1264 1577 1615 1622 sublevaverunt.

212 1664 392 1707 Summa
417 1657 677 1703 defensionis
691 1690 702 1709 ,
733 1657 835 1700 Non
839 1653 994 1712 fidem
1019 1651 1109 1697 sibi
1130 1655 1174 1695 in
1199 1651 1516 1705 advocatione,
1538 1649 1622 1693 secl

210 1737 508 1780 constantiam
522 1731 735 1790 defuisse,-
749 1726 1025 1771 descendisse
1038 1736 1088 1770 ut
1101 1735 1318 1778 acturum,
1335 1735 1474 1783 alque
1486 1727 1619 1767 eti'cmz

213 1814 259 1854 in
274 1811 403 1853 curia
421 1810 590 1859 ‘wislam
605 1800 764 1847 deinde
781 1799 1057 1845 sermonibus
1075 1803 1318 1843 amicotwn
1327 1800 1619 1860 perterritum

214 1885 441 1926 recessisse
450 1897 464 1933 ,-
483 1880 694 1922 monz'tmn
710 1876 829 1918 enim
839 1908 850 1928 ,
870 1889 925 1917 ne
936 1872 1155 1917 desiderio
1164 1875 1402 1925 memoris,
1423 1887 1515 1914 non
1514 1870 1618 1928 jam

267 2011 365 2042 XIV.
396 2021 426 2042 1.
459 2006 636 2038 Postulatio
668 2004 810 2044 Nepotis.
836 2005 886 2034 De

216 2076 285 2108 qua
305 2073 408 2106 supra
426 2060 474 2099 V,
493 2062 525 2098 4.
547 2057 591 2090 G.
605 2076 650 2081 —
664 2057 757 2087 Circa
778 2055 889 2085 Tusci·

217 2118 291 2147 lium
304 2116 524 2145 Nominatum.
535 2112 633 2142 Rom.
649 2111 767 2141 Contra
782 2108 886 2138 Tusci-

217 2170 293 2200 lium
321 2167 542 2197 Nominatum.
572 2160 704 2193 Deinde
718 2184 727 2199 ,
760 2161 885 2191 Etenim

218 2220 315 2262 legati
334 2217 570 2248 Visentium-mn.
596 2226 659 2245 non
689 2214 782 2243 modo
801 2224 886 2253 pres-

217 2281 335 2303 serunt.
351 2269 467 2301 Altera
480 2267 617 2311 negatio
630 2264 767 2298 excidit.
786 2263 829 2296 H.
842 2283 888 2288 —-

218 2323 310 2355 Alibi
326 2321 428 2355 etiam
450 2319 528 2352 libri
545 2332 607 2350 non
627 2320 721 2349 modo
740 2329 804 2362 pro
824 2329 887 2347 non

219 2378 313 2408 modo
328 2388 390 2407 non
404 2372 563 2406 exhibent
576 2395 585 2410 ‚
600 2377 762 2416 sequente
775 2381 889 2400 verum

221 2430 327 2461 etiam.
349 2428 389 2459 E.
412 2438 442 2458 c.
473 2424 545 2457 Cic.
567 2424 671 2455 Offic.
692 2423 728 2462 I,
762 2434 817 2460 21,
848 2426 888 2462 4,

221 2481 281 2512 ubi
292 2493 322 2512 v,
336 2478 500 2521 Heusing.
513 2474 595 2508 ibid.
612 2475 645 2506 II
657 2501 665 2515 ‚
683 2475 722 2508 13
736 2499 744 2514 ‚
758 2478 777 2514 4
790 2499 797 2514 ‚
810 2473 887 2506 coll.

222 2534 350 2565 Mul-et.
364 2533 449 2563 Var.
470 2530 566 2561 Lect.
582 2528 611 2559 X
626 2551 634 2566 ‚
656 2539 690 2571 7,
712 2528 787 2559 Cat.
805 2526 888 2572 maj.

222 2598 295 2630 cap.
311 2585 414 2623 XVI,
429 2581 507 2615 coll.
517 2585 610 2615 Cort.
624 2579 668 2611 ad
681 2579 770 2611 Plin.
780 2580 887 2618 VIII,

224 2650 258 2681 7,
278 2650 294 2670 2
308 2662 316 2676 ‚
333 2644 371 2669 ut
390 2635 458 2668 alia
476 2634 553 2667 loca
570 2631 738 2665 omittam.
760 2632 793 2665 S.

272 2703 302 2723 2.
315 2689 513 2720 Semonibus
546 2712 552 2718 .
570 2710 575 2716 .
592 2709 598 2716 .
609 2686 774 2716 recessisse.
790 2684 886 2716 Rom.

951 2002 1149 2032 Sermonibus
1162 2002 1337 2031 amicorum
1352 1999 1522 2029 recessisse.
1536 1997 1621 2029 Ver-

952 2053 1034 2085 bum
1041 2053 1244 2096 perterritum
1255 2051 1309 2083 vel
1316 2052 1498 2082 deterritum
1511 2049 1619 2082 abest.

952 2105 995 2138 H.
1013 2124 1058 2129 -“
1079 2107 1144 2136 Ne·
1160 2128 1167 2135 ι
1183 2111 1403 2146 οΓθΡῘΙὲἸΖαῘἘῙ.
1420 2125 1428 2133 0
1443 2114 1617 2144 .J)a5SIlYIIS.

951 2158 985 2192 Si
1012 2157 1083 2188 haec
1114 2156 1216 2188 verba
1230 2179 1239 2194 ,
1264 2162 1302 2186 ut
1329 2161 1407 2186 sunt
1427 2155 1498 2199 jain
1518 2153 1622 2186 inter-

951 2209 1135 2256 punctione
1145 2219 1299 2241 connexa
1312 2232 1320 2246 ,
1336 2206 1436 2239 etiam
1454 2204 1620 2238 sententia

953 2271 985 2296 et
1013 2260 1268 2294 constructione
1295 2261 1485 2305 jungantur
1495 2283 1504 2297 ‚
1534 2256 1621 2290 nihil

952 2314 1114 2360 impedit,
1128 2326 1197 2358 quo
1213 2313 1326 2345 minus
1341 2310 1548 2344 retineamus
1562 2321 1621 2342 no-

954 2367 1157 2400 minativum
1164 2378 1317 2408 passurus
1327 2362 1371 2396 ad
1383 2364 1523 2396 verbum
1535 2374 1623 2404 repn-

950 2430 1065 2463 gnare!
1076 2417 1323 2463 respicientem.
1334 2415 1398 2450 Sed
1408 2427 1470 2448 nec
1481 2414 1623 2447 damna-

955 2485 1030 2505 mus
1049 2472 1192 2505 alteram
1215 2470 1384 2503 rationem
1406 2468 1442 2499 in
1464 2466 1621 2499 Mediceo

954 2525 1042 2557 libro
1056 2524 1230 2557 inventam
1240 2546 1249 2562 ‚
1265 2535 1298 2553 re
1312 2528 1506 2564 repugnaret
1519 2531 1526 2551 :
1542 2520 1622 2549 alio-

955 2580 1030 2620 quin
1041 2600 1162 2608 ......
1167 2587 1346 2619 passurum.
1357 2572 1400 2605 G.
1414 2592 1457 2596 -
1472 2572 1620 2614 ss'onjam

956 2631 1064 2672 qnasi,
1086 2636 1150 2663 etc.
1165 2629 1261 2660 llum.
1277 2628 1349 2656 Non
1370 2626 1463 2666 qnasi
1481 2626 1520 2654 de
1538 2635 1620 2654 nun-

954 2684 1054 2721 dinis,
1066 2683 1124 2714 sed
1131 2682 1224 2724 quasi
1234 2678 1509 2722 deglorizssfiaema.
1522 2675 1622 2708 Deest
