1742 2989
529 190 873 233 EPISTOLA
912 189 1107 233 XXXI.

1425 189 1516 244 [143

121 273 292 317 laudem
327 271 610 316 humanitatis
642 271 840 332 infregit3
877 271 1114 331 eademque
1150 271 1354 315 firmitate
1383 274 1516 316 animi

121 346 342 390 laboribus
365 344 552 397 suffecit,
578 360 662 404 qua
679 361 797 388 nunc
820 344 958 387 otium
980 345 1158 405 patitur.
1186 344 1317 401 Quod
1340 344 1515 404 quidem
1541 356 1562 392 4

121 420 357 481 paullisper
390 436 489 462 cum
521 435 677 479 magna
707 434 783 462 sua
814 418 940 461 laude
970 419 1202 461 intermisit
1232 428 1274 462 ct
1301 419 1468 478 posuit,
1492 435 1518 462 a

122 493 311 537 Corellio
338 502 486 535 nostro
511 508 562 534 ex
582 490 840 535 liberalitate
858 492 1131 552 imperatoris
1148 492 1303 534 Nervae
1325 490 1519 535 emendis

122 566 449 626 dividendisque
467 565 581 625 agris
596 565 770 625 adjutor
791 566 1060 626 adsumptus.
1080 566 1251 608 Etenim
1276 581 1361 625 qua
1382 564 1520 626 gloria

121 638 302 699 dignum
329 648 413 693 est,
438 655 607 681 summo
634 639 727 681 viro
754 640 796 681 in
824 648 944 682 tanta
963 638 1151 699 eligendi
1177 638 1382 682 facultate
1407 655 1516 698 prae-

121 713 247 772 cipue
282 710 520 771 placuisse?
555 711 675 754 Idem
711 728 842 772 quam
869 720 1140 763 reverenter,
1171 727 1302 770 quam
1335 710 1519 754 fideliter
1544 720 1563 754 5

120 785 281 828 amicos
304 785 439 837 colat,
461 784 701 828 multorum
725 785 939 845 supremis
957 784 1151 843 judiciis,
1174 785 1217 827 in
1238 785 1304 827 his
1324 785 1519 828 Musonii

120 859 262 910 Bassi7
292 857 535 917 gravissimi
568 859 696 913 civis⁷
732 857 906 901 credere
935 867 1076 918 potes,
1110 858 1233 917 cnjus
1262 859 1519 901 memoriam

119 940 208 973 tam
228 940 349 990 grata
366 930 672 990 praedicatione
696 940 905 991 prorogat
925 941 967 974 et
988 930 1202 985 extendit,
1221 940 1268 973 ut
1286 929 1447 973 librum
1467 930 1520 973 de

118 1003 209 1046 vita
241 1004 334 1063 ejus
367 1003 487 1064 (nam
526 1004 669 1047 studia
706 1020 905 1065 quoque,
940 1004 1049 1047 sicut
1083 1002 1186 1047 alias
1218 1012 1331 1046 artes
1362 1003 1520 1057 bonas,

118 1076 372 1136 veneratur]
400 1077 594 1120 ediderit.
623 1077 861 1121 Pulchrum
884 1077 1012 1129 istud,
1037 1086 1078 1119 et
1099 1077 1276 1119 raritate
1297 1077 1389 1136 ipsa
1415 1091 1520 1135 pro-

119 1148 335 1202 bandum,
361 1167 496 1210 quum
526 1149 723 1211 plerique
747 1151 958 1194 hactenus
979 1150 1285 1194 defunctorum
1308 1149 1521 1192 memine-

118 1223 226 1276 rint,
255 1233 304 1266 ut
329 1233 584 1283 querantur.
608 1226 739 1268 Hunc
758 1224 1004 1278 hominem,
1030 1223 1438 1284 appetentissimum
1459 1222 1521 1265 tui

121 1295 247 1357 (milii
273 1296 419 1354 crede]
449 1296 759 1356 complectere,
795 1295 1094 1358 apprehende,
1131 1297 1264 1339 immo
1296 1305 1339 1338 et
1366 1294 1522 1349 invita,

119 1385 169 1412 ac
198 1370 258 1413 sic
284 1387 405 1424 ama,
432 1380 642 1430 tanquam
673 1372 856 1431 gratiam
888 1370 1057 1414 referas.
1087 1371 1241 1430 Neque
1268 1369 1383 1412 enim
1411 1367 1522 1411 obli-

120 1443 308 1501 gandus,
330 1444 403 1486 sed
427 1445 771 1489 remunerandus
792 1454 856 1488 est
875 1445 918 1487 in
939 1445 1098 1487 amoris
1118 1443 1287 1499 officio⁷
1307 1443 1382 1502 qui
1402 1442 1523 1502 prior

119 1516 265 1575 coepit.
297 1515 422 1560 Vale.

118 1657 215 1679 natus
235 1647 444 1692 cogitaverit.
466 1649 545 1693 Ipse
562 1649 698 1682 Tullius
714 1651 790 1682 insi-

121 1709 169 1731 tus
191 1712 260 1732 non
278 1712 358 1732 raro
378 1700 425 1732 sic
450 1709 592 1745 usurpat
607 1725 615 1739 ‚
642 1710 679 1733 ut
697 1701 790 1734 idem

119 1750 213 1796 quod
234 1754 362 1784 innatus
381 1753 563 1797 significet.
584 1753 618 1786 S.

167 1809 200 1845 4.
231 1809 285 1836 Ex
316 1808 507 1837 liberalitate
536 1809 656 1838 Nervoe.
684 1807 790 1852 Cujus

120 1857 300 1902 vestigium
320 1866 368 1890 est
387 1858 422 1889 in
436 1858 606 1903 Xiphilini
623 1860 791 1904 excerptis

120 1921 161 1942 ex
187 1911 290 1943 Dion.
317 1911 376 1943 lib.
400 1911 552 1943 LXVIII
575 1923 582 1944 τ
610 1915 681 1951 Τοῖς
705 1914 789 1947 πάνυ

119 1965 233 1999 πένησι
257 1970 320 1998 τῶν
346 1955 500 2010 ῥωμαίων
529 1967 559 2004 ἐς
578 1963 711 2009 [Osirim
736 1967 789 1999 καὶ

120 2018 337 2056 πεντακεσίας
351 2015 509 2063 μυριάδας
521 2023 577 2063 γῆς
592 2021 701 2054 mio-w
718 2020 790 2062 ἐχα-

121 2070 233 2114 ρίσατο
244 2096 253 2110 ,
269 2072 450 2112 βουλευταῖς
470 2085 533 2104 τισι
549 2072 605 2107 τήν
623 2085 658 2104 τε
674 2072 791 2116 ἀγορα-

121 2123 192 2155 σίαν
210 2125 313 2156 αὐτῶν
332 2125 384 2157 καὶ
404 2125 458 2159 τὴν
475 2121 630 2168 διανομὴν
648 2125 791 2169 πρεστά-

122 2174 189 2214 ξας.
210 2175 252 2209 G.

169 2228 199 2257 6.
218 2229 359 2258 Musunii
385 2230 482 2259 Bassi.
507 2228 628 2260 Nescio
643 2252 651 2267 ‚
672 2239 714 2259 an
733 2227 790 2260 hic

122 2277 164 2310 sit
189 2277 415 2323 philosophus
444 2280 580 2313 nobilis.
611 2281 789 2325 Inquirere

121 2331 249 2362 volenti
268 2331 443 2363 materiem
465 2333 610 2365 sufficiet
631 2333 789 2365 Olearius

123 2382 166 2414 ad
185 2383 377 2416 Philostrat.
396 2384 456 2416 vit.
479 2384 639 2430 Apollon.
658 2385 722 2423 IV,
745 2385 762 2417 3
779 2412 787 2425 ‚

122 2447 155 2480 p.
174 2437 248 2479 176.
264 2435 306 2468 G.
325 2435 377 2468 Al.
397 2457 443 2460 -—
462 2439 560 2468 Annii
570 2439 675 2474 Bassi,
695 2436 789 2482 qnod

119 2486 291 2533 Gierigius
311 2488 450 2534 recepit.
476 2488 543 2521 Sed
563 2489 789 2521 celebratissi-

855 1662 950 1682 mum
966 1650 1063 1682 illum
1078 1648 1321 1694 philosophum
1334 1648 1525 1693 intelligen-

855 1701 939 1735 dum
958 1715 1027 1735 esse
1042 1728 1050 1742 ‚
1074 1702 1151 1734 satis
1166 1701 1342 1747 probabile
1359 1701 1438 1734 facit
1454 1700 1524 1733 ‹lis-

854 1755 986 1800 putatio
1010 1754 1280 1801 praestantissimi
1306 1753 1524 1786 Nieuwlandi

856 1820 931 1853 cap.
951 1809 985 1840 Π
1000 1836 1007 1850 ,
1024 1815 1107 1841 sect.
1128 1819 1142 1840 1
1156 1833 1164 1847 ‚
1184 1807 1257 1840 init.
1280 1806 1340 1839 uhi
1356 1806 1411 1839 hic
1426 1806 1525 1838 Plinii

855 1860 952 1894 locus
970 1873 1085 1893 severa
1101 1860 1235 1893 critices
1252 1859 1348 1892 lance
1362 1857 1526 1903 expendi-

855 1921 922 1946 tur.
942 1913 977 1946 S.
993 1934 1036 1938 —
1053 1917 1240 1944 Veneramr.
1256 1910 1424 1945 Claudius
1443 1909 1525 1942 Pol-

855 1966 913 1998 lio.
934 1965 1036 2007 Quod
1063 1966 1138 2010 quis
1165 1977 1234 1997 non
1258 1963 1374 1996 videt?
1400 1962 1527 1996 Retulit

855 2027 971 2051 tamen
991 2019 1042 2051 vix
1061 2017 1218 2051 credibili
1238 2017 1337 2063 lapsu
1353 2015 1525 2061 Gierigius

856 2070 899 2103 ad
914 2071 1111 2104 Musonium
1127 2096 1135 2110 ,
1156 2081 1301 2115 arguens
1324 2069 1405 2102 hinc
1417 2094 1425 2108 ,
1446 2068 1525 2113 phi-

854 2123 1039 2169 losophum
1066 2132 1136 2156 tam
1159 2122 1240 2155 clari
1264 2121 1414 2154 nominis
1429 2147 1438 2162 ‚
1465 2120 1524 2165 qui

857 2175 1031 2209 literarum
1051 2176 1163 2209 studia
1184 2187 1252 2208 non
1272 2183 1443 2206 veneratus
1464 2174 1521 2209 sic,

856 2228 916 2261 scd
936 2241 1014 2261 cum
1034 2229 1183 2260 maxima
1198 2225 1300 2259 laude
1316 2224 1523 2265 excoluerit,

855 2279 921 2313 hoc
938 2280 1014 2314 loco
1034 2293 1102 2313 non
1118 2292 1217 2326 posse
1236 2276 1391 2322 intelligi.
1412 2276 1445 2309 S.

902 2334 935 2364 6.
960 2335 1179 2369 lllerninerinc,
1209 2341 1241 2362 11!
1265 2339 1449 2373 querantur.
1476 2328 1525 2359 Ue

855 2385 1022 2430 supremis
1035 2383 1309 2428 eorumjudiciis.
1325 2382 1420 2427 Παρὰ
1433 2394 1527 2426 προσ-

855 2436 965 2471 δοκίαν
1007 2438 1071 2471 hoc
1090 2464 1097 2478 ‚
1140 2437 1286 2481 satisque
1324 2436 1429 2467 facete
1472 2433 1523 2465 di-

855 2497 959 2521 ctum.
982 2489 1013 2521 S,

500 2604 978 2620 “rer—W
