1742 2989
203 199 258 250 ,42
634 198 680 238 c..
720 196 941 239 PLINH
975 197 1098 240 Lis.
1136 199 1169 239 I.

202 278 322 333 bitae,
347 276 468 320 bulbi
486 313 497 333 7
521 275 603 320 alia
629 275 745 320 mille
769 293 858 320 non
888 277 1033 321 minus
1059 276 1188 321 lauta.
1216 277 1419 321 Audisses
1445 294 1601 321 comoe·

201 350 331 407 dum,
357 350 424 394 vel
456 350 686 404 lectorem,
714 349 779 394 vel
808 350 985 411 lyristen
1003 384 1014 404 ‚
1043 349 1140 404 vel,
1169 366 1264 410 quae
1289 367 1386 393 mea
1411 349 1602 393 liberali-

158 432 176 464 3
202 434 291 476 tas,
325 441 489 468 omnes.
537 425 591 467 At
630 434 678 467 tu
713 423 831 484 apud
868 424 1014 467 nescio
1051 439 1208 483 quem,
1235 433 1399 478 ostrea,
1431 422 1603 477 vulvas,

202 499 408 551 echinos,
444 497 717 549 Gaditanas,
751 496 956 541 maluisti.
994 496 1132 540 Dabis
1172 512 1348 556 poenas,
1380 513 1468 539 non
1507 495 1604 538 dico

201 588 337 631 quas:
362 571 470 614 dure
499 570 636 614 fecisti
666 587 674 613 :

705 569 924 623 invidisti,
946 571 1091 613 nescio
1118 586 1173 612 an
1200 570 1305 623 tibi,
1336 579 1452 613 certe
1475 569 1605 618 mihi3

201 644 275 687 sed
301 654 447 687 tamen
478 653 521 687 et
547 644 639 686 tibi.
666 644 894 699 Quantum
924 659 1002 685 nos
1034 641 1305 691 lusissemus,
1335 643 1604 692 risissemus.

157 730 174 757 ί
202 717 515 760 studuissemus
554 713 561 759 !
601 717 729 759 Potes
765 716 1018 776 apparatius
1056 731 1226 776 coenare
1261 714 1378 775 apud
1416 713 1604 758 multos:

202 807 417 851 nusquam
448 790 657 845 hilarius,
687 789 927 849 simplicius
944 825 955 843 .,
982 788 1210 831 incautius.
1234 790 1285 830 In
1312 804 1505 841 summa,
1531 804 1606 830 ex-

200 866 344 924 perire
371 882 379 908 :

200 954 369 999 semper
393 955 560 982 excusa.
581 937 702 982 Vale.

202 1068 394 1098 Comoedum.
429 1066 524 1099 Cort.
555 1068 731 1103 comoedos,
769 1064 870 1097 nimis

200 1117 382 1163 magnifice
396 1131 461 1164 pro
477 1118 575 1150 Plinii
593 1118 708 1150 studio
726 1130 871 1163 appara-

201 1176 273 1201 tum
290 1170 389 1202 illum
406 1183 508 1203 coenae
524 1170 697 1203 elevandi.
716 1172 749 1203 S.
767 1191 809 1194 —-
824 1171 871 1202 Ut

200 1221 383 1255 stultorum
399 1223 527 1256 mensis
539 1249 547 1263 ‚
563 1222 758 1256 oblectandi
775 1236 872 1256 caus-

200 1287 236 1307 sa
251 1299 259 1314 ‚
275 1288 399 1308 scurrae
414 1301 422 1315 ‚
438 1275 560 1309 cinaedi
575 1301 582 1315 ‚
598 1276 772 1308 moriones
784 1277 871 1308 iner-

200 1328 323 1360 rabant
346 1354 354 1367 ‚
390 1330 438 1362 ita
472 1329 628 1362 saniores
660 1328 872 1361 adhibebant

200 1392 257 1412 eos
271 1380 428 1414 homines
440 1406 449 1422 ‚
461 1381 520 1426 qui
531 1381 586 1414 hic
601 1394 872 1414 commemoran-

201 1440 268 1465 tur.
283 1433 348 1465 En.

250 1489 280 1518 3.
308 1489 434 1518 Valvas.
463 1486 627 1519 Porcinas
641 1511 650 1526 ,
683 1487 871 1531 prresertim

200 1538 373 1583 ejecticias
387 1564 396 1579 ‚
414 1538 495 1571 item
511 1539 660 1584 virgines
681 1550 687 1571 :
707 1552 761 1572 res
776 1547 869 1572 nota.

206 1590 282 1623 Vid.
299 1592 400 1637 Apio.
413 1592 482 1623 VII
494 1616 502 1631 ‚
526 1604 539 1622 1
559 1615 567 1630 ‚
587 1599 620 1624 et
643 1591 690 1624 ibi
706 1592 870 1625 Humelb.

203 1655 243 1676 ac
269 1644 432 1676 Listerus.
460 1642 562 1689 Apud
592 1644 741 1677 eundem
767 1645 871 1678 etiam

201 1695 244 1728 de
266 1698 382 1728 echinis
404 1697 506 1743 plura
532 1704 633 1736 sunt,
654 1698 796 1730 marinis
816 1698 867 1730 in-

201 1749 334 1794 tellige3
347 1749 382 1781 hi
397 1750 488 1782 enim
506 1749 540 1781 in
554 1749 712 1782 ciborum
726 1749 870 1783 deliciis.

201 1801 291 1835 Add.
301 1801 391 1834 Lud.
404 1802 562 1835 Nonuius
575 1802 618 1835 de
631 1816 668 1835 re
681 1802 790 1836 cibar.
804 1804 871 1843 III,

203 1857 259 1898 37.
280 1854 324 1887 G.
343 1876 388 1879 ——-
409 1857 608 1888 Gaditanas.
626 1855 761 1888 Puellas
777 1855 874 1888 salta-

201 1908 300 1940 trices
314 1920 393 1940 cum
407 1916 526 1947 cantu,
542 1908 668 1953 passim
682 1908 873 1941 celebratas

201 1974 246 1994 an
263 1968 441 1994 accusatas
457 1961 618 2006 antiquis.
630 1962 798 2006 Pleraque
815 1960 875 1994 ha-

201 2013 258 2046 bet
276 2013 487 2046 Ramiresius
507 2014 551 2047 ad
570 2014 720 2047 Martial.
742 2015 757 2046 1
775 2039 784 2054 ‚
802 2018 845 2054 42
864 2039 873 2053 ,

201 2078 234 2110 p.
260 2066 303 2099 65
319 2091 327 2106 ,
349 2079 398 2111 sq.
420 2067 593 2099 Nimirum
615 2069 801 2099 Gaditanas
823 2067 871 2099 le-

201 2118 355 2161 gendum
373 2127 423 2151 est
440 2144 448 2158 ‚
468 2127 505 2151 ut
521 2131 675 2164 persona:
695 2131 874 2164 opponan-

201 2179 258 2203 tur
282 2171 437 2216 personis
455 2197 463 2211 ,
484 2174 626 2204 comoedo
641 2197 649 2209 ,
672 2174 784 2203 lectori
797 2196 805 2206 .
830 2174 874 2211 ζγ-

202 2226 287 2256 ristae
306 2236 314 2257 :
335 2232 366 2257 et
387 2223 639 2258 delicatissimae
659 2224 874 2270 voluptariae-

410 875 451 908 et
482 865 564 908 nisi
603 874 752 924 postea
786 873 827 906 te
842 863 954 907 -aliis
986 863 1131 922 potius
1167 862 1437 905 excusaveris
1457 897 1468 918 7
1498 861 1604 904 mihi

936 1076 1003 1108 que
1036 1075 1189 1108 personae
1220 1062 1327 1108 paulo
1362 1061 1606 1095 severioribus.

939 1119 1108 1147 Gaditana
1128 1116 1206 1155 alii,
1228 1115 1287 1147 uhi
1309 1114 1443 1147 cantica
1462 1113 1609 1159 intelligi

937 1176 1106 1213 poterant.
1131 1168 1174 1201 G.
1203 1188 1249 1192 -κ
1267 1169 1365 1200 Rom.
1394 1177 1517 1205 ostrea,
1543 1170 1611 1198 vul<

938 1225 1040 1259 vultis,
1056 1223 1200 1259 echinos,
1216 1223 1386 1252 Gaditana
1397 1221 1550 1251 maluisti.
1565 1218 1608 1250 H.

938 1295 982 1299 —-
992 1276 1070 1307 Non
1081 1274 1202 1307 dubito
1215 1286 1295 1306 vere
1309 1272 1495 1318 conjecisse
1506 1270 1611 1303 Hein-

939 1327 1027 1359 sium
1048 1329 1263 1359 Gaditanam.
1275 1325 1449 1358 Gaditana
1462 1324 1587 1356 melius
1602 1348 1610 1362 ‚

938 1393 1045 1426 quam
1061 1378 1243 1412 Gaditanas
1255 1404 1263 1419 ,
1280 1378 1466 1423 opponitur
1486 1388 1610 1409 comoe-

938 1432 984 1465 do
998 1458 1006 1473 ‚
1028 1432 1166 1472 lectori,
1185 1432 1333 1478 lyristae3
1355 1430 1529 1475 simulque
1549 1441 1612 1473 ap-

938 1493 1034 1530 paret
1048 1511 1056 1525 ,
1087 1483 1179 1517 unde
1206 1484 1376 1529 originem
1403 1482 1543 1516 traxerit
1572 1481 1612 1513 li-

937 1540 1080 1571 brorum
1090 1537 1205 1577 lectio,
1223 1538 1395 1569 Gaditana
1407 1536 1562 1567 maluisti.
1577 1535 1610 1567 S.

986 1600 1018 1629 4.
1036 1592 1236 1634 Simplicius,
1249 1591 1421 1621 incautius.
1436 1589 1612 1630 Simplicius

938 1642 1088 1677 excludit
1100 1642 1359 1676 affectationem
1374 1652 1514 1673 omnem
1524 1664 1534 1680 ,
1547 1637 1613 1671 dis-

939 1695 1194 1729 simulationem
1207 1720 1215 1735 ,
1226 1693 1398 1739 pudorem
1410 1704 1418 1733 ;
1430 1694 1590 1724 incautius
1598 1717 1607 1729 ,

939 1749 1207 1787 dubitationem,
1217 1747 1483 1791 cautionemque
1494 1745 1613 1777 abesse

935 1803 1035 1848 jubet
1047 1826 1055 1841 ‚
1071 1809 1110 1834 ut
1120 1800 1228 1833 libere
1242 1800 1409 1845 nulloque
1424 1811 1504 1832 cum
1519 1804 1613 1829 metu

939 1855 1053 1888 dicere
1075 1855 1261 1898 facereque
1282 1853 1391 1898 possis
1406 1876 1414 1891 ‚
1442 1849 1613 1896 quidquid

938 1909 973 1941 in
985 1915 1137 1941 mentem
1147 1906 1290 1940 venerit.
1303 1905 1347 1938 G.
1361 1926 1407 1930 —
1419 1905 1613 1946 Nisiposcea

940 1972 970 1994 te
988 1963 1074 1993 aliis.
1096 1961 1176 1993 Post
1203 1971 1312 1992 unum
1340 1956 1611 2003 experimentum

940 2026 1118 2047 coenarum
1149 2019 1349 2045 nostrarum
1363 2036 1371 2050 ‚
1404 2016 1524 2054 sponte
1555 2015 1614 2039 tua

940 2075 1076 2099 nostras
1106 2065 1253 2098 aliorum
1282 2063 1396 2109 epulis
1426 2061 1585 2107 praeferes
1604 2070 1611 2098 ;.·

941 2131 1054 2164 neque
1078 2130 1236 2152 caussam
1263 2116 1375 2150 dicam
1391 2141 1399 2156 ,
1419 2114 1505 2160 quin
1528 2111 1613 2145 milii

941 2179 973 2203 tc
989 2183 1142 2210 excuses,
1155 2169 1219 2202 nisi
1232 2170 1303 2215 ipse
1316 2168 1466 2215 potiores
1478 2173 1612 2199 nostras

939 2223 1163 2269 judicaveris.
1180 2223 1223 2255 G.
