1742 2989
530 201 874 244 EPISTOLA
913 205 1068 248 XXX.
1412 208 1502 271 379

115 347 472 360 msmmmsmm
476 347 896 360 mmmmmmnm
900 350 1260 362 tmmusmvtaewum
1264 353 1321 363 m
1325 353 1440 365 mnus
1444 355 1503 365 ws-

684 491 905 546 XXX.

102 649 297 686 Prosoceri
315 648 412 687 villae
435 649 572 686 durum
595 658 632 686 et
651 649 883 687 laboriosum
901 650 1094 688 hominem
1117 653 1399 702 praeficiendum
1419 666 1497 690 esse

724 714 868 750 suadet.

395 861 433 890 c.
473 861 707 890 PLINIUS
742 862 956 890 FABATO
984 845 1001 864 ⁴⁶
1031 864 1132 892 suo
1166 864 1199 892 s.

162 989 410 1042 DEBEMUS,
429 1004 498 1030 me
519 987 729 1043 Hercule,
751 987 915 1053 ”milles
939 998 1034 1033 tuos
1054 992 1235 1050 perinde
1257 1008 1306 1036 ac
1328 1003 1497 1036 nostros

100 1060 343 1115 celebrare,
358 1077 494 1121 quum
516 1060 662 1104 laetitia
685 1072 936 1105 nostrorum
963 1079 1013 1106 ex
1039 1065 1123 1107 tuis
1144 1065 1350 1124 pendeat,
1375 1067 1499 1126 cujus

99 1129 325 1191 diligentia
358 1141 400 1174 et
433 1148 537 1175 cura
570 1132 640 1176 hic
677 1133 860 1186 hilares,
892 1135 987 1178 istic
1023 1138 1162 1180 securi
1196 1154 1357 1181 sumus.
1382 1137 1498 1183 Villa

97 1202 380 1258 Camilliana,
400 1220 531 1263 quam
560 1204 604 1247 in
631 1206 872 1266 Campania
897 1208 1084 1267 possides
1100 1244 1111 1265 ,
1132 1220 1195 1253 est
1221 1211 1397 1270 quidem
1423 1228 1495 1254 ve-

99 1283 260 1318 tustate
280 1285 463 1331 vexata,
485 1293 533 1320 ea
555 1286 719 1331 tamen,
740 1295 834 1338 quae
859 1290 958 1323 sunt
985 1281 1264 1340 pretiosiora,
1286 1294 1360 1326 aut
1387 1284 1495 1327 inte-

99 1363 176 1407 gra
210 1358 413 1404 manent,
442 1358 517 1393 aut
549 1349 764 1394 levissime
794 1351 890 1395 laesa
924 1363 1035 1396 sunt.
1079 1355 1356 1398 Attendimus
1392 1372 1496 1416 ergo

99 1430 147 1463 ut
173 1437 304 1481 quam
330 1421 613 1465 saluberrime
638 1423 905 1468 reficiantur.
925 1427 1018 1487 Ego
1035 1427 1186 1470 videor
1208 1428 1368 1471 habere
1393 1429 1499 1471 mul-

98 1502 165 1536 tos
191 1495 378 1549 amicos,
403 1494 476 1538 sed
507 1495 636 1554 hujus
667 1499 837 1556 generis
853 1534 863 1551 ,
891 1500 1014 1559 cujus
1040 1510 1079 1543 et
1106 1511 1153 1543 tu
1178 1503 1335 1561 quaeris
1364 1511 1406 1544 et
1432 1519 1498 1545 res

99 1566 258 1627 exigit,
290 1583 427 1627 prope
460 1568 696 1612 neminem.
730 1572 843 1614 Sunt
869 1572 986 1615 enim
1012 1589 1159 1617 omnes
1185 1576 1320 1635 togati
1352 1584 1393 1617 et
1423 1592 1496 1617 ur-

98 1639 199 1682 bani
228 1657 238 1682 ;
261 1640 525 1683 rusticorum
556 1652 701 1685 autem
724 1643 987 1703 praediorum
1017 1647 1335 1690 administratio
1359 1648 1498 1707 poscit

98 1711 256 1755 durum
286 1712 475 1773 aliquem
513 1723 555 1757 et
593 1725 830 1774 agrestem,
856 1719 926 1761 cui
960 1735 1036 1762 nec
1070 1719 1193 1763 labor
1227 1720 1297 1763 ille
1327 1721 1496 1780 gravis,

143 1855 253 1888 XXX.
265 1855 279 1871 *
299 1856 349 1888 De
377 1858 501 1887 Fabato
528 1855 599 1888 vid.
625 1855 669 1888 ad
697 1857 762 1897 IV,

99 1920 153 1954 ep.
175 1921 203 1941 1.
226 1908 293 1940 Eo.

146 1973 176 1993 1.
187 1963 321 1992 Natales
334 1970 412 1992 tuos.
424 1962 498 1991 Dies
509 1959 764 1994 subaudiendos

97 2025 169 2045 esse
179 2038 187 2053 ‚
200 2021 271 2045 tam
282 2012 502 2045 manifestum
514 2020 563 2046 est
573 2038 581 2052 ‚
594 2020 629 2045 ut
642 2013 745 2047 mirer
755 2039 763 2053 ‚

98 2065 254 2098 Cortium
280 2065 324 2099 de
349 2066 425 2098 loco
449 2065 556 2097 natali
579 2065 766 2111 intelligere

99 2118 262 2162 potuisse.
283 2119 317 2152 S.

147 2184 177 2203 2.
193 2175 331 2204 Vexata..
351 2172 414 2203 Per
428 2170 614 2216 quemdam
635 2173 766 2217 εὐφημι-

98 2225 175 2270 σμὸν
188 2221 343 2267 jucunda
358 2229 390 2253 et
404 2228 549 2254 venusta
564 2222 769 2267 metaphora

96 2284 255 2306 vexatam
279 2273 360 2306 dicit
379 2273 497 2307 villam
523 2274 639 2307 multis
663 2274 763 2319 parti-

96 2328 160 2360 bus
174 2326 357 2365 caducam,
370 2333 402 2358 et
418 2326 591 2359 labantem
606 2326 764 2360 aedilicio-

95 2392 173 2412 rum
186 2379 323 2411 ruinam
343 2379 571 2411 minitantium
586 2387 762 2412 vetustate.

96 2432 192 2465 Ratio
205 2430 343 2464 dicendi
353 2443 433 2463 vere
446 2431 616 2471 Pliniana,
627 2431 693 2464 hoc
701 2440 763 2472 est,

97 2493 241 2517 venusto
268 2484 407 2529 ingenio
432 2491 510 2528 apta
529 2491 561 2516 et
581 2482 698 2528 digna.
722 2485 762 2516 E.

96 2558 140 2561 —
149 2537 326 2571 Caducam
337 2544 369 2569 et
381 2537 552 2569 labantem
564 2536 681 2569 villam
689 2535 765 2568 aedi-

96 2589 243 2636 liciaque
253 2590 393 2623 ruinosa
403 2588 581 2623 Secundus
592 2601 660 2620 non
672 2587 764 2621 (licit.

99 2644 183 2674 Villa
195 2653 355 2676 vetustate
369 2652 493 2674 varam
506 2642 542 2674 h.
558 2641 580 2674 l.
596 2641 682 2673 nihil
696 2654 765 2673 am-

99 2694 186 2738 plius
203 2707 307 2741 quam
326 2695 380 2728 cui
407 2695 487 2728 anni
510 2693 639 2740 aliquid
660 2693 762 2727 detri-

829 1859 935 1891 menti
958 1860 1157 1893 attulerunt.
1177 1861 1209 1895 S.
1226 1882 1271 1886 —
1290 1866 1341 1894 Ea
1369 1873 1494 1903 tamen,

828 1918 893 1943 etc.
908 1913 1005 1944 Rom.
1022 1916 1064 1944 Ee
1075 1922 1180 1944 tamen
1194 1928 1266 1956 qme
1285 1925 1360 1947 sune
1371 1919 1497 1958 pretio-

829 1966 926 1996 siora.
947 1964 990 1997 H.

877 2018 909 2049 3.
932 2019 1133 2049 Attendimus
1153 2032 1240 2062 ergo.
1260 2020 1355 2052 Rom.
1380 2024 1496 2052 Atten-

833 2071 940 2100 demus
958 2082 1043 2112 ergo.
1065 2070 1107 2102 H.
1121 2091 1165 2095 --
1180 2072 1326 2104 Praefero
1342 2072 1432 2105 hanc
1454 2073 1499 2105 le-

832 2123 979 2155 ctionem
993 2147 1002 2162 ,
1027 2135 1101 2167 quae
1124 2123 1204 2156 item
1227 2124 1371 2157 aliorum
1395 2124 1498 2158 libro-

832 2187 911 2207 rum
924 2183 985 2208 est.
1006 2175 1154 2209 Refectio
1170 2176 1257 2209 villae
1275 2177 1393 2210 futura
1407 2186 1496 2218 erat,

833 2239 939 2272 quum
959 2227 1030 2261 haec
1050 2228 1178 2261 Plinius
1198 2229 1371 2262 scriberet.
1386 2230 1420 2263 S.

873 2300 918 2304 ——
934 2283 1038 2321 Quam
1061 2283 1278 2314 saluberrime.
1297 2282 1411 2322 Quam
1436 2281 1498 2314 mi-

828 2332 929 2365 nimis
943 2332 1102 2378 impensis
1117 2346 1125 2366 :
1144 2333 1237 2379 quod
1253 2334 1326 2366 fieri
1342 2342 1497 2379 poterat,

829 2384 909 2429 quia
923 2388 1132 2427 pretiosiora,
1149 2386 1182 2419 id
1203 2394 1270 2426 est,
1285 2399 1433 2432 quorum
1447 2399 1498 2419 re-

832 2437 931 2469 fectio
957 2450 1118 2484 magnam
1141 2447 1213 2472 crat
1238 2439 1419 2485 pecuniam
1443 2439 1499 2471 ab·

830 2498 1027 2535 sumptura,
1048 2493 1104 2525 vix
1134 2500 1191 2525 aut
1221 2504 1264 2523 nc
1286 2491 1338 2524 vix
1359 2490 1496 2536 quidem

830 2542 907 2575 laesa
925 2552 1034 2576 erant.
1052 2545 1086 2578 S.

875 2616 919 2619 ——
937 2598 1000 2627 Sed
1014 2599 1106 2639 liujus
1135 2599 1258 2639 generis
1273 2622 1280 2631 .
1307 2599 1395 2639 cujus
1414 2606 1444 2627 ec
1466 2606 1496 2627 la

829 2651 952 2690 marris.
974 2650 1070 2681 Rom.
1091 2652 1153 2680 Sed
1169 2652 1234 2690 ejus
1252 2651 1391 2691 generis,
1409 2652 1496 2690 cuju<

829 2705 861 2727 ec
875 2705 907 2726 ιιι
927 2699 1051 2738 [luteris.
1069 2695 1111 2728 Π.

1526 1175 1540 1193 2
