1742 2989
515 165 864 207 EPlsTOLA
899 164 1085 206 XXXI.

1410 160 1500 207 383

103 250 342 302 stillarunt,
360 256 409 289 ut
434 261 584 288 omnes
610 244 787 287 heredes
814 261 941 304 agere
963 252 1224 304 cogerentur
1238 277 1248 297 ,
1268 260 1403 303 quum
1430 243 1499 286 de-

101 322 298 375 tulissent
323 335 495 373 omnes,
519 327 594 360 aut
620 317 700 360 sibi
729 334 902 378 quoque
932 317 1134 360 desistere
1161 317 1498 377 permitteretur.
1527 333 1563 354 11

98 397 328 453 Loquutus
342 401 406 434 est
421 392 563 434 Caesar
578 407 745 433 summa
761 391 985 451 gravitate,
997 406 1163 434 summa
1178 390 1474 434 moderatione
1489 408 1498 433 :

100 482 325 527 quumque
349 463 583 514 advocatus
609 464 859 507 Senecionis
883 473 925 506 et
951 463 1179 523 Eurythmi
1204 462 1406 517 dixisset,
1429 480 1499 506 su-

101 537 369 598 spicionibus
398 535 587 596 relinqui
625 552 718 579 reos
742 570 752 590 ,
789 537 871 578 nisi
906 535 1187 589 audirentur3
1221 538 1330 580 Non
1359 552 1464 578 curo
1486 570 1496 588 ‚

100 610 243 670 inquit
256 645 266 663 ‚
285 625 346 652 cm
369 612 444 652 istc·
455 608 777 669 suspicionibus
796 609 1134 667 relinquantur:
1156 624 1238 667 ego
1261 610 1494 668 relinquor,

99 682 238 736 Dein‚
264 697 497 725 conversus
524 680 577 723 ad
604 697 682 723 nos
709 697 718 724 :
746 674 997 738 Eniffiotcfle‚
1026 681 1311 740 quiclfacere.
1337 682 1497 726 clebea-
1525 706 1561 727 12

100 770 194 798 nius
208 754 232 796 9
251 757 338 798 Isti
355 757 468 797 enim
488 757 615 812 queri
632 754 807 807 volunt,
824 752 953 812 quod
965 753 1052 797 sibi
1069 754 1238 797 licuerit
1257 770 1348 804 noli
1369 770 1497 799 accic-

99 843 216 870 sare.
233 829 345 870 Tum
365 843 416 870 ex
434 825 601 870 consilii
623 826 836 869 sententia
850 826 977 885 jussit
996 825 1244 869 denuntiari
1266 826 1498 870 heredibus

99 900 326 954 omnibus,
358 910 434 943 aut
463 909 670 959 agerent,
703 908 777 941 aut
810 898 968 959 singuli
1003 899 1298 959 approbarent
1329 915 1498 943 caussas

100 989 188 1015 non
203 972 381 1033 agendi,
396 971 558 1032 alioqui
573 988 616 1015 se
629 971 693 1015 vel
708 971 760 1015 de
774 971 991 1015 calumnia
1005 973 1408 1031 pronuntiaturmn.
1425 973 1498 1016 Vi·
1523 976 1563 1007 11}

100 1045 196 1100 des,
213 1062 344 1105 quam
369 1045 565 1101 honesti,
587 1061 716 1104 quam
741 1046 876 1088 severi
903 1045 993 1088 dies
1016 1062 1023 1087 τ
1048 1060 1156 1105 quos
1177 1044 1498 1103 jucundissimae

101 1119 374 1163 remissiones
406 1119 714 1178 sequebantur.
744 1117 1075 1162 Adhibebamur
1106 1117 1301 1177 quotidie
1330 1134 1460 1161 eoenae
1488 1135 1496 1161 :

100 1203 192 1236 erat
219 1193 390 1237 modica
404 1228 415 1248 ‚
435 1194 468 1236 si
496 1193 737 1253 principem
759 1191 984 1251 cogitares.
1013 1191 1239 1234 Interdum
1261 1193 1501 1252 ἀκροάματα

101 1265 384 1310 audiebamus
404 1283 413 1309 :
434 1265 655 1309 interdum
673 1263 1003 1325 jucundissimis
1028 1263 1300 1307 sermonibus
1322 1279 1407 1306 nox
1427 1263 1501 1306 du-

100 1395 159 1428 des
170 1395 337 1428 miseruut
347 1407 354 1427 :
364 1396 504 1440 reliquae
514 1394 765 1439 neglexerunt.»

101 1448 220 1480 Cicero
247 1447 290 1480 de
319 1448 393 1480 Fin.
409 1448 455 1486 V,
477 1448 496 1479 8
511 1471 520 1486 ‚
549 1447 596 1479 in.
617 1447 769 1491 «junctae

101 1507 214 1532 autem
226 1507 257 1532 et
268 1499 422 1545 duplices
435 1498 664 1544 expositiones
680 1510 770 1530 sum-

99 1552 148 1583 mi
167 1552 248 1585 boni
269 1560 337 1584 tres
355 1552 497 1584 omnino
517 1551 657 1583 fuerunt
678 1561 685 1582 :
706 1562 769 1582 nec

101 1617 181 1637 vero
203 1604 318 1648 plures
329 1627 543 1635 ..........
554 1614 625 1635 esse
646 1610 768 1648 potue-

101 1663 192 1688 runt.
207 1671 220 1684 »ι
237 1656 270 1688 S.

149 1722 163 1742 1
174 1722 190 1741 2
200 1736 206 1742 .
221 1702 407 1742 Επίστασθε
420 1734 428 1747 ,
445 1709 643 1750 quidfltcere
656 1708 770 1737 debea-

103 1775 179 1793 mus.
191 1762 287 1793 Rom.
300 1755 499 1796 Ενισττζσατε
511 1761 591 1801 quid
598 1760 707 1798 lucere
719 1760 771 1788 de-

102 1817 240 1845 beamus.
256 1813 300 1846 H.
310 1833 354 1836 ——
365 1812 500 1844 Abusus
511 1811 635 1855 linguae
645 1809 770 1841 Graecae

104 1866 137 1898 in
153 1865 271 1912 judice
289 1876 406 1897 coram
423 1863 568 1896 consilio
586 1862 642 1895 vix
665 1862 771 1894 feren-

101 1918 181 1958 dus,
197 1917 417 1963 quantumvis
432 1915 577 1949 Romani
591 1915 626 1946 in
643 1926 770 1946 sermo-

105 1970 204 2003 nibus
217 1970 438 2016 epistolisque
450 1969 566 2001 Graeca
578 1968 772 2012 frequenta-

101 2023 181 2055 rint.
202 2022 288 2064 Quis
311 2029 468 2054 nostrum
495 2022 598 2053 ferret
619 2018 772 2065 judicem

102 2075 318 2107 consiliarios
329 2075 377 2106 sie
393 2073 626 2117 alloquentem
643 2075 772 2103 :Savez-

106 2141 202 2165 vous,
222 2141 287 2159 was
304 2130 363 2158 wir
375 2140 414 2159 :u
433 2127 509 2157 tlzun
525 2126 625 2155 haben
635 2129 651 2154 ‚³
669 2123 700 2156 S.

150 2199 194 2203 ——
207 2181 302 2220 Quod
313 2181 373 2210 sibi
388 2179 512 2210 licuerit
529 2190 592 2207 non
609 2188 770 2207 accusare.

104 2232 224 2264 Acute.
244 2230 403 2263 Licucrat
428 2228 684 2261 accusatoribus
704 2240 772 2259 non

105 2295 267 2315 accusare
278 2308 286 2322 ‚
299 2283 341 2315 ab
352 2281 450 2314 initio
464 2293 470 2313 :
485 2293 577 2313 nunc.
589 2288 773 2326 postquam

105 2335 299 2367 detulerunt
330 2334 470 2366 nomina
488 2359 496 2374 ‚
525 2346 595 2364 non
624 2332 713 2364 licet.
740 2331 773 2366 Si

104 2395 298 2432 queruntur
315 2398 396 2429 ergo
408 2410 415 2424 ‚
431 2397 465 2417 se
479 2384 522 2416 ad
538 2384 772 2417 accusandum

103 2440 182 2484 cogi
198 2464 206 2478 ⁷
224 2451 260 2471 rc
280 2439 348 2482 ipsa
368 2438 433 2470 hoc
453 2444 660 2482 queruntur,
679 2436 774 2480 quod

105 2491 194 2524 male
207 2503 264 2523 sua
282 2490 438 2522 libertate
452 2489 505 2520 usi
520 2488 658 2520 fuerint.
674 2489 707 2521 Si
724 2496 774 2521 ta—

106 2556 184 2576 men
206 2543 305 2575 nimis
331 2550 487 2587 argutum
512 2540 578 2572 hoc
604 2540 774 2582 videatur,

107 2596 320 2640 gemincmus
358 2593 508 2639 negandi
546 2592 746 2625 adverbium
765 2620 773 2634 ‚

108 2647 172 2680 hoc
188 2648 292 2682 modo
311 2659 318 2679 .·
339 2664 351 2677 «
363 2646 455 2693 quod
474 2645 537 2679 sibi
554 2658 624 2678 non
641 2645 774 2679 licuerit

834 1404 904 1424 non
922 1403 1084 1425 accusare
1105 1404 1112 1424 :
1134 1408 1147 1420 »
1167 1392 1212 1424 ita
1229 1392 1332 1437 plane
1351 1391 1501 1424 difficul—

835 1451 938 1476 tatem
953 1457 1024 1477 non
1036 1444 1189 1477 habehit.
1207 1445 1283 1476 Jam
1301 1444 1391 1476 enim
1407 1460 1420 1473 «
1431 1457 1500 1476 non

835 1496 913 1528 licet
931 1497 1012 1541 ipsis
1032 1509 1103 1528 non
1120 1509 1300 1535 accusare,
1313 1512 1325 1523 »ι
1344 1496 1409 1529 hoc
1430 1503 1480 1529 est
1495 1521 1503 1536 ,

835 1560 997 1580 revocare
1011 1561 1130 1581 accusa
1137 1549 1264 1581 tionem
1276 1573 1284 1588 ,
1296 1561 1339 1580 ne
1351 1548 1501 1594 Principi

836 1613 908 1633 eam
939 1599 1153 1633 condonasse
1179 1600 1376 1633 videantur.
1400 1601 1443 1633 G.
1458 1621 1502 1625 —-—›

835 1653 906 1685 Nisi
917 1652 1045 1685 Plinius
1059 1653 1191 1697 scripsit
1206 1664 1212 1685 :
1228 1651 1344 1698 «quod
1357 1653 1422 1685 sibi
1432 1666 1503 1686 non

835 1704 970 1736 licuerit
986 1716 1158 1737 accusare.
1171 1721 1183 1731 ι»
1204 1706 1239 1738 S.

868 1760 996 1787 -Tum
1007 1769 1048 1787 ex
1058 1758 1184 1787 consilii
1192 1782 1198 1791 ‚
1213 1764 1277 1788 etc.
1287 1757 1370 1788 Rom
1378 1783 1384 1789 .
1397 1757 1503 1790 «Tum

837 1820 877 1840 ex
896 1807 1045 1841 consulis
1068 1808 1228 1840 sententia
1247 1809 1346 1854 jussit
1367 1808 1504 1842 denun-

836 1860 911 1893 tiari
937 1859 1121 1892 heredibus
1145 1861 1306 1893 omnibus
1322 1886 1330 1900 ‚
1351 1870 1410 1894 aut
1430 1874 1503 1907 age-

836 1920 934 1952 rent,
955 1919 1013 1945 aut
1027 1912 1155 1957 singuli
1167 1913 1366 1958 probarent.
1383 1930 1395 1942 »1
1412 1913 1454 1946 H.

882 1979 893 1997 1
902 1964 929 1996 3.
940 1967 1181 1996 Jucundissimoe
1191 1967 1395 1998 remissiones.
1407 1967 1500 1998 Rom.

836 2019 1067 2050 Iucundissime
1086 2020 1291 2049 remissiones.
1308 2017 1351 2050 H.

883 2091 926 2095 —
940 2073 974 2101 Si
983 2071 1159 2112 principem
1173 2072 1338 2112 cogz‘iares.
1359 2071 1456 2103 Rom.
1472 2075 1504 2102 Si

832 2123 1009 2165 principem
1026 2124 1152 2164 cogites.
1172 2121 1216 2154 H.

884 2195 929 2200 ——
948 2171 1162 2220 Ᾰκροοίματα.
1189 2173 1263 2206 Usu
1290 2173 1346 2206 hic
1374 2175 1504 2207 Latinis

839 2227 971 2260 solenni
990 2238 997 2259 2
1017 2226 1083 2259 alio
1101 2226 1211 2258 Graeci
1231 2227 1301 2258 fere
1320 2236 1503 2271 usurpant,

838 2280 897 2325 qui
914 2287 1027 2311 tamen
1046 2278 1147 2310 eliam
1171 2277 1214 2310 de
1234 2278 1431 2311 hominibus
1451 2278 1502 2311 di·

838 2339 931 2364 cunt.
957 2331 1055 2364 Locis
1080 2331 1123 2363 ab
1141 2330 1184 2362 ll.
1208 2330 1381 2374 Stephano
1397 2331 1503 2364 Thes.

839 2386 878 2416 L.
894 2383 956 2416 Gr.
972 2385 1000 2416 I.
1022 2383 1088 2416 col.
1108 2383 1184 2423 295.
1202 2383 1240 2415 B.
1256 2382 1405 2415 collectis
1419 2383 1500 2417 add.

839 2435 980 2469 Diodor.
999 2435 1104 2469 Sicul.
1119 2436 1200 2468 Exc.
1217 2435 1259 2466 dc
1274 2435 1360 2467 virt.
1383 2443 1413 2467 et
1430 2437 1499 2469 Vit.

839 2501 873 2533 p.
893 2489 971 2521 583.
990 2487 1138 2522 Wessel.
1166 2489 1284 2533 περι-ᾔει
1313 2489 1423 2521 πάντα.
1449 2492 1500 2523 τὸν

839 2543 935 2575 πότον
946 2569 954 2582 ,
967 2543 1138 2586 προπόσεις
1152 2539 1324 2585 λαμὶάνων
1338 2542 1419 2586 ὀρθὸς
1429 2566 1436 2577 ,
1449 2544 1502 2575 καὶ

840 2597 904 2633 τοῖς
922 2596 1107 2639 ἀκροάμασι
1123 2594 1337 2638 προσπαίζων.
1354 2593 1503 2625 S.—-Nu-

842 2657 920 2678 crem
939 2648 1072 2683 (lacere,
1097 2644 1244 2678 formula
1257 2644 1401 2690 poetica.
1418 2645 1478 2677 En.
