1742 2989
565 194 909 238 EPISTOLA
944 198 1085 240 VIH.
1432 200 1520 263 337

122 274 251 318 nibus
274 282 487 335 quantum
510 273 749 319 dulcedinis
771 274 900 320 inest!
916 280 983 321 Tu
1010 288 1152 321 tamen
1176 280 1522 340 frequentissime

123 348 282 403 scribe,
301 347 401 391 licet
422 346 506 390 hoc
529 348 588 390 ita
608 364 676 391 me
696 348 897 405 delectet,
918 361 966 394 ut
986 360 1200 411 torqueat.
1219 353 1338 397 Vale.
1377 373 1379 376 ¹

168 481 201 513 3.
218 483 422 522 Uttorqueac.
434 479 514 520 Quo
525 479 615 512 enim
630 480 789 526 frequen·
854 481 950 515 Idem
970 482 1040 515 fere
1055 483 1127 528 jam
1146 496 1249 528 supra
1276 485 1407 519 dixerat
1427 499 1433 518 :
1459 504 1470 516 ‹-
1482 500 1523 521 eo

119 532 185 565 tius
208 532 320 565 literas
343 541 418 565 tuas
443 532 575 578 accipio
590 558 597 571 ‚
617 545 656 566 eo
677 534 789 566 acrius
854 536 962 580 inagis
987 535 1031 568 ad
1051 536 1258 570 desiderium
1278 546 1377 572 tuum
1398 552 1524 573 accen·

119 592 152 618 et
180 585 412 631 impatientius
443 592 475 617 te
502 586 613 630 ipsam
636 587 786 632 requiro.
855 587 958 620 dor.»
992 589 1032 620 E.

131 719 1506 738 §sumta-§mmmmmw=xussw=wsxmwummsmwmvmmxumzu

724 847 907 903 VIII.

119 994 290 1031 Attilium
313 996 351 1031 in
375 1008 504 1032 caussa
528 995 748 1045 pecuniaria
770 995 1010 1032 commendat
1034 1005 1111 1032 tum
1135 995 1182 1033 ab
1209 999 1387 1043 amicitia,
1409 1013 1523 1048 quam

167 1072 293 1095 secum
319 1060 440 1104 colat,
462 1068 541 1096 tum
565 1074 585 1096 a
608 1060 765 1110 propria
789 1060 950 1105 virtute,
971 1060 1152 1109 adsperso
1178 1071 1281 1098 metu
1304 1063 1522 1100 vindicandi

167 1122 315 1170 damni,
339 1124 427 1172 quia
452 1124 697 1160 facetissimus
716 1124 774 1160 sit.

416 1257 455 1285 c.
495 1257 730 1285 PLINIUS
766 1257 965 1285 PRISCO
998 1241 1018 1261 ¹*
1053 1258 1154 1286 sno
1189 1258 1222 1288 s.

176 1369 451 1411 ATTILIUM
488 1369 765 1411 Crescentem
804 1376 847 1409 et
878 1368 990 1410 nosti
1022 1377 1064 1410 et
1097 1384 1228 1413 amas.
1262 1371 1373 1426 Quis
1405 1373 1522 1415 enim

114 1440 237 1484 illum
273 1441 509 1501 specta-tior
545 1439 691 1501 paullo
727 1450 803 1483 aut
838 1456 926 1483 non
959 1442 1103 1495 novit,
1139 1452 1213 1485 aut
1248 1460 1336 1486 non
1374 1444 1524 1488 amat?

112 1517 241 1558 Hunc
273 1531 353 1574 ego
384 1530 473 1556 non
509 1523 556 1556 ut
587 1513 737 1569 multi,
770 1512 844 1556 sed
880 1512 1120 1578 arctissime
1156 1514 1304 1574 diligo.
1341 1516 1518 1576 Oppida
1545 1544 1563 1564 2

112 1597 259 1630 nostra
284 1587 412 1629 unius
434 1585 518 1629 diei
540 1587 694 1629 itinere
714 1585 986 1628 dirimuntur
1009 1604 1016 1628 :
1038 1586 1119 1646 ipsi
1139 1603 1286 1631 amare
1310 1590 1518 1646 invicem,

111 1660 186 1718 qui
214 1669 278 1702 est
296 1659 660 1718 flagrantissimus
676 1675 818 1713 amor,
834 1658 1145 1702 adolescentuli
1161 1661 1385 1720 coepimus.
1401 1666 1522 1707 Man-

112 1732 166 1774 sit
196 1732 267 1774 hic
294 1741 443 1792 postea
460 1766 470 1781 ,
497 1748 577 1774 nec
602 1731 771 1774 refrixit
794 1731 986 1791 judicio,
1014 1732 1087 1774 sed
1116 1733 1313 1777 invaluit.
1343 1736 1518 1789 Sciunt,

110 1805 186 1863 qui
203 1804 462 1847 alterutrum
480 1813 679 1847 nostrum
705 1804 960 1847 familiarius
983 1804 1224 1862 intuentur.
1247 1808 1362 1849 Nam
1384 1817 1424 1850 et
1450 1808 1519 1852 ille

111 1877 349 1920 amicitiam
369 1893 511 1919 meam
533 1876 738 1920 latissima
759 1876 1069 1937 praedicatione
1090 1878 1361 1933 circumfert,
1380 1890 1423 1923 et
1437 1898 1519 1941 ego

143 2004 582 2048 VIII.*Heinecciusputat
593 2004 780 2036 Priscumin
896 2017 926 2036 2.
950 2006 1075 2046 Oppida
1102 2014 1222 2036 nostra.
1249 2005 1367 2039 Pairiae
1392 2008 1517 2051 urbes,

108 2056 161 2089 llis
175 2057 329 2102 epistolis
345 2069 415 2089 esse
430 2059 599 2088 Neratium
618 2058 776 2095 Priscum,
846 2063 882 2088 ut
906 2058 1105 2098 Capermzum
1123 2059 1239 2088 Christi
1253 2061 1403 2100 oppidum
1419 2073 1518 2095 voca-

108 2110 399 2142 Jurisconsultum
419 2116 451 2141 et
474 2108 635 2141 doctrina
657 2116 688 2140 et
707 2122 779 2141 mo-
845 2116 913 2140 tur.
935 2109 987 2141 Sic
1004 2109 1127 2141 Noster
1146 2110 1200 2148 lI,
1227 2122 1256 2148 1,
1277 2112 1309 2143 8.
1329 2114 1451 2144 Eadem
1471 2127 1518 2145 re-

106 2161 202 2193 ribus
212 2162 400 2206 insignem,
417 2162 480 2193 sub
489 2162 641 2206 Trojano
658 2174 779 2194 consu·
841 2163 895 2203 gio
907 2187 915 2198 ,
938 2169 969 2193 et
988 2161 1057 2193 VII
1072 2186 1080 2200 ‚
1100 2175 1138 2194 22
1151 2186 1159 2201 ,
1184 2175 1198 2194 2
1214 2188 1222 2201 ‚
1236 2165 1322 2205 regio
1343 2177 1429 2203 mea,
1449 2174 1515 2200 etc.

107 2213 179 2246 latu
209 2215 366 2246 sunctum
383 2239 391 2252 ‚
419 2221 494 2258 post
520 2215 610 2246 inter
635 2214 779 2247 Adriani
844 2213 1147 2258 G.—-Siinplicius¹
1169 2215 1255 2248 forte
1285 2225 1356 2249 erat
1378 2217 1515 2260 dicere,

107 2266 319 2299 consiliarios
336 2266 504 2298 habitum.
526 2267 590 2299 En.
845 2268 995 2308 oppidum
1010 2279 1185 2311 quemque
1199 2281 1288 2299 snum
1301 2269 1387 2301 illud
1403 2271 1517 2315 appel-

156 2331 186 2351 1.
203 2320 351 2350 Accilium
368 2320 570 2350 Crescentem.
591 2320 688 2351 Rom.
709 2321 779 2350 Ati-
845 2318 935 2357 lare,
956 2319 990 2350 in
1011 2331 1081 2363 quo
1109 2319 1251 2352 habitet.
1274 2320 1313 2352 E.
1330 2342 1373 2345 —
1392 2325 1454 2362 Qui
1471 2332 1516 2354 est

106 2374 182 2404 Ilum
203 2373 406 2402 Crescentem.
424 2370 558 2403 Deinde
581 2383 587 2403 :
613 2374 689 2411 Quis
708 2384 778 2402 eum
833 2373 1107 2415 flagrantissimus
1121 2385 1222 2404 amor.
1239 2373 1334 2404 Rom.
1353 2376 1453 2414 Quum
1471 2386 1516 2406 est

105 2426 159 2456 illo
170 2425 352 2467 spectatior,
370 2423 472 2456 male.
493 2423 536 2455 H.
552 2443 596 2447 -—
608 2424 655 2456 De
667 2426 777 2455 Accilz'o
837 2425 1109 2467 flagrantissimus
1123 2437 1224 2455 amor.
1236 2424 1278 2456 H.

107 2479 268 2508 Crescente
284 2477 299 2507 I
311 2501 319 2514 ‚
336 2488 390 2521 ep.
407 2488 426 2519 9
442 2501 450 2514 ‚
469 2476 501 2508 8.
520 2476 584 2508 ΕΙ).
595 2480 777 2518 —Specta-
892 2494 935 2498 —-
949 2478 1014 2507 Nec
1033 2479 1158 2519 refrixit
1176 2471 1311 2519 jialicio.
1334 2478 1430 2509 Roin.
1455 2481 1514 2510 llic

105 2538 152 2560 tus
169 2528 252 2561 olim
274 2528 473 2567 dicebatur,
491 2528 570 2573 qui,
587 2528 697 2573 qualis
716 2528 776 2567 sit,
844 2540 944 2570 neque
953 2529 1217 2572 rcfrzlcinjudiwb.
1234 2529 1371 2567 Postea,
1383 2541 1514 2571 quantae

104 2581 203 2613 certis
219 2581 460 2625 experimentis
471 2581 628 2625 cognitus
640 2589 700 2614 est.
713 2580 779 2613 Sed
844 2583 886 2612 sie
897 2582 1082 2619 mihimet-ce,
1095 2580 1199 2622 Quod
1212 2580 1347 2613 (Im-tius
1360 2593 1425 2613 non
1437 2595 1513 2627 pro-

105 2632 197 2677 apud
211 2633 360 2666 Plinium
375 2634 451 2678 plus
467 2634 591 2673 semel,
612 2633 779 2667 illustrem
844 2633 913 2665 bat.
930 2633 974 2665 H.
987 2654 1032 2658 ——
1046 2635 1249 2665 me'liarius
1263 2658 1270 2666 ,
1292 2640 1326 2664 ut
1341 2634 1449 2666 solent
1466 2635 1514 2666 sa-

107 2684 287 2728 significat.
305 2686 370 2718 En.
845 2685 994 2720 miliares
1007 2710 1016 2726 ,
1031 2693 1202 2719 accurate.
1218 2685 1284 2716 En.

298 2744 338 2784 l.
1262 2758 1316 2785 22
