1742 2989
599 197 948 241 EPISTOLA
982 198 1038 240 X.
1465 214 1524 259 29

113 280 274 341 cupias.
305 281 400 323 Jam
428 293 529 321 vero
556 276 681 322 liberi
709 288 822 331 tres,
843 279 930 323 (luo
958 294 1097 322 mares
1114 312 1125 331 ,
1146 294 1256 338 quos
1280 277 1526 339 diligentis-

112 355 220 397 sime
245 352 445 396 instituit.
470 353 605 395 Socer
626 353 859 412 Pompeius
880 351 1079 395 Julianus
1095 386 1106 406 ,
1131 367 1229 394 cum
1256 361 1398 394 cetera
1418 353 1526 405 vita,

116 436 210 470 tum
238 425 304 468 vel
332 425 415 468 hoc
437 440 525 467 uno
550 440 735 485 magnus
758 434 800 467 et
825 424 968 468 clarus
985 459 995 478 ‚
1014 423 1130 485 quod
1146 459 1157 478 ‚
1182 425 1270 484 ipse
1294 425 1527 485 provinciae

111 500 341 560 princeps,
367 499 481 541 inter
501 497 733 542 altissimas
753 498 1048 551 conditiones,
1078 515 1311 559 generum,
1332 515 1420 542 non
1444 499 1527 542 ho-

112 573 295 616 noribus
319 572 562 632 principem
577 605 587 625 ,
606 570 680 614 secl
701 573 912 632 sapientia
927 608 938 627 ‚
959 571 1103 633 elegit.
1121 573 1403 632 Quamquam
1422 571 1528 632 quid

113 662 195 707 ego
226 645 351 707 plura
378 645 431 688 de
463 645 579 697 viro,
603 661 691 704 quo
715 645 822 688 mihi
847 645 931 688 frui
954 662 1042 689 non
1070 645 1201 689 licet?
1223 648 1290 690 An
1320 656 1370 689 ut
1390 646 1529 706 magis

112 737 274 780 angar,
300 718 419 779 quod
447 735 536 761 non
565 717 693 762 licet?
711 719 825 762 Nam
854 719 1093 779 distringor
1120 718 1290 772 officio,
1313 727 1361 762 ut
1388 719 1530 762 maxi-

111 808 207 845 mo,
231 792 290 834 sic
316 789 633 834 molestissimo.
658 790 799 834 Sedeo
822 808 902 851 pro
930 791 1167 846 tribunali,
1192 791 1383 835 subnoto
1409 791 1531 835 libel-

111 862 198 917 los,
224 863 414 907 conficio
439 862 609 906 tabulas
632 879 642 906 ε
665 864 809 907 scribo
834 864 1070 924 plurimas,
1090 865 1163 909 sed
1186 865 1532 910 illiteratissimas

118 937 280 982 literas.
311 937 440 982 Soleo
469 953 788 997 nonnunquam
819 943 944 986 (nam
975 939 1017 982 id
1044 939 1185 999 ipsum
1219 939 1397 999 quando
1424 955 1533 983 con-

112 1007 301 1071 tingitl)
333 1010 387 1053 de
424 1010 490 1053 his
527 1010 895 1071 occupationibus
931 1013 1051 1073 apud
1080 1013 1353 1074 Euphratem
1390 1013 1530 1074 queri.

114 1084 194 1128 Ille
232 1101 301 1128 me
339 1083 618 1138 consolatum
655 1083 859 1128 adfirmat
893 1088 1023 1129 etiam
1063 1104 1154 1130 esse
1191 1087 1305 1130 hanc
1336 1086 1532 1148 philoso-

114 1157 254 1218 phiae‚
285 1167 328 1200 et
360 1156 536 1217 quidem
565 1155 906 1217 pulcherrimam
937 1169 1128 1219 partem,
1155 1175 1285 1221 agere
1308 1162 1535 1222 negotium

113 1230 344 1291 publicum
366 1264 377 1284 ‚
417 1246 711 1291 cognoscere,
741 1230 967 1290 judicare⁷
1006 1249 1210 1293 promere
1250 1242 1292 1276 et
1331 1248 1535 1277 exercere

113 1347 185 1380 lum
201 1347 312 1393 perire
329 1347 523 1392 patiuntur.
544 1348 696 1392 Sequens
717 1359 791 1380 sen-

113 1401 219 1433 tentia
237 1411 384 1433 acumen
401 1400 505 1433 habet
519 1412 558 1432 ex
573 1399 725 1445 quadam
740 1413 791 1433 re-

112 1453 304 1499 pugnantia
315 1464 322 1485 :
333 1462 365 1484 ec
363 1455 581 1496 persuadere..
590 1453 790 1496 .cupias‚h.e.

113 1519 184 1539 non
198 1505 307 1551 possis
319 1505 480 1539 exsatiari
498 1508 570 1552 ejus
588 1506 744 1539 oratione
760 1515 792 1539 et

112 1558 288 1604 praeceptis
302 1570 310 1598 ;
326 1558 431 1591 etiam
445 1570 553 1603 quum
570 1559 696 1592 sentias
712 1572 791 1591 eum

114 1611 175 1644 tibi
194 1610 325 1656 aliquid
344 1612 554 1657 persuasisse
568 1637 577 1651 ,
600 1619 716 1645 tamen
733 1624 792 1656 op-

114 1671 178 1704 tes,
191 1672 228 1696 ut
238 1663 359 1697 eadem
368 1671 514 1710 repetat.
525 1665 565 1698 E.
575 1684 620 1688 —
631 1664 793 1698 Similiter

114 1716 237 1749 Graeci.
249 1717 430 1750 Chariton.
442 1729 475 1761 p.
489 1718 529 1761 59
538 1742 546 1757 ‚
556 1715 637 1749 edit.
648 1717 792 1750 Amstel.

116 1771 300 1816 ἀναρτήσας
324 1773 433 1804 ἑαυτὸν
454 1776 508 1810 τῆς
530 1772 732 1816 ἀκροάσεως,
750 1768 794 1802 ad

116 1834 151 1867 q.
171 1823 195 1854 l.
211 1821 290 1855 vide
311 1822 458 1855 Dorvill.
484 1835 516 1867 p.
540 1823 604 1862 342
626 1835 677 1868 sq.
698 1823 731 1855 S.
750 1843 795 1846 ——

113 1878 158 1906 Ec
166 1878 380 1918 persuadere.
396 1901 403 1907 .
420 1900 426 1906 .
436 1877 559 1918 cupias.
574 1876 671 1907 Rom.
688 1885 717 1906 et
724 1888 796 1917 per-

113 1929 242 1959 maderi
256 1930 313 1959 tibi
325 1954 332 1964 ‚
351 1930 447 1959 eciam
463 1940 559 1970 quum
575 1924 773 1970 persuaserit
784 1952 793 1964 ,

115 1981 246 2022 cupias,
265 1980 366 2024 plane
381 1988 418 2012 ut
434 1979 564 2012 Medic.
583 1980 627 2013 H.
646 2000 692 2004 —-—
709 1980 794 2012 Prae-

116 2039 181 2065 Stat
198 2033 336 2077 vulgata
349 2058 357 2073 ,
373 2045 479 2077 quam
500 2041 703 2072 mutarunt,
721 2033 794 2078 qui-

117 2085 181 2117 bus
198 2086 415 2130 pronominis
436 2085 568 2130 ellipsis
589 2085 709 2118 durior
725 2086 795 2118 xisa

118 2145 216 2170 esset.
226 2137 290 2171 Sed
303 2139 458 2184 exempla
470 2141 545 2184 ejus
559 2140 670 2171 ubivis
680 2139 794 2178 obvia3

119 2191 164 2222 cf.
175 2190 270 2222 Cort.
282 2190 471 2224 adSallust.
483 2192 558 2224 Cat.
572 2192 701 2231 XXXI,
714 2203 747 2235 7.
760 2192 793 2225 S.

169 2245 198 2274 8.
215 2245 390 2274 Provinciae
399 2267 405 2275 .
419 2270 425 2276 .
434 2270 440 2276 .
452 2268 459 2275 .
469 2246 678 2277 condiciones.
694 2245 793 2276 Rom.

114 2297 288 2337 provincioe
307 2298 457 2339 princeps
478 2298 560 2328 hunc
580 2299 661 2328 inter
680 2300 795 2329 altissi-

120 2360 188 2379 mas
206 2350 413 2380 condiciones.
436 2349 569 2382 Iterum
588 2358 620 2382 et
638 2350 695 2383 hic
714 2362 795 2383 cum

120 2399 248 2433 Medic.
271 2401 454 2434 consentit.
476 2401 519 2434 H.
536 2423 581 2426 —
600 2406 710 2441 Hunc,
733 2404 794 2435 etsi

120 2452 238 2485 Cortio
264 2454 448 2498 probatum
468 2479 476 2493 ,
506 2455 613 2486 nolim
639 2455 673 2487 in
703 2455 795 2487 ordi-

121 2517 200 2537 nem
215 2506 452 2551 recipere.Vix
467 2506 603 2546 credas,
615 2515 699 2552 quot
713 2508 795 2539 locis

122 2570 245 2590 manus
275 2559 495 2592 librariorum
525 2560 638 2604 inepte
670 2560 795 2592 seclulae

123 2609 204 2642 talia
224 2613 429 2655 pronomina
442 2637 450 2652 ,
470 2610 512 2643 acl
530 2624 648 2644 sensus
668 2613 796 2646 scilicet

123 2661 352 2707 integritatem
373 2664 584 2704 necessaria,
603 2664 794 2697 intulerint.

123 2714 282 2747 S.-Inter
291 2719 460 2749 altissimas
470 2719 674 2750 conditiones.
687 2718 800 2751 Imita-

858 1357 959 1383 turne
970 1352 1137 1396 Nepotem
1149 1351 1350 1384 Cornelium
1365 1352 1434 1383 Att.
1447 1352 1514 1384 XII
1526 1378 1535 1392 ,

858 1402 902 1436 de
920 1404 1073 1449 Agrippa
1092 1415 1099 1436 τ
1115 1405 1257 1445 «Quum
1280 1412 1419 1450 propter
1437 1416 1533 1437 suam

858 1456 1004 1502 gratiam
1016 1465 1047 1489 et
1056 1458 1396 1502 Caesaris->potentiam
1408 1457 1536 1490 nullius

859 1509 1069 1543 conditionis
1082 1524 1152 1543 non
1164 1510 1306 1543 haberet
1316 1518 1535 1556 potestatem,

859 1563 1077 1609 potissimum
1094 1565 1167 1610 (jus
1178 1563 1303 1609 delegit
1315 1563 1535 1601 affinitatem,

859 1623 924 1650 etc.
938 1633 950 1644 »ι
962 1616 1006 1649 G.
1021 1636 1066 1641 ——-
1081 1618 1208 1650 Sensus
1223 1625 1271 1650 est
1283 1641 1292 1656 ,
1303 1630 1410 1662 quum
1424 1623 1537 1661 posset

860 1676 1028 1709 generum
1047 1664 1110 1696 sibi
1131 1664 1255 1710 eligere
1269 1690 1276 1704 ‚
1294 1663 1484 1697 honoribus
1505 1671 1537 1696 et

861 1715 985 1750 divitiis
998 1716 1196 1763 praeditum,
1208 1718 1421 1762 Euphratem
1437 1717 1538 1761 elegit

862 1770 934 1803 sola
963 1769 1129 1815 sapientia
1160 1778 1391 1815 praestantem.
1421 1770 1461 1802 E.
1491 1790 1535 1793 —-·

864 1825 1011 1854 Conditio
1035 1822 1079 1856 de
1097 1823 1320 1855 matrimonio
1348 1830 1397 1855 est
1421 1822 1536 1854 latini-

862 1875 939 1907 tatis
953 1876 1286 1921 jureconsultorum.
1306 1875 1392 1907 Hinc
1409 1876 1538 1907 formu-

862 1928 894 1960 la
921 1927 1059 1973 repudii
1086 1930 1268 1960 conclltfone
1293 1938 1348 1959 {aa
1368 1941 1431 1959 non
1455 1937 1536 1958 ator.

861 1979 944 2013 Vid.
960 1980 1222 2014 Drakenborch.
1239 1980 1282 2013 ad
1297 1981 1372 2013 Liv.
1386 1981 1438 2012 III
1451 2006 1459 2019 ‚
1473 1982 1513 2020 4'5
1528 2005 1535 2017 ,

866 2045 877 2065 1
891 2045 902 2065 1
918 2045 926 2072 ;
942 2033 1033 2066 Bosii
1053 2033 1127 2068 incl.
1148 2034 1182 2066 in
1203 2034 1341 2067 Cornel.
1358 2034 1482 2078 Nepot.
1502 2046 1534 2066 v.

864 2088 1024 2118 Condicio.
1043 2087 1077 2120 S.

909 2151 940 2180 9.
956 2141 1070 2185 Officio
1082 2165 1090 2177 ,
1112 2149 1147 2171 uc
1161 2142 1316 2171 nunciato.
1330 2139 1538 2171 Praefectura

861 2192 971 2224 aerarii
989 2217 997 2232 ,
1027 2205 1132 2238 quam
1167 2193 1269 2238 gessit
1303 2192 1410 2224 aetatis
1446 2204 1538 2224 anno

862 2245 1011 2277 XXXVI
1033 2253 1066 2277 et
1086 2246 1243 2291 proximo
1264 2258 1303 2277 cx
1317 2244 1469 2276 Massoni
1488 2256 1538 2275 ra·

862 2298 1012 2331 tionibus
1029 2324 1037 2338 ‚
1066 2311 1170 2344 quem
1200 2297 1279 2331 vide
1309 2309 1315 2330 :

862 2363 942 2383 vero
960 2359 1117 2384 nostrum
1134 2352 1181 2390 V,
1208 2353 1245 2385 15
1263 2375 1271 2390 ,
1291 2352 1329 2389 5,
1347 2358 1377 2382 et
1394 2350 1423 2381 X
1439 2374 1447 2388 ‚
1471 2362 1510 2380 20
1524 2373 1532 2387 ‚

1349 2296 1537 2341 praesertim

866 2415 876 2434 1
895 2403 1001 2442 3Pan.
1012 2405 1111 2443 XCI,
1130 2416 1158 2437 1.
1175 2404 1218 2436 G.
1236 2424 1279 2428 —
1295 2407 1356 2434 Pro
1372 2404 1535 2433 tribunali.

861 2455 894 2488 li.
908 2471 938 2488 e.
954 2459 984 2488 in
997 2460 1158 2489 tribunali.
1171 2457 1291 2499 Sicpro
1305 2465 1449 2498 suggestu
1457 2479 1466 2491 ,
1475 2467 1536 2496 pro

862 2511 987 2547 rostris,
1010 2510 1090 2542 alia.
1108 2508 1191 2542 Vid.
1214 2510 1308 2541 (jort.
1333 2507 1376 2540 acl
1398 2506 1534 2539 Sallust.

859 2562 938 2607 Jug.
951 2563 1094 2595 LXVII.
1105 2563 1236 2595 Eodem
1248 2561 1351 2593 modo
1359 2559 1465 2591 Graeci
1477 2561 1536 2605 πρὸ

864 2623 1042 2659 usurpant.
1058 2615 1138 2647 Vid.
1156 2615 1282 2646 buln-r.
1302 2611 1345 2645 ad
1366 2611 1536 2651 F101·.IV,

867 2680 883 2698 2
899 2692 907 2707 ,
928 2680 985 2711 91.
1005 2669 1038 2701 S.

917 2732 926 2750 1
937 2734 966 2752 o.
979 2724 1118 2762 Qafeque
1134 2721 1193 2762 ipss
1206 2721 1354 2750 (locellum
1368 2718 1445 2750 Nun
1461 2716 1541 2749 satis

1549 287 1570 319 8

1554 583 1574 610 9

1563 960 1601 980 10
