1742 2989
616 210 961 254 aristoni.
998 213 1080 254 ix.
1484 210 1563 270 107

161 289 282 334 Dede
300 291 466 333 malum
488 301 533 333 et
553 294 717 351 accepi.
747 292 832 335 Sed
863 294 1055 336 Marium
1083 308 1171 335 una
1196 292 1346 334 civitas
1370 291 1541 351 publice
1556 326 1566 342 ,
1591 308 1608 342 4

160 363 373 424 multique
420 364 577 424 privati
620 380 743 408 reum
785 376 1072 427 peregerunt3
1116 367 1161 408 in
1195 364 1436 409 Classicum
1474 374 1565 407 tota

160 438 384 497 provincia
407 437 620 482 incubuit.
647 438 724 482 Ille
746 441 1071 484 accusationem
1095 438 1164 482 vel
1190 437 1470 493 fortuita‚x⁷el
1492 454 1565 480 vo-
1590 442 1608 475 5

158 509 348 554 luntaria
377 520 518 554 morte
558 513 803 572 praevertit3
829 529 931 556 nam
968 513 1050 556 fuit
1086 530 1203 556 mors
1238 512 1330 572 ejus
1365 510 1566 564 infamis,

158 584 363 644 ambigua
389 594 536 627 tamen
564 602 572 627 ε
600 594 649 627 ut
686 586 802 628 enim
837 586 1043 630 credibile
1081 586 1313 630 videbatur
1333 621 1343 637 ‚
1380 584 1565 627 voluisse

156 657 273 699 exire
298 656 351 700 de
378 657 488 708 vita,
514 674 651 718 quum
675 658 850 702 defendi
875 677 965 703 non
990 669 1157 721 posset;
1181 659 1242 702 ita
1267 659 1456 713 mirum,
1481 673 1566 717 pu-

155 728 306 772 dorem
340 729 634 774 damnationis
665 742 806 775 morte
835 733 1020 794 fugisse,
1049 750 1179 794 quem
1218 749 1307 775 non
1342 731 1567 791 puduisset

154 801 404 847 damnanda
434 805 723 849 committere.
753 806 1053 851 Nihilominus
1078 808 1236 850 Baetica
1260 806 1391 849 ctiam
1416 806 1457 847 in
1491 803 1562 847 de-

154 875 292 920 functi
318 879 596 922 accusatione
623 879 873 939 perstabat:
906 882 1131 940 provisum
1161 881 1246 923 hoc
1278 879 1471 938 legibus,
1497 879 1568 920 in-

153 951 401 994 termissum
433 961 603 1007 tamen,
636 962 678 995 et
708 962 805 1013 post
840 953 1016 1014 longam
1049 951 1424 1013 intercapedinem
1460 961 1566 994 tunc

153 1023 398 1068 reductum.
426 1025 705 1069 Addiderunt
732 1026 905 1081 Baetici,
937 1027 1057 1087 quod
1086 1025 1215 1070 simul
1245 1026 1385 1069 socios
1416 1025 1565 1067 minis—

153 1104 331 1156 trosque
357 1096 539 1141 Classici
565 1097 839 1151 detulerunt3
869 1100 1220 1158 nominatimque
1250 1099 1294 1140 in
1324 1114 1397 1142 eos
1424 1098 1566 1156 inqui-

154 1168 357 1212 sitionem
385 1170 734 1228 postulaverunt.
755 1170 947 1214 Aderam
969 1172 1164 1221 Baeticis;
1190 1186 1453 1229 mecumque
1479 1172 1566 1212 Lu-

150 1241 268 1285 ceius
298 1241 510 1297 Albinus,
535 1243 601 1285 vir
632 1244 676 1284 in
703 1243 891 1287 dicendo
926 1244 1131 1303 copiosus
1148 1278 1158 1298 ,
1187 1251 1369 1285 ornatus
1398 1259 1405 1284 :
1432 1258 1562 1302 quem

151 1330 232 1374 ego
258 1331 394 1375 quum
417 1314 521 1358 olim
543 1325 698 1359 mutuo
725 1315 950 1376 diligerem
967 1352 977 1371 ‚
1006 1333 1059 1360 ex
1085 1317 1166 1359 hac
1194 1316 1327 1359 officii
1357 1317 1563 1359 societate

149 1447 254 1479 animi
271 1456 404 1481 motum
426 1448 461 1480 in
477 1450 587 1480 dolore
611 1449 822 1493 cogitemus:

151 1498 318 1533 debemus
331 1499 620 1545 indignationem,
632 1501 733 1541 iram,
748 1514 824 1546 quae

151 1565 190 1584 ex
211 1553 437 1598 improbitatis
461 1553 580 1587 alienae
603 1554 675 1587 acri
697 1554 824 1599 cogita-

150 1605 244 1638 tione
258 1606 380 1638 oritur.
396 1607 485 1639 Nam
499 1606 609 1640 multa
625 1619 751 1652 genera
764 1606 824 1640 do-

148 1657 229 1690 loris
243 1683 252 1698 ‚
276 1659 376 1691 istam
397 1667 634 1699 venustatem,
664 1673 735 1693 nou
764 1659 823 1693 ad-

150 1710 305 1743 mittunt.
320 1711 428 1755 Epist.
447 1712 538 1744 infra
559 1725 598 1744 10
611 1737 619 1751 ‚
639 1714 659 1745 6
677 1724 685 1744 z
709 1728 722 1741 «ι
735 1712 822 1744 Mihi

148 1761 290 1795 difficile
301 1771 350 1795 est
359 1763 428 1796 huc
440 1777 550 1809 usque
560 1764 739 1797 intendere
752 1766 823 1797 ani-

150 1826 245 1847 mum
257 1815 292 1848 in
303 1814 424 1849 dolore
435 1828 444 1856 ;
456 1815 599 1850 difficile
609 1817 773 1850 etvohis.»
782 1818 820 1849 E.

194 1887 240 1891 —
253 1870 338 1900 Dedi
349 1871 469 1900 malum
483 1879 514 1901 et
527 1871 648 1912 accepi,
663 1869 822 1914 Recipro-

148 1931 228 1952 cum
238 1919 274 1953 id
285 1929 349 1961 est,
359 1928 391 1954 et
400 1922 444 1954 ob
455 1921 489 1954 id
500 1922 612 1966 ipsum
626 1929 819 1955 venustum.

150 1974 234 2004 Dedi
256 1985 320 2018 ego
342 1973 459 2007 Africa
484 1978 604 2007 malum
629 1974 820 2008 Classicum

149 2024 278 2059 Baeticis
291 2051 299 2067 ‚
314 2037 345 2058 ec
356 2030 466 2070 accepi
479 2031 597 2060 malum
610 2028 762 2061 Priscum
777 2030 820 2061 al)

148 2077 269 2110 iisdem
289 2090 297 2111 ζ
316 2082 399 2111 Dedi
413 2093 477 2125 ego
491 2081 617 2114 Baetica
631 2106 639 2121 ‚
656 2089 722 2114 etc.
742 2081 785 2113 G.

197 2130 230 2162 5.
254 2135 381 2164 Tamen.
397 2132 489 2165 Cave
505 2133 741 2178 interpreteris
757 2137 820 2165 sal-

149 2191 223 2214 tem.
238 2183 368 2218 Plinius
382 2184 465 2218 dicit
480 2211 488 2225 ‚
504 2198 718 2232 quamquam
733 2187 819 2219 infa-

149 2233 212 2265 mis
228 2235 331 2280 vulgo
347 2249 439 2269 mors
454 2238 600 2271 Classici
619 2238 739 2270 fuisset
751 2263 759 2277 ‚
775 2237 818 2270 de

150 2289 332 2334 αὐτοχειρίᾳ
361 2297 477 2326 tamen
506 2291 693 2323 nonnullos
720 2290 818 2324 dubi-

148 2345 236 2372 tasse
251 2364 260 2380 ,
279 2341 375 2386 quod
394 2343 520 2376 mirum
539 2343 732 2383 videretur,
752 2356 816 2389 pu-

147 2390 268 2425 dorem
283 2393 516 2428 damnationis
535 2404 645 2428 morte
664 2396 791 2440 fugisse
805 2422 813 2435 ‚

147 2456 251 2489 quem
287 2459 358 2480 uon
395 2447 575 2493 puduisset
613 2447 815 2482 damnanda

146 2499 372 2533 committere.
393 2501 488 2546 Saepe
514 2501 561 2533 sic
586 2511 694 2532 lamen
721 2501 817 2545 poni-

147 2557 215 2582 tur.
231 2550 314 2583 Mox
331 2564 338 2584 :
357 2570 372 2581 «
384 2553 563 2585 Provisum
579 2552 646 2585 hoc
661 2552 794 2597 legibus
805 2578 813 2592 ,

148 2601 379 2637 intermissum
394 2613 522 2638 tamen.
539 2606 592 2644 ΙΙ,
613 2617 625 2637 1
640 2631 648 2645 ‚
666 2618 703 2638 12
716 2606 815 2639 .Ver-

148 2652 277 2695 ginium
298 2657 371 2701 jain
398 2657 494 2691 vanis
519 2658 744 2702 imaginibus,
765 2671 815 2691 rc-

149 2707 302 2740 cautibus
324 2717 439 2743 tamen
459 2736 465 2747 ,
489 2710 611 2749 audio,
632 2718 695 2744 etc.
715 2728 727 2740 n
745 2711 777 2745 S.

935 1453 969 1482 6.
980 1452 1143 1481 Provisum
1160 1452 1219 1480 lzoc
1233 1449 1413 1492 ltgz'b115.V.
1427 1462 1460 1493 g.
1472 1448 1496 1481 l.
1514 1450 1561 1485 II,

888 1516 925 1544 π,
939 1501 982 1535 de
997 1503 1080 1548 Leg.
1095 1502 1165 1535 Jul.
1181 1501 1365 1548 repetund.
1387 1501 1538 1535 Scaevola
1553 1514 1560 1533 ς

888 1571 903 1582 «ι
916 1556 1046 1594 Datur,
1066 1555 1181 1600 inquit
1198 1580 1206 1594 ‚
1227 1567 1267 1588 ex
1284 1554 1350 1588 hac
1373 1554 1450 1599 lege
1474 1562 1505 1587 et
1525 1555 1561 1587 iii

886 1607 1030 1641 heredes
1061 1608 1150 1641 actio
1161 1633 1170 1647 ‚
1198 1608 1289 1640 intra
1317 1620 1449 1640 annum
1472 1606 1562 1640 dun-

886 1667 980 1692 taxat
1005 1674 1023 1694 a
1049 1668 1161 1694 morte
1185 1662 1259 1706 ejus
1274 1686 1281 1700 ,
1303 1661 1363 1705 qui
1392 1661 1560 1705 argueba—

888 1720 955 1745 tur.
976 1730 987 1742 ιι
1005 1713 1048 1746 G.

931 1786 977 1790 —
988 1768 1193 1797 Addiderunt
1205 1767 1330 1797 Boetici.
1343 1764 1417 1797 HOC
1427 1777 1557 1797 novum

886 1826 918 1851 et
932 1831 1036 1863 supra
1048 1818 1203 1863 exempla
1213 1818 1390 1862 superiora
1404 1817 1559 1850 institue-

885 1880 978 1905 runt.
994 1872 1037 1904 G.
1049 1892 1095 1896 ——
1108 1871 1242 1904 Meram
1257 1871 1291 1903 in
1305 1869 1358 1903 his
1374 1869 1558 1915 caliginem

885 1937 957 1958 esse
982 1924 1139 1969 queritur
1166 1923 1303 1956 Cortius
1331 1935 1339 1955 ε
1374 1935 1437 1968 ego
1470 1922 1559 1955 nihil

885 1990 983 2010 novae
997 1978 1084 2011 lucis
1098 1976 1272 2009 desidero.
1288 1975 1404 2009 Baetici
1417 1988 1487 2008 uon
1503 1975 1558 2008 de-

884 2030 1042 2063 functum
1059 2037 1195 2062 tantum
1214 2036 1423 2063 accusarunt
1436 2053 1445 2068 ,
1460 2027 1556 2073 quod

882 2083 1015 2127 legibus
1028 2083 1153 2116 licebat
1164 2108 1172 2122 ‚
1185 2081 1245 2116 sed
1261 2090 1292 2115 et
1307 2094 1436 2115 novum
1451 2089 1555 2126 atque

882 2144 983 2169 antea
997 2136 1199 2169 inusitatum
1214 2134 1426 2168 addiderunt
1436 2160 1445 2174 ‚
1459 2133 1553 2180 quod

881 2187 983 2220 simul
1009 2189 1119 2221 socios
1148 2188 1391 2233 ministrosque
1412 2187 1551 2220 Classici

882 2241 1090 2274 detulerunt.
1110 2241 1154 2273 H.

929 2306 960 2337 7.
970 2296 1292 2337 Mccmnqueaneins
1305 2295 1445 2324 Albinus.
1454 2293 1550 2325 Rom.

882 2350 1068 2389 Allecnmque
1090 2351 1125 2379 L.
1154 2348 1309 2378 Albinius.
1335 2346 1380 2377 H.
1401 2365 1446 2368 —
1466 2346 1550 2375 Dili-

878 2411 983 2439 get-em
993 2423 1000 2430 .
1013 2426 1019 2431 .
1031 2424 1038 2430 .
1048 2412 1169 2431 amm-e.
1189 2399 1311 2431 Cicero
1330 2397 1373 2429 ad
1394 2395 1552 2429 Dolabel-

879 2450 948 2483 lam
962 2463 1015 2496 ep.
1030 2452 1100 2492 IX,
1115 2456 1154 2492 ¹4
1169 2476 1177 2491 ‚
1192 2464 1270 2496 pag.
1291 2450 1352 2483 251
1367 2473 1376 2488 ‚
1391 2449 1446 2481 ed.
1462 2450 1545 2482 ΕΓΗ.

882 2519 894 2531 w
911 2503 997 2544 Quis
1016 2511 1110 2543 erat,
1131 2504 1189 2548 qui
1218 2510 1370 2547 putaret,
1397 2501 1440 2534 ad
1468 2514 1548 2534 eum

880 2567 1031 2589 amorem
1044 2582 1052 2595 ‚
1073 2568 1176 2601 quein
1196 2568 1275 2599 erga
1302 2563 1333 2586 to
1352 2554 1521 2587 habebam
1537 2579 1546 2594 ‚

879 2621 976 2652 posse
989 2608 1120 2654 aliquid
1133 2607 1296 2641 accedero
1308 2608 1320 2638 ἰ’
1333 2607 1480 2638 <santum
1493 2619 1546 2639 ac-

880 2661 976 2693 cessit
988 2685 996 2700 ,
1012 2669 1049 2693 ut
1062 2661 1144 2693 mihi
1165 2672 1253 2692 nunc
1268 2658 1416 2703 (lenique
1432 2671 1546 2691 amaro

881 2712 996 2747 videar
1011 2739 1018 2752 ,
1036 2722 1133 2746 antea
1150 2712 1314 2745 ‹lile-<issia
1331 2729 1341 2738 ι»
1366 2712 1398 2743 S.

1593 806 1612 834 (ἰ
