1742 2989
713 80 725 103 N

172 197 254 242 132
587 200 633 240 (3.
670 198 894 241 PLINII
929 199 1051 241 LIB.
1090 198 1154 240 II.

160 280 357 341 judicum
394 296 617 324 consessus
637 315 648 335 ,
677 278 903 323 celebritas
934 279 1244 323 advocatorum
1267 314 1278 334 ,
1307 279 1572 339 exspectatio

166 363 346 398 eventus
361 389 373 409 ,
407 353 522 398 fama
543 370 632 397 non
651 354 780 397 unius
803 352 984 407 actoris,
1010 352 1334 413 deductumque
1357 353 1401 394 in
1426 361 1573 414 partes

166 427 441 472 audientium
470 427 693 472 studium:
725 426 779 470 ad
812 426 896 469 hoc
930 425 1113 469 dicentis
1149 434 1319 487 gestus,
1359 425 1574 477 incessus,

166 500 384 545 discursus
421 502 551 545 etiam
577 537 588 555 ‚
626 500 918 559 omnibusque
951 498 1142 542 motibus
1178 498 1311 541 animi
1343 507 1574 541 consenta-

124 587 127 591 '
167 591 276 618 neus
309 575 435 635 vigor
469 575 676 635 corporis.
716 572 846 617 Unde
884 572 1063 628 accidit,
1091 581 1141 615 ut
1164 571 1233 627 hi,
1266 572 1340 631 qui
1380 570 1579 614 sedentes

168 657 335 708 agunt,
368 647 567 708 quamvis
596 647 679 690 illis
714 646 904 690 maxima
936 662 989 689 ex
1022 654 1146 706 parte
1180 644 1400 705 supersint
1426 644 1577 687 eadem

170 719 241 764 illa
258 756 269 775 ⁷
295 737 391 781 quae
417 721 657 775 stantibus,
684 729 830 763 tamen
859 719 969 774 hoc,
995 718 1111 780 quod
1141 718 1318 774 sedent,
1347 718 1470 778 quasi
1502 717 1580 760 de-

170 794 400 838 bilitentur
440 804 483 838 et
519 794 839 854 deprimantur.
877 792 1175 838 Recitantium
1214 808 1317 836 vero
1359 791 1580 852 praecipua

170 868 545 928 pronuntiationis
565 867 820 927 adjumenta
835 903 846 921 ,
871 866 986 911 oculi
1003 902 1014 922 ,
1036 882 1192 910 manus
1218 864 1549 926 praepediuntur
1569 881 1579 908 :

171 958 259 1001 quo
286 941 431 985 minus
458 942 619 985 mirum
645 951 733 996 est,
759 942 794 985 si
825 940 1076 985 auditorum
1102 939 1289 983 intentio
1314 937 1582 1000 languescit,

171 1092 240 1123 cte,
254 1083 394 1128 opinor,
405 1082 579 1115 Gesnerus
593 1082 732 1115 retinuit
746 1095 843 1124 quas,

172 1145 208 1169 ut
222 1135 267 1168 ad
283 1137 424 1167 actiones
433 1134 615 1174 referatur,
628 1133 724 1179 quod
737 1133 848 1165 omnis

173 1188 336 1221 orationis
347 1187 575 1220 conformatio
586 1187 746 1232 postulat.
758 1188 849 1219 Leve

174 1250 242 1281 est,
262 1239 358 1286 quod
376 1239 546 1285 Gierigius
560 1248 662 1285 negat
678 1252 713 1272 se
728 1238 850 1271 iutelli-

175 1307 254 1340 gere
271 1320 279 1334 ‚
311 1292 488 1339 quomodo
520 1293 594 1326 illas
627 1294 851 1325 commendare

175 1347 281 1392 possit
291 1348 439 1390 judicum
455 1359 627 1378 consessus.
649 1344 780 1387 Quidni
793 1345 850 1390 ju-

177 1400 295 1433 dicum
315 1406 441 1432 attente
465 1398 680 1431 audientium
698 1425 706 1439 ‚
723 1397 777 1430 vel
796 1409 849 1430 so-

179 1451 357 1487 lummodo
372 1452 589 1497 praeseutium
604 1451 751 1496 gravitas
762 1450 852 1482 mul-

179 1516 252 1539 tum
283 1504 496 1538 auctoritatis
523 1504 676 1536 tribuere
708 1501 852 1535 actioni-

183 1561 248 1592 bus
265 1583 273 1598 ‚
305 1556 360 1589 vel
396 1556 533 1589 efficere
562 1555 669 1600 possit
684 1580 692 1594 ‚
725 1562 759 1586 ut
792 1566 854 1586 nec

176 1614 277 1645 ‘actor
287 1610 360 1656 ipse
372 1635 380 1649 ‚
396 1621 458 1642 nec
472 1607 584 1642 caeteri
598 1619 653 1639 eas
664 1604 856 1652 negligant?

182 1677 263 1698 nain
283 1671 470 1707 utrumque
483 1686 491 1701 ‚
511 1661 547 1693 ni
570 1661 688 1699 fallor,
713 1659 748 1691 in
768 1672 854 1691 com-

183 1719 336 1750 mendare
352 1715 450 1747 inest.
468 1715 509 1746 E.
524 1734 568 1738 -—
582 1714 661 1757 Ipse
675 1711 763 1745 vidit
778 1711 857 1744 Gie-

183 1770 290 1815 rigius
304 1794 312 1809 ‚
334 1767 520 1814 posteriora
536 1791 544 1806 ‚
570 1767 618 1797 ad
640 1767 699 1797 lzoc
724 1766 858 1796 dicentis

181 1833 306 1865 gestus,
328 1829 393 1853 etc.
420 1832 499 1852 cum
525 1818 686 1851 Cortiana
712 1817 858 1850 lectione

186 1875 278 1907 coire
292 1886 361 1906 11011
375 1884 486 1918 posse.
507 1871 642 1912 Quibus
658 1870 752 1903 tricis
770 1878 808 1901 ut
825 1882 859 1902 se

187 1927 357 1966 exsolvat,
369 1933 427 1958 aut
437 1927 529 1971 justo
544 1922 769 1969 negligentius
781 1922 860 1955 scri-

186 1980 292 2024 psisse
319 1978 467 2011 Plinium
485 2001 493 2016 ‚
526 1985 584 2009 aut
611 1974 740 2020 aliquid
772 1975 861 2007 infra

188 2032 352 2064 excidisse
392 2039 518 2062 temere
562 2028 688 2061 statuit.
727 2027 861 2060 Mireris

188 2084 440 2127 Heusingerum
459 2080 502 2113 de
521 2080 589 2113 hoc
604 2081 681 2112 loco
697 2092 766 2111 non
782 2092 862 2124 pro-

189 2137 310 2169 nuncia
316 2148 380 2175 sse,
391 2134 548 2178 adeoque
559 2132 603 2166 ad
616 2132 767 2177 ineptum
780 2132 864 2166 illud

191 2203 262 2231 quae
281 2188 446 2220 inclinare
464 2185 587 2219 videri.
602 2185 657 2218 Sic
677 2193 791 2218 autem
810 2186 865 2218 vir

191 2241 345 2286 egregius
359 2251 365 2272 :
382 2256 395 2268 «
405 2240 503 2271 Rom.
521 2248 557 2269 ut
569 2251 630 2280 que
641 2241 767 2270 soleant
782 2251 866 2270 conz-

192 2295 365 2330 meuclare,
393 2291 430 2324 id
456 2299 525 2331 est,
546 2300 580 2322 nt
599 2304 687 2333 qtae,
710 2290 806 2335 quod
825 2303 865 2323 cx

194 2345 322 2378 Medic.
355 2344 492 2377 Cortius
519 2343 706 2376 revocavit.
726 2360 738 2370 »
766 2344 799 2376 S.
820 2364 865 2367 —

194 2401 448 2430 Advocatorum.
462 2396 549 2436 Quia
561 2407 639 2427 mox
648 2395 689 2428 ab
702 2395 741 2427 iis
750 2394 867 2427 (listin-

195 2457 346 2495 guuntur
374 2459 516 2486 actores,
545 2461 646 2481 sensu
675 2448 868 2492 antiquiore

196 2502 298 2535 aulici
315 2509 394 2533 sunt
407 2525 415 2541 ‚
430 2501 490 2546 qui
510 2500 629 2533 sedent
650 2499 683 2531 111
700 2498 867 2531 subselliis

196 2554 414 2599 litigantium.
434 2553 464 2585 Ii
481 2554 666 2585 celebritate
686 2564 748 2584 sua
763 2576 771 2591 ‚
792 2563 866 2583 nia-

198 2619 260 2651 gna
281 2606 470 2652 frequentia
489 2630 497 2645 ,
518 2605 635 2649 utique
657 2616 795 2636 movere
815 2603 867 2636 di-

199 2667 331 2692 centem
349 2665 517 2703 poterant.
538 2658 603 2689 En.
621 2678 665 2681 -—
680 2658 870 2687 Deductum-

201 2721 274 2744 que.
293 2732 299 2738 .
317 2733 322 2738 .
339 2713 504 2742 ‚studitum
526 2711 624 2742 Rom.
645 2710 870 2749 diductumque

913 1084 944 1112 in
958 1090 1070 1124 partes
1090 1081 1290 1111 audientium
1311 1081 1463 1111 studium.
1480 1078 1524 1111 H.
1541 1099 1585 1102 —

913 1134 967 1167 Sic
987 1141 1019 1165 et
1039 1132 1177 1165 Cortius
1192 1157 1200 1172 ‚
1221 1143 1323 1177 quem
1337 1131 1415 1177 jure
1433 1131 1587 1177 sequitur

913 1186 1097 1231 Gierigius.
1117 1185 1276 1217 Placebat
1302 1183 1396 1217 idem
1414 1184 1585 1217 Ernestio.

914 1237 997 1272 Vid.
1018 1246 1132 1271 tamen
1151 1237 1263 1282 ipsum
1281 1236 1438 1270 Cortium
1454 1236 1588 1269 Disser-

915 1300 974 1324 tat.
992 1291 1078 1324 Crit.
1098 1290 1140 1324 de
1160 1303 1225 1323 usu
1244 1290 1335 1323 orth.
1352 1290 1428 1322 Lat.
1446 1302 1482 1335 p.
1502 1290 1565 1330 134
1579 1312 1588 1329 ,

917 1358 992 1390 sqq.
1023 1343 1104 1377 edit.
1132 1343 1268 1376 Altenb.
1289 1344 1323 1376 S.
1344 1363 1389 1367 ——-
1408 1345 1587 1374 Discursus.

917 1397 1018 1429 Hunc
1031 1405 1144 1429 tamen
1163 1403 1194 1428 et
1212 1395 1427 1429 rarissimum
1443 1407 1515 1427 esse
1528 1393 1589 1427 de-

916 1451 1016 1489 here,
1044 1457 1075 1482 ct
1096 1461 1167 1481 11011
1190 1448 1255 1481 11151
1279 1459 1414 1481 summa
1438 1446 1591 1492 quadam

917 1501 1171 1547 opportunitate
1199 1499 1374 1533 moderate
1406 1498 1590 1539 adhiberi,

919 1554 1061 1587 suadent
1089 1553 1152 1587 ista
1179 1553 1408 1594 Quintiliani,
1440 1551 1593 1596 magistri

920 1607 1063 1652 optimi,
1077 1607 1149 1647 XI,
1167 1607 1184 1639 3
1197 1631 1205 1645 ‚
1224 1608 1286 1639 126
1301 1630 1310 1645 ,
1325 1617 1360 1650 p.
1377 1607 1475 1638 1026.
1496 1604 1595 1636 «Pro-

921 1660 1035 1692 cursio
1051 1666 1245 1704 opportuna
1257 1682 1265 1698 ,
1283 1658 1396 1691 brevis
1409 1682 1417 1697 ,
1435 1656 1593 1689 modera-

922 1719 953 1743 ta
968 1738 976 1753 ‚
1002 1724 1092 1744 rara.
1114 1711 1332 1744 Conveniens
1354 1709 1457 1742 etiam
1477 1709 1596 1741 ambu-

922 1764 1003 1796 latio
1023 1762 1181 1809 quaedani
1199 1790 1207 1805 ‚
1227 1771 1368 1808 propter
1394 1760 1596 1794 immodicas

923 1816 1163 1849 laudationum
1175 1827 1288 1848 moras
1300 1827 1307 1854 3
1318 1825 1530 1859 quamquam
1541 1812 1596 1846 Ci-

924 1881 1002 1902 cero
1019 1870 1131 1912 (Orat.
1150 1881 1180 1901 c.
1201 1869 1397 1911 18.)rarun1
1412 1866 1596 1904 incessum,

924 1934 1037 1966 neque
1061 1922 1108 1954 ita
1132 1921 1275 1965 longum
1301 1919 1436 1964 probat.
1461 1918 1598 1950 Discur-

926 1987 999 2007 sare
1024 1987 1129 2014 vero,
1153 1982 1185 2006 et
1210 1972 1305 2017 quod
1329 1970 1499 2003 Domitius
1518 1970 1600 2002 Afer

927 2026 970 2060 de
979 2026 1217 2060 SurioManlio
1229 2023 1332 2063 dixit,
1348 2033 1514 2066 satagere,
1531 2021 1601 2054 ine-

925 2080 1119 2126 ptissimum
1135 2090 1142 2110 :
1160 2079 1360 2121 urbaneque
1374 2075 1513 2108 Flavius
1525 2075 1602 2107 Vir-

929 2133 1043 2178 ginius
1068 2130 1291 2175 interrogavit
1312 2128 1355 2161 de
1369 2127 1523 2173 quodam
1539 2139 1601 2159 suo

928 2184 1155 2229 antisophista
1175 2194 1182 2214 ε
1202 2183 1295 2223 Quot
1315 2180 1421 2213 millia
1437 2190 1600 2225 passuum

929 2235 1183 2271 declamasset?
1202 2252 1215 2263 n
1240 2235 1283 2267 G.

978 2294 1007 2322 3.
1040 2291 1129 2320 Unde
1158 2289 1297 2323 accidit,
1327 2295 1378 2323 ut,
1412 2291 1478 2316 etc.
1504 2285 1597 2316 Rom.

935 2345 1025 2375 Unde
1043 2343 1182 2379 accidit,
1204 2350 1239 2372 ut
1255 2341 1294 2375 ii,
1313 2339 1377 2381 qui.
1397 2336 1441 2369 H.

981 2402 1009 2431 [4.
1054 2396 1167 2431 Oculi,
1201 2404 1314 2425 manus
1347 2390 1600 2433 prassediuntur.

932 2447 985 2479 Illi
1003 2445 1049 2479 ad
1067 2446 1195 2478 librum
1218 2443 1437 2488 respicientes
1453 2465 1462 2480 ‚
1483 2440 1533 2472 hae
1552 2447 1601 2472 te-

934 2506 1051 2532 nentes
1085 2511 1165 2531 eum
1196 2505 1229 2530 et
1259 2495 1464 2529 evolventes.
1489 2492 1533 2525 G.
1559 2512 1603 2517 ——

934 2553 1075 2583 Intentio
1096 2551 1281 2593 languescit.
1309 2549 1404 2580 Rom.
1426 2546 1605 2577 Intentione

935 2605 1128 2646 languescit,
1150 2615 1214 2647 pro
1232 2601 1365 2632 intentio
1384 2597 1603 2641 relanguescit.

935 2656 979 2688 H.
1000 2676 1044 2680 —-
1059 2655 1251 2688 Multorum
1278 2653 1349 2684 haec
1375 2650 1474 2684 lectio
1498 2649 1603 2681 libro-

936 2721 1012 2739 ruin
1029 2732 1036 2746 ‚
1062 2707 1169 2751 proba
1189 2706 1246 2738 illa
1267 2703 1427 2749 quidem,
1449 2698 1601 2731 sed-vul-
