<?xml version="1.0" encoding="UTF-8"?>
<!DOCTYPE html PUBLIC "-//W3C//DTD XHTML 1.0 Transitional//EN"
    "http://www.w3.org/TR/xhtml1/DTD/xhtml1-transitional.dtd">
<html xmlns="http://www.w3.org/1999/xhtml" xml:lang="en" lang="en">
 <head>
  <title>
</title>
<meta http-equiv="Content-Type" content="text/html;charset=utf-8" />
  <meta name='ocr-system' content='tesseract 3.04.00' />
  <meta name='ocr-capabilities' content='ocr_page ocr_carea ocr_par ocr_line ocrx_word'/>
</head>
<body>
  <div class='ocr_page' id='page_1' title='image "./epistolarumlibri01plinuoft_0022.png"; bbox 0 0 1757 2880; ppageno 0'>
   <div class='ocr_carea' id='block_1_1' title="bbox 215 151 1120 195">
    <p class='ocr_par' dir='ltr' id='par_1_1' title="bbox 215 151 1120 195">
     <span class='ocr_line' id='line_1_1' title="bbox 215 151 1120 195; baseline 0 0"><span class='ocrx_word' id='word_1_1' title='bbox 215 169 290 195; x_wconf 64' lang='lat' dir='ltr'>,xvi</span> <span class='ocrx_word' id='word_1_2' title='bbox 760 151 1120 195; x_wconf 64' lang='lat' dir='ltr'>PRAEFATIO</span> 
     </span>
    </p>
   </div>
   <div class='ocr_carea' id='block_1_2' title="bbox 198 267 1641 2609">
    <p class='ocr_par' dir='ltr' id='par_1_2' title="bbox 198 267 1641 2609">
     <span class='ocr_line' id='line_1_2' title="bbox 212 267 1632 330; baseline 0 -16"><span class='ocrx_word' id='word_1_3' title='bbox 212 269 454 314; x_wconf 79' lang='lat' dir='ltr'>Caecinam</span> <span class='ocrx_word' id='word_1_4' title='bbox 479 268 822 325; x_wconf 77' lang='lat' dir='ltr'>Vl,6;Senec.</span> <span class='ocrx_word' id='word_1_5' title='bbox 855 267 999 330; x_wconf 81' lang='lat' dir='ltr'><strong>epist,</strong></span> <span class='ocrx_word' id='word_1_6' title='bbox 1032 284 1136 330; x_wconf 86' lang='lat'>109,</span> <span class='ocrx_word' id='word_1_7' title='bbox 1170 270 1384 324; x_wconf 80' lang='grc'>10,114,</span> <span class='ocrx_word' id='word_1_8' title='bbox 1417 283 1495 326; x_wconf 81' lang='grc'>11,</span> <span class='ocrx_word' id='word_1_9' title='bbox 1530 286 1632 326; x_wconf 83' lang='grc'>121,</span> 
     </span>
     <span class='ocr_line' id='line_1_3' title="bbox 219 348 1641 412; baseline 0.001 -17"><span class='ocrx_word' id='word_1_10' title='bbox 219 367 301 407; x_wconf 80' lang='grc'>12,</span> <span class='ocrx_word' id='word_1_11' title='bbox 344 353 509 397; x_wconf 85' lang='lat' dir='ltr'>Natur.</span> <span class='ocrx_word' id='word_1_12' title='bbox 551 351 726 408; x_wconf 80' lang='lat' dir='ltr'>Quaest.</span> <span class='ocrx_word' id='word_1_13' title='bbox 763 353 812 406; x_wconf 85' lang='grc' dir='ltr'>Ι,</span> <span class='ocrx_word' id='word_1_14' title='bbox 851 348 980 412; x_wconf 74' lang='lat' dir='ltr'>praef.</span> <span class='ocrx_word' id='word_1_15' title='bbox 1010 353 1164 397; x_wconf 82' lang='lat' dir='ltr'>Nemo</span> <span class='ocrx_word' id='word_1_16' title='bbox 1203 362 1272 394; x_wconf 88' lang='grc' dir='ltr'>θεῖ</span> <span class='ocrx_word' id='word_1_17' title='bbox 1297 355 1420 395; x_wconf 75' lang='lat' dir='ltr'>enim</span> <span class='ocrx_word' id='word_1_18' title='bbox 1453 350 1549 396; x_wconf 88' lang='lat' dir='ltr'>Cic.</span> <span class='ocrx_word' id='word_1_19' title='bbox 1581 351 1641 397; x_wconf 90' lang='lat' dir='ltr'>de</span> 
     </span>
     <span class='ocr_line' id='line_1_4' title="bbox 209 430 1637 493; baseline 0.001 -17"><span class='ocrx_word' id='word_1_20' title='bbox 209 435 341 477; x_wconf 82' lang='lat' dir='ltr'>Orat.</span> <span class='ocrx_word' id='word_1_21' title='bbox 362 435 433 487; x_wconf 93' lang='grc' dir='ltr'>ΙΙ,</span> <span class='ocrx_word' id='word_1_22' title='bbox 456 431 512 476; x_wconf 92' lang='grc'>82</span> <span class='ocrx_word' id='word_1_23' title='bbox 531 448 542 483; x_wconf 75' lang='grc' dir='ltr'><strong>ς</strong></span> <span class='ocrx_word' id='word_1_24' title='bbox 568 432 703 493; x_wconf 83' lang='lat' dir='ltr'><strong>epist.</strong></span> <span class='ocrx_word' id='word_1_25' title='bbox 727 431 785 476; x_wconf 87' lang='lat' dir='ltr'>ad</span> <span class='ocrx_word' id='word_1_26' title='bbox 807 431 1062 476; x_wconf 81' lang='lat' dir='ltr'>Lentulum</span> <span class='ocrx_word' id='word_1_27' title='bbox 1079 435 1119 488; x_wconf 93' lang='grc' dir='ltr'>Ι,</span> <span class='ocrx_word' id='word_1_28' title='bbox 1136 433 1191 487; x_wconf 88' lang='grc'>4,</span> <span class='ocrx_word' id='word_1_29' title='bbox 1217 430 1294 493; x_wconf 61' lang='lat' dir='ltr'>(ad,</span> <span class='ocrx_word' id='word_1_30' title='bbox 1313 448 1458 493; x_wconf 90' lang='lat' dir='ltr'>quem</span> <span class='ocrx_word' id='word_1_31' title='bbox 1477 432 1637 478; x_wconf 88' lang='lat' dir='ltr'>locum</span> 
     </span>
     <span class='ocr_line' id='line_1_5' title="bbox 208 512 1635 577; baseline 0.001 -19"><span class='ocrx_word' id='word_1_32' title='bbox 208 530 429 576; x_wconf 87' lang='lat' dir='ltr'>nuperus</span> <span class='ocrx_word' id='word_1_33' title='bbox 453 513 607 558; x_wconf 83' lang='lat' dir='ltr'>editor</span> <span class='ocrx_word' id='word_1_34' title='bbox 629 514 679 558; x_wconf 90' lang='lat' dir='ltr'>in</span> <span class='ocrx_word' id='word_1_35' title='bbox 700 512 946 558; x_wconf 83' lang='lat' dir='ltr'>Animadv.</span> <span class='ocrx_word' id='word_1_36' title='bbox 969 523 1014 558; x_wconf 88' lang='lat' dir='ltr'>et</span> <span class='ocrx_word' id='word_1_37' title='bbox 1036 513 1283 559; x_wconf 79' lang='lat' dir='ltr'><strong>Emendat.</strong></span> <span class='ocrx_word' id='word_1_38' title='bbox 1310 513 1463 559; x_wconf 85' lang='lat' dir='ltr'>Libris</span> <span class='ocrx_word' id='word_1_39' title='bbox 1478 550 1490 570; x_wconf 91' lang='grc'>,</span> <span class='ocrx_word' id='word_1_40' title='bbox 1512 531 1635 577; x_wconf 91' lang='lat' dir='ltr'>quos</span> 
     </span>
     <span class='ocr_line' id='line_1_6' title="bbox 209 595 1633 659; baseline 0.001 -19"><span class='ocrx_word' id='word_1_41' title='bbox 209 595 480 641; x_wconf 84' lang='lat' dir='ltr'>avidissime</span> <span class='ocrx_word' id='word_1_42' title='bbox 508 605 860 658; x_wconf 79' lang='lat' dir='ltr'>exspectamus;</span> <span class='ocrx_word' id='word_1_43' title='bbox 887 616 906 637; x_wconf 86' lang='lat'>«</span> <span class='ocrx_word' id='word_1_44' title='bbox 929 596 1003 641; x_wconf 89' lang='lat' dir='ltr'>Sic</span> <span class='ocrx_word' id='word_1_45' title='bbox 1029 597 1192 659; x_wconf 88' lang='lat' dir='ltr'>scripti</span> <span class='ocrx_word' id='word_1_46' title='bbox 1218 612 1385 641; x_wconf 87' lang='lat' dir='ltr'>omnes</span> <span class='ocrx_word' id='word_1_47' title='bbox 1407 597 1502 642; x_wconf 88' lang='lat' dir='ltr'>mei</span> <span class='ocrx_word' id='word_1_48' title='bbox 1523 613 1633 642; x_wconf 90' lang='lat' dir='ltr'>cum</span> 
     </span>
     <span class='ocr_line' id='line_1_7' title="bbox 214 676 1638 740; baseline 0.002 -19"><span class='ocrx_word' id='word_1_49' title='bbox 214 676 563 723; x_wconf 81' lang='lat' dir='ltr'>Mediolanensi</span> <span class='ocrx_word' id='word_1_50' title='bbox 606 680 752 740; x_wconf 89' lang='grc'>1472,</span> <span class='ocrx_word' id='word_1_51' title='bbox 779 680 977 723; x_wconf 86' lang='lat' dir='ltr'>Vetusta</span> <span class='ocrx_word' id='word_1_52' title='bbox 1015 679 1065 723; x_wconf 88' lang='lat' dir='ltr'>in</span> <span class='ocrx_word' id='word_1_53' title='bbox 1104 676 1419 734; x_wconf 77' lang='lat' dir='ltr'>membranis,</span> <span class='ocrx_word' id='word_1_54' title='bbox 1457 678 1638 724; x_wconf 85' lang='lat' dir='ltr'>Aldinis</span> 
     </span>
     <span class='ocr_line' id='line_1_8' title="bbox 214 759 1636 822; baseline 0.001 -18"><span class='ocrx_word' id='word_1_55' title='bbox 214 760 514 821; x_wconf 87' lang='lat' dir='ltr'>Manutiique</span> <span class='ocrx_word' id='word_1_56' title='bbox 535 759 842 805; x_wconf 83' lang='lat' dir='ltr'>editionibus.</span> <span class='ocrx_word' id='word_1_57' title='bbox 873 763 1028 806; x_wconf 82' lang='lat' dir='ltr'>Nemo</span> <span class='ocrx_word' id='word_1_58' title='bbox 1049 763 1176 804; x_wconf 81' lang='lat' dir='ltr'>enim</span> <span class='ocrx_word' id='word_1_59' title='bbox 1202 770 1271 804; x_wconf 86' lang='grc' dir='ltr'>θεῖ</span> <span class='ocrx_word' id='word_1_60' title='bbox 1285 762 1469 805; x_wconf 86' lang='lat' dir='ltr'>Veneta</span> <span class='ocrx_word' id='word_1_61' title='bbox 1493 760 1636 822; x_wconf 79' lang='grc'>1476,</span> 
     </span>
     <span class='ocr_line' id='line_1_9' title="bbox 214 841 1635 905; baseline -0.001 -18"><span class='ocrx_word' id='word_1_62' title='bbox 214 844 397 887; x_wconf 90' lang='lat' dir='ltr'>Veneta</span> <span class='ocrx_word' id='word_1_63' title='bbox 434 844 580 904; x_wconf 86' lang='grc'>1492,</span> <span class='ocrx_word' id='word_1_64' title='bbox 617 842 988 888; x_wconf 85' lang='lat' dir='ltr'>Mediolanensis</span> <span class='ocrx_word' id='word_1_65' title='bbox 1034 841 1177 905; x_wconf 77' lang='grc'>1493,</span> <span class='ocrx_word' id='word_1_66' title='bbox 1211 858 1318 887; x_wconf 87' lang='lat' dir='ltr'>cum</span> <span class='ocrx_word' id='word_1_67' title='bbox 1347 841 1635 904; x_wconf 86' lang='lat' dir='ltr'>quibusdam</span> 
     </span>
     <span class='ocr_line' id='line_1_10' title="bbox 214 922 1636 986; baseline 0.002 -20"><span class='ocrx_word' id='word_1_68' title='bbox 214 922 327 967; x_wconf 86' lang='lat' dir='ltr'>aliis.</span> <span class='ocrx_word' id='word_1_69' title='bbox 362 923 484 968; x_wconf 81' lang='lat' dir='ltr'>Illud</span> <span class='ocrx_word' id='word_1_70' title='bbox 518 924 664 986; x_wconf 81' lang='lat' dir='ltr'>magis</span> <span class='ocrx_word' id='word_1_71' title='bbox 698 924 983 969; x_wconf 85' lang='lat' dir='ltr'>Tullianum.</span> <span class='ocrx_word' id='word_1_72' title='bbox 1022 928 1092 969; x_wconf 83' lang='lat' dir='ltr'>Ita</span> <span class='ocrx_word' id='word_1_73' title='bbox 1125 924 1266 969; x_wconf 86' lang='lat' dir='ltr'>etiam</span> <span class='ocrx_word' id='word_1_74' title='bbox 1294 924 1343 968; x_wconf 87' lang='lat' dir='ltr'>in</span> <span class='ocrx_word' id='word_1_75' title='bbox 1373 925 1636 986; x_wconf 72' lang='lat' dir='ltr'>interroga-</span> 
     </span>
     <span class='ocr_line' id='line_1_11' title="bbox 211 1004 1634 1069; baseline 0.002 -22"><span class='ocrx_word' id='word_1_76' title='bbox 211 1004 446 1062; x_wconf 82' lang='lat' dir='ltr'>tionibus,</span> <span class='ocrx_word' id='word_1_77' title='bbox 475 1006 677 1067; x_wconf 78' lang='lat' dir='ltr'>quidest</span> <span class='ocrx_word' id='word_1_78' title='bbox 702 1010 825 1050; x_wconf 71' lang='lat' dir='ltr'>enlm</span> <span class='ocrx_word' id='word_1_79' title='bbox 841 1007 863 1048; x_wconf 69' lang='grc' dir='ltr'><em>Ρ</em></span> <span class='ocrx_word' id='word_1_80' title='bbox 889 1005 1011 1069; x_wconf 76' lang='lat' dir='ltr'>quid</span> <span class='ocrx_word' id='word_1_81' title='bbox 1034 1017 1099 1050; x_wconf 87' lang='grc' dir='ltr'>θεῖ</span> <span class='ocrx_word' id='word_1_82' title='bbox 1122 1006 1297 1068; x_wconf 63' lang='lat' dir='ltr'>egitur?</span> <span class='ocrx_word' id='word_1_83' title='bbox 1326 1005 1506 1068; x_wconf 86' lang='lat' dir='ltr'>ubique</span> <span class='ocrx_word' id='word_1_84' title='bbox 1534 1022 1634 1050; x_wconf 88' lang='lat' dir='ltr'>ma-</span> 
     </span>
     <span class='ocr_line' id='line_1_12' title="bbox 202 1085 1631 1150; baseline 0.002 -21"><span class='ocrx_word' id='word_1_85' title='bbox 202 1085 315 1142; x_wconf 75' lang='lat' dir='ltr'>luit,</span> <span class='ocrx_word' id='word_1_86' title='bbox 345 1103 513 1148; x_wconf 77' lang='lat' dir='ltr'>quam,</span> <span class='ocrx_word' id='word_1_87' title='bbox 542 1087 673 1149; x_wconf 87' lang='lat' dir='ltr'>quod</span> <span class='ocrx_word' id='word_1_88' title='bbox 698 1088 747 1131; x_wconf 85' lang='lat' dir='ltr'>in</span> <span class='ocrx_word' id='word_1_89' title='bbox 774 1087 912 1132; x_wconf 87' lang='lat' dir='ltr'>editis</span> <span class='ocrx_word' id='word_1_90' title='bbox 941 1104 1110 1150; x_wconf 88' lang='lat' dir='ltr'>parum</span> <span class='ocrx_word' id='word_1_91' title='bbox 1139 1088 1401 1132; x_wconf 85' lang='lat' dir='ltr'>emendatis</span> <span class='ocrx_word' id='word_1_92' title='bbox 1431 1089 1631 1132; x_wconf 86' lang='lat' dir='ltr'>circum-</span> 
     </span>
     <span class='ocr_line' id='line_1_13' title="bbox 203 1166 1635 1232; baseline 0.001 -21"><span class='ocrx_word' id='word_1_93' title='bbox 203 1166 371 1224; x_wconf 76' lang='lat' dir='ltr'>fertur,</span> <span class='ocrx_word' id='word_1_94' title='bbox 395 1168 516 1231; x_wconf 75' lang='lat' dir='ltr'>qaid</span> <span class='ocrx_word' id='word_1_95' title='bbox 530 1172 656 1213; x_wconf 74' lang='lat' dir='ltr'>enim</span> <span class='ocrx_word' id='word_1_96' title='bbox 675 1170 774 1214; x_wconf 72' lang='lat' dir='ltr'>est?</span> <span class='ocrx_word' id='word_1_97' title='bbox 791 1168 913 1231; x_wconf 76' lang='lat' dir='ltr'>quid</span> <span class='ocrx_word' id='word_1_98' title='bbox 930 1172 1068 1232; x_wconf 72' lang='lat' dir='ltr'>igitar</span> <span class='ocrx_word' id='word_1_99' title='bbox 1087 1179 1155 1214; x_wconf 86' lang='grc' dir='ltr'>θεῖ</span> <span class='ocrx_word' id='word_1_100' title='bbox 1168 1170 1191 1212; x_wconf 73' lang='grc' dir='ltr'><em>Ρ</em></span> <span class='ocrx_word' id='word_1_101' title='bbox 1203 1168 1242 1229; x_wconf 85' lang='grc'>»)</span> <span class='ocrx_word' id='word_1_102' title='bbox 1259 1171 1312 1215; x_wconf 88' lang='grc' dir='ltr'><em>Ν</em></span> <span class='ocrx_word' id='word_1_103' title='bbox 1311 1169 1405 1213; x_wconf 70' lang='lat' dir='ltr'>ihil</span> <span class='ocrx_word' id='word_1_104' title='bbox 1422 1180 1487 1214; x_wconf 88' lang='grc' dir='ltr'>θεῖ</span> <span class='ocrx_word' id='word_1_105' title='bbox 1508 1173 1635 1213; x_wconf 82' lang='lat' dir='ltr'>enim</span> 
     </span>
     <span class='ocr_line' id='line_1_14' title="bbox 203 1249 1629 1312; baseline -0.001 -18"><span class='ocrx_word' id='word_1_106' title='bbox 203 1250 302 1294; x_wconf 89' lang='lat' dir='ltr'>Cic.</span> <span class='ocrx_word' id='word_1_107' title='bbox 327 1249 385 1294; x_wconf 86' lang='lat' dir='ltr'>de</span> <span class='ocrx_word' id='word_1_108' title='bbox 405 1253 536 1295; x_wconf 88' lang='lat' dir='ltr'>Orat.</span> <span class='ocrx_word' id='word_1_109' title='bbox 566 1254 610 1307; x_wconf 88' lang='grc' dir='ltr'>Ι,</span> <span class='ocrx_word' id='word_1_110' title='bbox 639 1250 722 1302; x_wconf 83' lang='grc'>28,</span> <span class='ocrx_word' id='word_1_111' title='bbox 754 1253 830 1307; x_wconf 87' lang='grc'>41,</span> <span class='ocrx_word' id='word_1_112' title='bbox 850 1253 920 1307; x_wconf 89' lang='grc' dir='ltr'>ΙΙ,</span> <span class='ocrx_word' id='word_1_113' title='bbox 953 1253 1037 1305; x_wconf 89' lang='grc'>24,</span> <span class='ocrx_word' id='word_1_114' title='bbox 1065 1251 1150 1306; x_wconf 89' lang='grc'>42,</span> <span class='ocrx_word' id='word_1_115' title='bbox 1176 1253 1264 1307; x_wconf 89' lang='grc' dir='ltr'>ΙΙΙ,</span> <span class='ocrx_word' id='word_1_116' title='bbox 1295 1267 1369 1312; x_wconf 94' lang='grc'>27,</span> <span class='ocrx_word' id='word_1_117' title='bbox 1397 1249 1484 1306; x_wconf 81' lang='grc'>45,</span> <span class='ocrx_word' id='word_1_118' title='bbox 1512 1250 1629 1294; x_wconf 89' lang='lat' dir='ltr'>Plin.</span> 
     </span>
     <span class='ocr_line' id='line_1_15' title="bbox 202 1331 1630 1394; baseline 0 -19"><span class='ocrx_word' id='word_1_119' title='bbox 202 1332 340 1394; x_wconf 85' lang='lat' dir='ltr'>epist.</span> <span class='ocrx_word' id='word_1_120' title='bbox 388 1348 439 1393; x_wconf 85' lang='lat'>9,</span> <span class='ocrx_word' id='word_1_121' title='bbox 475 1332 565 1388; x_wconf 75' lang='grc'>32,</span> <span class='ocrx_word' id='word_1_122' title='bbox 596 1335 707 1378; x_wconf 72' lang='lat' dir='ltr'>Non</span> <span class='ocrx_word' id='word_1_123' title='bbox 739 1342 809 1377; x_wconf 87' lang='grc' dir='ltr'>θεῖ</span> <span class='ocrx_word' id='word_1_124' title='bbox 838 1336 964 1376; x_wconf 78' lang='lat' dir='ltr'>enim</span> <span class='ocrx_word' id='word_1_125' title='bbox 1001 1333 1096 1377; x_wconf 86' lang='lat' dir='ltr'>Cic.</span> <span class='ocrx_word' id='word_1_126' title='bbox 1143 1331 1202 1376; x_wconf 88' lang='lat' dir='ltr'>de</span> <span class='ocrx_word' id='word_1_127' title='bbox 1243 1335 1374 1376; x_wconf 84' lang='lat' dir='ltr'>Orat.</span> <span class='ocrx_word' id='word_1_128' title='bbox 1419 1334 1507 1388; x_wconf 89' lang='grc' dir='ltr'>ΙΙΙ,</span> <span class='ocrx_word' id='word_1_129' title='bbox 1544 1348 1630 1388; x_wconf 87' lang='grc'>21,</span> 
     </span>
     <span class='ocr_line' id='line_1_16' title="bbox 200 1413 1625 1476; baseline 0 -19"><span class='ocrx_word' id='word_1_130' title='bbox 200 1416 366 1459; x_wconf 88' lang='lat' dir='ltr'>Senec.</span> <span class='ocrx_word' id='word_1_131' title='bbox 407 1415 543 1476; x_wconf 82' lang='lat' dir='ltr'>epist.</span> <span class='ocrx_word' id='word_1_132' title='bbox 581 1413 660 1472; x_wconf 88' lang='grc'>85,</span> <span class='ocrx_word' id='word_1_133' title='bbox 695 1416 776 1470; x_wconf 91' lang='grc'>24,</span> <span class='ocrx_word' id='word_1_134' title='bbox 813 1417 992 1460; x_wconf 78' lang='lat' dir='ltr'>Nostra</span> <span class='ocrx_word' id='word_1_135' title='bbox 1022 1425 1092 1459; x_wconf 89' lang='grc' dir='ltr'>θεῖ</span> <span class='ocrx_word' id='word_1_136' title='bbox 1114 1418 1240 1458; x_wconf 74' lang='lat' dir='ltr'>enim</span> <span class='ocrx_word' id='word_1_137' title='bbox 1271 1414 1366 1459; x_wconf 86' lang='lat' dir='ltr'>Cic.</span> <span class='ocrx_word' id='word_1_138' title='bbox 1407 1413 1465 1458; x_wconf 92' lang='lat' dir='ltr'>de</span> <span class='ocrx_word' id='word_1_139' title='bbox 1496 1415 1625 1457; x_wconf 83' lang='lat' dir='ltr'>Orat.</span> 
     </span>
     <span class='ocr_line' id='line_1_17' title="bbox 204 1495 1629 1551; baseline 0 -12"><span class='ocrx_word' id='word_1_140' title='bbox 204 1498 296 1551; x_wconf 93' lang='grc' dir='ltr'>ΙΙΙ,</span> <span class='ocrx_word' id='word_1_141' title='bbox 324 1495 408 1551; x_wconf 65' lang='grc'>31,</span> <span class='ocrx_word' id='word_1_142' title='bbox 441 1495 638 1542; x_wconf 75' lang='lat' dir='ltr'>Nullam</span> <span class='ocrx_word' id='word_1_143' title='bbox 676 1508 746 1541; x_wconf 86' lang='grc' dir='ltr'>θεῖ</span> <span class='ocrx_word' id='word_1_144' title='bbox 772 1501 895 1541; x_wconf 79' lang='lat' dir='ltr'>enim</span> <span class='ocrx_word' id='word_1_145' title='bbox 931 1498 1029 1542; x_wconf 89' lang='lat' dir='ltr'>Cic.</span> <span class='ocrx_word' id='word_1_146' title='bbox 1069 1495 1128 1541; x_wconf 88' lang='lat' dir='ltr'>de</span> <span class='ocrx_word' id='word_1_147' title='bbox 1158 1499 1284 1541; x_wconf 87' lang='lat' dir='ltr'>Orat.</span> <span class='ocrx_word' id='word_1_148' title='bbox 1324 1499 1371 1550; x_wconf 87' lang='grc' dir='ltr'>Ι,</span> <span class='ocrx_word' id='word_1_149' title='bbox 1410 1496 1501 1550; x_wconf 87' lang='grc'>48,</span> <span class='ocrx_word' id='word_1_150' title='bbox 1535 1498 1629 1551; x_wconf 90' lang='grc' dir='ltr'>ΙΙΙ,</span> 
     </span>
     <span class='ocr_line' id='line_1_18' title="bbox 207 1575 1625 1640; baseline 0 -19"><span class='ocrx_word' id='word_1_151' title='bbox 207 1575 259 1633; x_wconf 87' lang='grc'>5,</span> <span class='ocrx_word' id='word_1_152' title='bbox 305 1576 380 1638; x_wconf 91' lang='grc'>57,</span> <span class='ocrx_word' id='word_1_153' title='bbox 421 1577 533 1622; x_wconf 88' lang='lat' dir='ltr'>Plin.</span> <span class='ocrx_word' id='word_1_154' title='bbox 576 1578 712 1640; x_wconf 88' lang='lat' dir='ltr'>epist.</span> <span class='ocrx_word' id='word_1_155' title='bbox 745 1581 831 1633; x_wconf 79' lang='lat' dir='ltr'>VI,</span> <span class='ocrx_word' id='word_1_156' title='bbox 872 1595 946 1632; x_wconf 90' lang='grc'>21,</span> <span class='ocrx_word' id='word_1_157' title='bbox 983 1581 1039 1635; x_wconf 97' lang='grc'>4,</span> <span class='ocrx_word' id='word_1_158' title='bbox 1076 1581 1303 1640; x_wconf 82' lang='lat' dir='ltr'>Panegyr.</span> <span class='ocrx_word' id='word_1_159' title='bbox 1346 1579 1532 1631; x_wconf 79' lang='lat' dir='ltr'>XXVI,</span> <span class='ocrx_word' id='word_1_160' title='bbox 1568 1578 1625 1633; x_wconf 88' lang='grc'>4,</span> 
     </span>
     <span class='ocr_line' id='line_1_19' title="bbox 209 1657 1627 1721; baseline 0.001 -20"><span class='ocrx_word' id='word_1_161' title='bbox 209 1660 385 1702; x_wconf 74' lang='lat' dir='ltr'>Omnia</span> <span class='ocrx_word' id='word_1_162' title='bbox 415 1670 524 1703; x_wconf 77' lang='grc' dir='ltr'><em>ειιηῖ</em></span> <span class='ocrx_word' id='word_1_163' title='bbox 560 1664 686 1705; x_wconf 77' lang='lat' dir='ltr'>enim</span> <span class='ocrx_word' id='word_1_164' title='bbox 715 1661 814 1704; x_wconf 87' lang='lat' dir='ltr'>Cic.</span> <span class='ocrx_word' id='word_1_165' title='bbox 842 1660 901 1705; x_wconf 87' lang='lat' dir='ltr'>de</span> <span class='ocrx_word' id='word_1_166' title='bbox 934 1663 1066 1705; x_wconf 88' lang='lat' dir='ltr'>Orat.</span> <span class='ocrx_word' id='word_1_167' title='bbox 1101 1664 1146 1715; x_wconf 88' lang='lat'>1,</span> <span class='ocrx_word' id='word_1_168' title='bbox 1173 1660 1256 1716; x_wconf 79' lang='grc'>43,</span> <span class='ocrx_word' id='word_1_169' title='bbox 1280 1669 1333 1705; x_wconf 87' lang='lat' dir='ltr'>ut</span> <span class='ocrx_word' id='word_1_170' title='bbox 1369 1657 1627 1721; x_wconf 80' lang='lat' dir='ltr'>legendum</span> 
     </span>
     <span class='ocr_line' id='line_1_20' title="bbox 205 1740 1629 1804; baseline 0 -20"><span class='ocrx_word' id='word_1_171' title='bbox 205 1756 261 1784; x_wconf 82' lang='lat' dir='ltr'>ex</span> <span class='ocrx_word' id='word_1_172' title='bbox 289 1740 534 1785; x_wconf 85' lang='lat' dir='ltr'>codicibus</span> <span class='ocrx_word' id='word_1_173' title='bbox 561 1740 807 1786; x_wconf 85' lang='lat' dir='ltr'>Guelferb.</span> <span class='ocrx_word' id='word_1_174' title='bbox 839 1742 981 1804; x_wconf 84' lang='lat' dir='ltr'>vulgo</span> <span class='ocrx_word' id='word_1_175' title='bbox 1010 1757 1263 1804; x_wconf 78' lang='lat' dir='ltr'>perperam</span> <span class='ocrx_word' id='word_1_176' title='bbox 1301 1744 1476 1786; x_wconf 75' lang='lat' dir='ltr'>Omnia</span> <span class='ocrx_word' id='word_1_177' title='bbox 1504 1744 1629 1784; x_wconf 75' lang='lat' dir='ltr'>enim</span> 
     </span>
     <span class='ocr_line' id='line_1_21' title="bbox 201 1822 1621 1884; baseline -0.001 -17"><span class='ocrx_word' id='word_1_178' title='bbox 201 1832 319 1867; x_wconf 79' lang='grc' dir='ltr'><em>εαηῖ.</em></span> <span class='ocrx_word' id='word_1_179' title='bbox 345 1826 508 1867; x_wconf 71' lang='lat' dir='ltr'>Prima</span> <span class='ocrx_word' id='word_1_180' title='bbox 526 1833 595 1868; x_wconf 82' lang='lat' dir='ltr'>est</span> <span class='ocrx_word' id='word_1_181' title='bbox 613 1827 734 1868; x_wconf 77' lang='lat' dir='ltr'>enim</span> <span class='ocrx_word' id='word_1_182' title='bbox 761 1824 856 1868; x_wconf 89' lang='lat' dir='ltr'>Cic.</span> <span class='ocrx_word' id='word_1_183' title='bbox 886 1822 945 1868; x_wconf 93' lang='lat' dir='ltr'>de</span> <span class='ocrx_word' id='word_1_184' title='bbox 962 1826 1094 1868; x_wconf 88' lang='lat' dir='ltr'>Orat.</span> <span class='ocrx_word' id='word_1_185' title='bbox 1122 1826 1188 1877; x_wconf 93' lang='grc' dir='ltr'>ΙΙ,</span> <span class='ocrx_word' id='word_1_186' title='bbox 1216 1823 1298 1884; x_wconf 88' lang='grc'>78,</span> <span class='ocrx_word' id='word_1_187' title='bbox 1322 1825 1621 1884; x_wconf 78' lang='lat' dir='ltr'>Propositum</span> 
     </span>
     <span class='ocr_line' id='line_1_22' title="bbox 200 1904 1623 1966; baseline -0.001 -19"><span class='ocrx_word' id='word_1_188' title='bbox 200 1915 266 1948; x_wconf 85' lang='grc' dir='ltr'>θεῖ</span> <span class='ocrx_word' id='word_1_189' title='bbox 288 1908 411 1948; x_wconf 78' lang='lat' dir='ltr'>enim</span> <span class='ocrx_word' id='word_1_190' title='bbox 438 1904 555 1948; x_wconf 87' lang='lat' dir='ltr'>Plin.</span> <span class='ocrx_word' id='word_1_191' title='bbox 586 1909 815 1966; x_wconf 81' lang='lat' dir='ltr'>Panegyr.</span> <span class='ocrx_word' id='word_1_192' title='bbox 840 1907 970 1958; x_wconf 85' lang='lat' dir='ltr'>LVI,</span> <span class='ocrx_word' id='word_1_193' title='bbox 1007 1921 1053 1959; x_wconf 81' lang='grc' dir='ltr'>Ι,</span> <span class='ocrx_word' id='word_1_194' title='bbox 1082 1908 1400 1965; x_wconf 70' lang='lat' dir='ltr'>Prosequutzzs</span> <span class='ocrx_word' id='word_1_195' title='bbox 1424 1919 1470 1947; x_wconf 90' lang='grc' dir='ltr'>θε</span> <span class='ocrx_word' id='word_1_196' title='bbox 1497 1905 1623 1946; x_wconf 81' lang='lat' dir='ltr'>enim</span> 
     </span>
     <span class='ocr_line' id='line_1_23' title="bbox 200 1984 1624 2048; baseline 0 -20"><span class='ocrx_word' id='word_1_197' title='bbox 200 1985 316 2028; x_wconf 83' lang='lat' dir='ltr'>Plin.</span> <span class='ocrx_word' id='word_1_198' title='bbox 345 1989 570 2048; x_wconf 71' lang='lat' dir='ltr'>Panegyr.</span> <span class='ocrx_word' id='word_1_199' title='bbox 597 1989 861 2043; x_wconf 75' lang='lat' dir='ltr'>LXXXVI,</span> <span class='ocrx_word' id='word_1_200' title='bbox 889 1987 940 2043; x_wconf 78' lang='grc'>3,</span> <span class='ocrx_word' id='word_1_201' title='bbox 969 2004 1026 2031; x_wconf 85' lang='lat' dir='ltr'>ex</span> <span class='ocrx_word' id='word_1_202' title='bbox 1051 2002 1157 2031; x_wconf 84' lang='lat' dir='ltr'>vera</span> <span class='ocrx_word' id='word_1_203' title='bbox 1177 1986 1343 2030; x_wconf 89' lang='lat' dir='ltr'>Baunii</span> <span class='ocrx_word' id='word_1_204' title='bbox 1370 1984 1624 2029; x_wconf 77' lang='lat' dir='ltr'>correctio-</span> 
     </span>
     <span class='ocr_line' id='line_1_24' title="bbox 200 2066 1621 2128; baseline -0.001 -20"><span class='ocrx_word' id='word_1_205' title='bbox 200 2082 276 2109; x_wconf 87' lang='lat' dir='ltr'>ne.</span> <span class='ocrx_word' id='word_1_206' title='bbox 309 2067 429 2123; x_wconf 63' lang='lat' dir='ltr'>Qua?</span> <span class='ocrx_word' id='word_1_207' title='bbox 454 2075 521 2110; x_wconf 85' lang='grc' dir='ltr'><em>θεῖ</em></span> <span class='ocrx_word' id='word_1_208' title='bbox 543 2070 665 2110; x_wconf 73' lang='lat' dir='ltr'>enim</span> <span class='ocrx_word' id='word_1_209' title='bbox 691 2067 785 2112; x_wconf 86' lang='lat' dir='ltr'>Cic.</span> <span class='ocrx_word' id='word_1_210' title='bbox 817 2066 875 2111; x_wconf 91' lang='lat' dir='ltr'>de</span> <span class='ocrx_word' id='word_1_211' title='bbox 903 2070 1030 2112; x_wconf 82' lang='lat' dir='ltr'>Orat.</span> <span class='ocrx_word' id='word_1_212' title='bbox 1060 2070 1129 2123; x_wconf 83' lang='grc' dir='ltr'>Π,</span> <span class='ocrx_word' id='word_1_213' title='bbox 1159 2067 1243 2128; x_wconf 91' lang='grc'>89,</span> <span class='ocrx_word' id='word_1_214' title='bbox 1270 2070 1426 2124; x_wconf 74' lang='lat' dir='ltr'>Quam</span> <span class='ocrx_word' id='word_1_215' title='bbox 1447 2067 1621 2126; x_wconf 74' lang='lat' dir='ltr'>specio-</span> 
     </span>
     <span class='ocr_line' id='line_1_25' title="bbox 198 2146 1620 2210; baseline 0 -21"><span class='ocrx_word' id='word_1_216' title='bbox 198 2163 301 2190; x_wconf 77' lang='lat' dir='ltr'>sum</span> <span class='ocrx_word' id='word_1_217' title='bbox 319 2158 382 2192; x_wconf 89' lang='grc' dir='ltr'>θεῖ</span> <span class='ocrx_word' id='word_1_218' title='bbox 400 2152 526 2192; x_wconf 79' lang='lat' dir='ltr'>enim</span> <span class='ocrx_word' id='word_1_219' title='bbox 546 2148 664 2192; x_wconf 77' lang='lat' dir='ltr'>Plin.</span> <span class='ocrx_word' id='word_1_220' title='bbox 692 2151 920 2210; x_wconf 78' lang='lat' dir='ltr'>Panegyr.</span> <span class='ocrx_word' id='word_1_221' title='bbox 942 2151 1121 2203; x_wconf 80' lang='lat' dir='ltr'>XVIII,</span> <span class='ocrx_word' id='word_1_222' title='bbox 1147 2165 1186 2203; x_wconf 90' lang='grc'>1,</span> <span class='ocrx_word' id='word_1_223' title='bbox 1211 2147 1269 2192; x_wconf 88' lang='lat' dir='ltr'>ad</span> <span class='ocrx_word' id='word_1_224' title='bbox 1293 2163 1436 2210; x_wconf 86' lang='lat' dir='ltr'>quem</span> <span class='ocrx_word' id='word_1_225' title='bbox 1462 2146 1620 2202; x_wconf 60' lang='lat' dir='ltr'>locum</span> 
     </span>
     <span class='ocr_line' id='line_1_26' title="bbox 205 2226 1616 2289; baseline -0.001 -18"><span class='ocrx_word' id='word_1_226' title='bbox 205 2245 240 2271; x_wconf 84' lang='lat' dir='ltr'>V.</span> <span class='ocrx_word' id='word_1_227' title='bbox 257 2231 481 2274; x_wconf 84' lang='lat' dir='ltr'>Arntzen.</span> <span class='ocrx_word' id='word_1_228' title='bbox 521 2229 651 2289; x_wconf 72' lang='lat' dir='ltr'>Quid</span> <span class='ocrx_word' id='word_1_229' title='bbox 676 2241 742 2274; x_wconf 89' lang='grc' dir='ltr'>θεῖ</span> <span class='ocrx_word' id='word_1_230' title='bbox 770 2234 892 2274; x_wconf 74' lang='lat' dir='ltr'>enim</span> <span class='ocrx_word' id='word_1_231' title='bbox 925 2230 1018 2275; x_wconf 87' lang='lat' dir='ltr'>Cic.</span> <span class='ocrx_word' id='word_1_232' title='bbox 1051 2229 1109 2275; x_wconf 89' lang='lat' dir='ltr'>de</span> <span class='ocrx_word' id='word_1_233' title='bbox 1142 2232 1274 2274; x_wconf 88' lang='lat' dir='ltr'>Orat.</span> <span class='ocrx_word' id='word_1_234' title='bbox 1309 2233 1352 2285; x_wconf 93' lang='grc' dir='ltr'>Ι,</span> <span class='ocrx_word' id='word_1_235' title='bbox 1383 2226 1475 2283; x_wconf 88' lang='grc'>45,</span> <span class='ocrx_word' id='word_1_236' title='bbox 1503 2227 1616 2271; x_wconf 82' lang='lat' dir='ltr'>Plin.</span> 
     </span>
     <span class='ocr_line' id='line_1_27' title="bbox 201 2310 1614 2374; baseline -0.001 -20"><span class='ocrx_word' id='word_1_237' title='bbox 201 2313 426 2374; x_wconf 80' lang='lat' dir='ltr'>Panegyr.</span> <span class='ocrx_word' id='word_1_238' title='bbox 451 2314 577 2367; x_wconf 83' lang='lat' dir='ltr'>LVI,</span> <span class='ocrx_word' id='word_1_239' title='bbox 608 2328 661 2365; x_wconf 89' lang='grc'>2,</span> <span class='ocrx_word' id='word_1_240' title='bbox 687 2314 863 2356; x_wconf 75' lang='lat' dir='ltr'>Scitam</span> <span class='ocrx_word' id='word_1_241' title='bbox 894 2323 963 2356; x_wconf 87' lang='grc' dir='ltr'>θεῖ</span> <span class='ocrx_word' id='word_1_242' title='bbox 991 2316 1115 2356; x_wconf 77' lang='lat' dir='ltr'>enim</span> <span class='ocrx_word' id='word_1_243' title='bbox 1145 2312 1243 2356; x_wconf 88' lang='lat' dir='ltr'>Cic.</span> <span class='ocrx_word' id='word_1_244' title='bbox 1279 2310 1338 2355; x_wconf 90' lang='lat' dir='ltr'>de</span> <span class='ocrx_word' id='word_1_245' title='bbox 1359 2314 1489 2356; x_wconf 84' lang='lat' dir='ltr'>Orat.</span> <span class='ocrx_word' id='word_1_246' title='bbox 1517 2311 1585 2353; x_wconf 77' lang='grc' dir='ltr'>ΙΙΙ</span> <span class='ocrx_word' id='word_1_247' title='bbox 1603 2344 1614 2364; x_wconf 94' lang='grc'>,</span> 
     </span>
     <span class='ocr_line' id='line_1_28' title="bbox 198 2392 1613 2456; baseline -0.001 -21"><span class='ocrx_word' id='word_1_248' title='bbox 198 2392 283 2447; x_wconf 77' lang='grc'>61,</span> <span class='ocrx_word' id='word_1_249' title='bbox 326 2397 479 2438; x_wconf 76' lang='lat' dir='ltr'>Tanta</span> <span class='ocrx_word' id='word_1_250' title='bbox 514 2404 583 2438; x_wconf 85' lang='grc' dir='ltr'>θεῖ</span> <span class='ocrx_word' id='word_1_251' title='bbox 617 2398 737 2438; x_wconf 76' lang='lat' dir='ltr'>enim</span> <span class='ocrx_word' id='word_1_252' title='bbox 770 2395 866 2439; x_wconf 89' lang='lat' dir='ltr'>Cic.</span> <span class='ocrx_word' id='word_1_253' title='bbox 908 2394 1042 2456; x_wconf 88' lang='lat' dir='ltr'>epist.</span> <span class='ocrx_word' id='word_1_254' title='bbox 1086 2393 1144 2437; x_wconf 87' lang='lat' dir='ltr'>ad</span> <span class='ocrx_word' id='word_1_255' title='bbox 1176 2397 1374 2456; x_wconf 86' lang='lat' dir='ltr'>Leptam</span> <span class='ocrx_word' id='word_1_256' title='bbox 1404 2395 1493 2445; x_wconf 83' lang='lat' dir='ltr'>VI,</span> <span class='ocrx_word' id='word_1_257' title='bbox 1533 2406 1613 2451; x_wconf 85' lang='lat'>19;</span> 
     </span>
     <span class='ocr_line' id='line_1_29' title="bbox 201 2475 1613 2537; baseline -0.001 -21"><span class='ocrx_word' id='word_1_258' title='bbox 201 2482 280 2534; x_wconf 58' lang='lat'>[20</span> <span class='ocrx_word' id='word_1_259' title='bbox 299 2477 359 2517; x_wconf 87' lang='lat' dir='ltr'>M.</span> <span class='ocrx_word' id='word_1_260' title='bbox 384 2476 455 2535; x_wconf 95' lang='grc'>11.)</span> <span class='ocrx_word' id='word_1_261' title='bbox 486 2479 803 2520; x_wconf 68' lang='grc' dir='ltr'><em>Τθηῑθνανίιιηι</em></span> <span class='ocrx_word' id='word_1_262' title='bbox 822 2488 891 2520; x_wconf 82' lang='grc' dir='ltr'>θεῖ</span> <span class='ocrx_word' id='word_1_263' title='bbox 915 2481 1041 2520; x_wconf 71' lang='lat' dir='ltr'>enim</span> <span class='ocrx_word' id='word_1_264' title='bbox 1065 2475 1181 2519; x_wconf 81' lang='lat' dir='ltr'>Plin.</span> <span class='ocrx_word' id='word_1_265' title='bbox 1213 2476 1349 2537; x_wconf 81' lang='lat' dir='ltr'>epist.</span> <span class='ocrx_word' id='word_1_266' title='bbox 1371 2477 1509 2532; x_wconf 80' lang='lat' dir='ltr'>IV‚9,</span> <span class='ocrx_word' id='word_1_267' title='bbox 1532 2487 1613 2527; x_wconf 87' lang='grc'>10,</span> 
     </span>
     <span class='ocr_line' id='line_1_30' title="bbox 202 2555 1613 2609; baseline -0.002 -11"><span class='ocrx_word' id='word_1_268' title='bbox 202 2559 304 2599; x_wconf 72' lang='lat' dir='ltr'>[sna</span> <span class='ocrx_word' id='word_1_269' title='bbox 331 2567 394 2600; x_wconf 91' lang='grc' dir='ltr'>θεῖ</span> <span class='ocrx_word' id='word_1_270' title='bbox 412 2560 536 2601; x_wconf 67' lang='lat' dir='ltr'>enim</span> <span class='ocrx_word' id='word_1_271' title='bbox 564 2559 661 2602; x_wconf 88' lang='lat' dir='ltr'>Cic.</span> <span class='ocrx_word' id='word_1_272' title='bbox 691 2558 748 2602; x_wconf 83' lang='lat' dir='ltr'>dc</span> <span class='ocrx_word' id='word_1_273' title='bbox 768 2561 896 2602; x_wconf 85' lang='lat' dir='ltr'>Orat.</span> <span class='ocrx_word' id='word_1_274' title='bbox 925 2561 1018 2609; x_wconf 82' lang='lat' dir='ltr'>III,</span> <span class='ocrx_word' id='word_1_275' title='bbox 1050 2558 1100 2609; x_wconf 79' lang='grc'>6,</span> <span class='ocrx_word' id='word_1_276' title='bbox 1135 2561 1264 2599; x_wconf 74' lang='lat' dir='ltr'>Unus</span> <span class='ocrx_word' id='word_1_277' title='bbox 1290 2564 1357 2597; x_wconf 85' lang='grc' dir='ltr'>θεῖ</span> <span class='ocrx_word' id='word_1_278' title='bbox 1382 2556 1504 2597; x_wconf 79' lang='lat' dir='ltr'>enim</span> <span class='ocrx_word' id='word_1_279' title='bbox 1532 2555 1613 2596; x_wconf 87' lang='lat' dir='ltr'>Se-</span> 
     </span>
    </p>
   </div>
   <div class='ocr_carea' id='block_1_3' title="bbox 196 2635 1608 2699">
    <p class='ocr_par' dir='ltr' id='par_1_3' title="bbox 196 2635 1608 2699">
     <span class='ocr_line' id='line_1_31' title="bbox 196 2635 1608 2699; baseline -0.001 -19"><span class='ocrx_word' id='word_1_280' title='bbox 196 2653 297 2682; x_wconf 85' lang='lat' dir='ltr'>nec.</span> <span class='ocrx_word' id='word_1_281' title='bbox 329 2637 463 2699; x_wconf 78' lang='lat' dir='ltr'>epist.</span> <span class='ocrx_word' id='word_1_282' title='bbox 500 2641 610 2694; x_wconf 81' lang='grc'>104,</span> <span class='ocrx_word' id='word_1_283' title='bbox 634 2656 718 2695; x_wconf 88' lang='grc'>22,</span> <span class='ocrx_word' id='word_1_284' title='bbox 753 2641 866 2682; x_wconf 71' lang='lat' dir='ltr'>Visa</span> <span class='ocrx_word' id='word_1_285' title='bbox 889 2647 956 2682; x_wconf 89' lang='grc' dir='ltr'>θεῖ</span> <span class='ocrx_word' id='word_1_286' title='bbox 975 2640 1105 2681; x_wconf 78' lang='lat' dir='ltr'>enim</span> <span class='ocrx_word' id='word_1_287' title='bbox 1130 2636 1247 2680; x_wconf 63' lang='lat' dir='ltr'>Prin.</span> <span class='ocrx_word' id='word_1_288' title='bbox 1272 2635 1409 2697; x_wconf 87' lang='lat' dir='ltr'>epist.</span> <span class='ocrx_word' id='word_1_289' title='bbox 1434 2637 1498 2689; x_wconf 85' lang='grc' dir='ltr'>Χ,</span> <span class='ocrx_word' id='word_1_290' title='bbox 1522 2649 1580 2695; x_wconf 82' lang='lat'>97</span> <span class='ocrx_word' id='word_1_291' title='bbox 1597 2669 1608 2691; x_wconf 86' lang='lat'>‚</span> 
     </span>
    </p>
   </div>
  </div>
 </body>
</html>
