<?xml version="1.0" encoding="UTF-8"?>
<!DOCTYPE html PUBLIC "-//W3C//DTD XHTML 1.0 Transitional//EN"
    "http://www.w3.org/TR/xhtml1/DTD/xhtml1-transitional.dtd">
<html xmlns="http://www.w3.org/1999/xhtml" xml:lang="en" lang="en">
 <head>
  <title>
</title>
<meta http-equiv="Content-Type" content="text/html;charset=utf-8" />
  <meta name='ocr-system' content='tesseract 3.04.00' />
  <meta name='ocr-capabilities' content='ocr_page ocr_carea ocr_par ocr_line ocrx_word'/>
</head>
<body>
  <div class='ocr_page' id='page_1' title='image "./epistolarumlibri01plinuoft_0308.png"; bbox 0 0 1742 2989; ppageno 0'>
   <div class='ocr_carea' id='block_1_1' title="bbox 185 189 276 234">
    <p class='ocr_par' dir='ltr' id='par_1_1' title="bbox 185 189 276 234">
     <span class='ocr_line' id='line_1_1' title="bbox 185 189 276 234; baseline 0.011 -1"><span class='ocrx_word' id='word_1_1' title='bbox 185 189 276 234; x_wconf 82' lang='lat'>226</span> 
     </span>
    </p>
   </div>
   <div class='ocr_carea' id='block_1_2' title="bbox 591 184 1179 229">
    <p class='ocr_par' dir='ltr' id='par_1_2' title="bbox 591 184 1179 229">
     <span class='ocr_line' id='line_1_2' title="bbox 591 184 1179 229; baseline -0.005 0"><span class='ocrx_word' id='word_1_2' title='bbox 591 188 636 229; x_wconf 85' lang='lat' dir='ltr'>C.</span> <span class='ocrx_word' id='word_1_3' title='bbox 675 184 897 227; x_wconf 91' lang='lat' dir='ltr'>PLINII</span> <span class='ocrx_word' id='word_1_4' title='bbox 933 184 1058 227; x_wconf 86' lang='lat' dir='ltr'>LIB.</span> <span class='ocrx_word' id='word_1_5' title='bbox 1095 186 1179 228; x_wconf 88' lang='lat' dir='ltr'>IV.</span> 
     </span>
    </p>
   </div>
   <div class='ocr_carea' id='block_1_3' title="bbox 138 265 1589 694">
    <p class='ocr_par' dir='ltr' id='par_1_3' title="bbox 138 265 1589 694">
     <span class='ocr_line' id='line_1_3' title="bbox 183 265 1582 324; baseline -0.001 -13"><span class='ocrx_word' id='word_1_6' title='bbox 183 290 203 311; x_wconf 74' lang='grc' dir='ltr'>(ε</span> <span class='ocrx_word' id='word_1_7' title='bbox 219 272 293 314; x_wconf 84' lang='lat' dir='ltr'>Me</span> <span class='ocrx_word' id='word_1_8' title='bbox 326 271 472 313; x_wconf 78' lang='lat' dir='ltr'>Caesar</span> <span class='ocrx_word' id='word_1_9' title='bbox 510 267 718 311; x_wconf 79' lang='lat' dir='ltr'>incestam</span> <span class='ocrx_word' id='word_1_10' title='bbox 752 272 905 324; x_wconf 71' lang='lat' dir='ltr'>putat,</span> <span class='ocrx_word' id='word_1_11' title='bbox 940 281 1026 324; x_wconf 84' lang='lat' dir='ltr'>qua</span> <span class='ocrx_word' id='word_1_12' title='bbox 1063 282 1185 309; x_wconf 85' lang='lat' dir='ltr'>sacra</span> <span class='ocrx_word' id='word_1_13' title='bbox 1215 265 1425 323; x_wconf 80' lang='lat' dir='ltr'>faciente,</span> <span class='ocrx_word' id='word_1_14' title='bbox 1456 268 1582 321; x_wconf 83' lang='lat' dir='ltr'>vicit,</span> 
     </span>
     <span class='ocr_line' id='line_1_4' title="bbox 138 336 1582 403; baseline 0 -19"><span class='ocrx_word' id='word_1_15' title='bbox 138 352 158 384; x_wconf 91' lang='lat'>8</span> <span class='ocrx_word' id='word_1_16' title='bbox 184 341 521 403; x_wconf 75' lang='lat' dir='ltr'>triumphavit.»</span> <span class='ocrx_word' id='word_1_17' title='bbox 549 337 782 383; x_wconf 79' lang='lat' dir='ltr'>Blandiens</span> <span class='ocrx_word' id='word_1_18' title='bbox 804 336 918 392; x_wconf 80' lang='lat' dir='ltr'>haec,</span> <span class='ocrx_word' id='word_1_19' title='bbox 935 354 989 381; x_wconf 88' lang='lat' dir='ltr'>an</span> <span class='ocrx_word' id='word_1_20' title='bbox 1016 338 1224 393; x_wconf 83' lang='lat' dir='ltr'>irridens;</span> <span class='ocrx_word' id='word_1_21' title='bbox 1242 356 1294 383; x_wconf 84' lang='lat' dir='ltr'>ex</span> <span class='ocrx_word' id='word_1_22' title='bbox 1317 340 1477 385; x_wconf 85' lang='lat' dir='ltr'>fiducia</span> <span class='ocrx_word' id='word_1_23' title='bbox 1493 343 1582 399; x_wconf 77' lang='lat' dir='ltr'>sui,</span> 
     </span>
     <span class='ocr_line' id='line_1_5' title="bbox 184 410 1586 473; baseline -0.002 -13"><span class='ocrx_word' id='word_1_24' title='bbox 184 433 240 460; x_wconf 83' lang='lat' dir='ltr'>an</span> <span class='ocrx_word' id='word_1_25' title='bbox 275 432 327 459; x_wconf 82' lang='lat' dir='ltr'>ex</span> <span class='ocrx_word' id='word_1_26' title='bbox 366 421 623 473; x_wconf 88' lang='lat' dir='ltr'>contemptu</span> <span class='ocrx_word' id='word_1_27' title='bbox 662 410 873 472; x_wconf 88' lang='lat' dir='ltr'>principis</span> <span class='ocrx_word' id='word_1_28' title='bbox 906 410 1088 468; x_wconf 80' lang='lat' dir='ltr'>dixerit,</span> <span class='ocrx_word' id='word_1_29' title='bbox 1118 412 1300 456; x_wconf 84' lang='lat' dir='ltr'>dubium</span> <span class='ocrx_word' id='word_1_30' title='bbox 1334 423 1413 458; x_wconf 88' lang='lat' dir='ltr'>est.</span> <span class='ocrx_word' id='word_1_31' title='bbox 1443 414 1586 469; x_wconf 80' lang='lat' dir='ltr'>Dixit,</span> 
     </span>
     <span class='ocr_line' id='line_1_6' title="bbox 185 483 1586 548; baseline -0.002 -15"><span class='ocrx_word' id='word_1_32' title='bbox 185 489 324 533; x_wconf 88' lang='lat' dir='ltr'>donec</span> <span class='ocrx_word' id='word_1_33' title='bbox 343 488 398 531; x_wconf 88' lang='lat' dir='ltr'>ad</span> <span class='ocrx_word' id='word_1_34' title='bbox 420 485 704 548; x_wconf 87' lang='lat' dir='ltr'>supplicium,</span> <span class='ocrx_word' id='word_1_35' title='bbox 731 483 877 527; x_wconf 84' lang='lat' dir='ltr'>nescio</span> <span class='ocrx_word' id='word_1_36' title='bbox 899 500 954 527; x_wconf 83' lang='lat' dir='ltr'>an</span> <span class='ocrx_word' id='word_1_37' title='bbox 979 485 1209 539; x_wconf 76' lang='lat' dir='ltr'>innocens,</span> <span class='ocrx_word' id='word_1_38' title='bbox 1235 496 1350 530; x_wconf 88' lang='lat' dir='ltr'>certe</span> <span class='ocrx_word' id='word_1_39' title='bbox 1376 496 1586 547; x_wconf 84' lang='lat' dir='ltr'>tanquam</span> 
     </span>
     <span class='ocr_line' id='line_1_7' title="bbox 141 557 1589 619; baseline -0.004 -11"><span class='ocrx_word' id='word_1_40' title='bbox 141 582 160 613; x_wconf 90' lang='lat'><strong>9</strong></span> <span class='ocrx_word' id='word_1_41' title='bbox 188 565 419 615; x_wconf 77' lang='lat' dir='ltr'>innocens,</span> <span class='ocrx_word' id='word_1_42' title='bbox 448 562 579 604; x_wconf 83' lang='lat' dir='ltr'>ducta</span> <span class='ocrx_word' id='word_1_43' title='bbox 609 569 685 603; x_wconf 86' lang='lat' dir='ltr'>est.</span> <span class='ocrx_word' id='word_1_44' title='bbox 714 558 836 615; x_wconf 85' lang='lat' dir='ltr'>Quin</span> <span class='ocrx_word' id='word_1_45' title='bbox 863 557 1019 615; x_wconf 86' lang='lat' dir='ltr'>etiam,</span> <span class='ocrx_word' id='word_1_46' title='bbox 1049 576 1185 619; x_wconf 86' lang='lat' dir='ltr'>quum</span> <span class='ocrx_word' id='word_1_47' title='bbox 1217 561 1261 603; x_wconf 88' lang='lat' dir='ltr'>in</span> <span class='ocrx_word' id='word_1_48' title='bbox 1290 559 1396 604; x_wconf 87' lang='lat' dir='ltr'>illud</span> <span class='ocrx_word' id='word_1_49' title='bbox 1421 560 1589 603; x_wconf 84' lang='lat' dir='ltr'>subter-</span> 
     </span>
     <span class='ocr_line' id='line_1_8' title="bbox 187 632 1589 694; baseline -0.005 -13"><span class='ocrx_word' id='word_1_50' title='bbox 187 653 368 681; x_wconf 87' lang='lat' dir='ltr'>raneum</span> <span class='ocrx_word' id='word_1_51' title='bbox 393 633 645 679; x_wconf 84' lang='lat' dir='ltr'>cubiculum</span> <span class='ocrx_word' id='word_1_52' title='bbox 669 632 996 687; x_wconf 79' lang='lat' dir='ltr'>demitteretur,</span> <span class='ocrx_word' id='word_1_53' title='bbox 1016 632 1293 694; x_wconf 80' lang='lat' dir='ltr'>haesissetque</span> <span class='ocrx_word' id='word_1_54' title='bbox 1310 633 1589 677; x_wconf 84' lang='lat' dir='ltr'>descendenti</span> 
     </span>
    </p>
   </div>
   <div class='ocr_carea' id='block_1_4' title="bbox 186 742 892 2737">
    <p class='ocr_par' dir='ltr' id='par_1_4' title="bbox 186 742 891 2685">
     <span class='ocr_line' id='line_1_9' title="bbox 187 742 856 781; baseline -0.013 0"><span class='ocrx_word' id='word_1_55' title='bbox 187 749 254 781; x_wconf 88' lang='lat' dir='ltr'>hoc</span> <span class='ocrx_word' id='word_1_56' title='bbox 280 748 412 781; x_wconf 85' lang='lat' dir='ltr'>factum</span> <span class='ocrx_word' id='word_1_57' title='bbox 439 757 511 777; x_wconf 87' lang='lat' dir='ltr'>esse</span> <span class='ocrx_word' id='word_1_58' title='bbox 533 750 612 776; x_wconf 84' lang='lat' dir='ltr'>ante</span> <span class='ocrx_word' id='word_1_59' title='bbox 638 742 794 774; x_wconf 80' lang='lat' dir='ltr'>ultimam</span> <span class='ocrx_word' id='word_1_60' title='bbox 823 749 856 773; x_wconf 84' lang='lat' dir='ltr'>et</span> 
     </span>
     <span class='ocr_line' id='line_1_10' title="bbox 186 793 858 842; baseline -0.015 -7"><span class='ocrx_word' id='word_1_61' title='bbox 186 801 376 835; x_wconf 86' lang='lat' dir='ltr'>solemnem</span> <span class='ocrx_word' id='word_1_62' title='bbox 391 797 435 832; x_wconf 84' lang='lat' dir='ltr'>ad</span> <span class='ocrx_word' id='word_1_63' title='bbox 448 797 562 842; x_wconf 86' lang='lat' dir='ltr'>ipsum</span> <span class='ocrx_word' id='word_1_64' title='bbox 579 794 786 840; x_wconf 87' lang='lat' dir='ltr'>supplicium</span> <span class='ocrx_word' id='word_1_65' title='bbox 801 793 858 826; x_wconf 85' lang='lat' dir='ltr'>de-</span> 
     </span>
     <span class='ocr_line' id='line_1_11' title="bbox 187 850 860 891; baseline -0.013 -3"><span class='ocrx_word' id='word_1_66' title='bbox 187 853 387 887; x_wconf 85' lang='lat' dir='ltr'>ductionem</span> <span class='ocrx_word' id='word_1_67' title='bbox 404 876 412 891; x_wconf 86' lang='lat'>,</span> <span class='ocrx_word' id='word_1_68' title='bbox 451 850 479 882; x_wconf 87' lang='lat' dir='ltr'>si</span> <span class='ocrx_word' id='word_1_69' title='bbox 509 856 602 882; x_wconf 86' lang='lat' dir='ltr'>recte</span> <span class='ocrx_word' id='word_1_70' title='bbox 632 860 705 882; x_wconf 87' lang='lat' dir='ltr'>rem</span> <span class='ocrx_word' id='word_1_71' title='bbox 741 854 860 880; x_wconf 85' lang='lat' dir='ltr'>narrat</span> 
     </span>
     <span class='ocr_line' id='line_1_12' title="bbox 187 900 857 946; baseline -0.01 -7"><span class='ocrx_word' id='word_1_72' title='bbox 187 904 394 939; x_wconf 83' lang='lat' dir='ltr'>Plutarchus</span> <span class='ocrx_word' id='word_1_73' title='bbox 424 902 459 935; x_wconf 91' lang='lat' dir='ltr'>in</span> <span class='ocrx_word' id='word_1_74' title='bbox 486 903 601 934; x_wconf 82' lang='lat' dir='ltr'>Numa</span> <span class='ocrx_word' id='word_1_75' title='bbox 626 914 662 946; x_wconf 87' lang='lat' dir='ltr'>p.</span> <span class='ocrx_word' id='word_1_76' title='bbox 700 913 760 933; x_wconf 80' lang='lat'>122</span> <span class='ocrx_word' id='word_1_77' title='bbox 777 926 785 940; x_wconf 88' lang='lat'>‚</span> <span class='ocrx_word' id='word_1_78' title='bbox 813 900 857 932; x_wconf 90' lang='lat' dir='ltr'>H.</span> 
     </span>
     <span class='ocr_line' id='line_1_13' title="bbox 187 954 858 1004; baseline -0.006 -13"><span class='ocrx_word' id='word_1_79' title='bbox 187 958 307 1004; x_wconf 85' lang='lat' dir='ltr'>Steph.</span> <span class='ocrx_word' id='word_1_80' title='bbox 328 958 435 993; x_wconf 49' lang='grc' dir='ltr'>Αὐτὴν</span> <span class='ocrx_word' id='word_1_81' title='bbox 454 954 492 989; x_wconf 67' lang='grc' dir='ltr'>δὲ</span> <span class='ocrx_word' id='word_1_82' title='bbox 512 957 568 992; x_wconf 67' lang='grc' dir='ltr'>τὴν</span> <span class='ocrx_word' id='word_1_83' title='bbox 587 956 796 999; x_wconf 66' lang='grc' dir='ltr'>κολαζομένην</span> <span class='ocrx_word' id='word_1_84' title='bbox 818 955 858 993; x_wconf 81' lang='grc' dir='ltr'>εἰς</span> 
     </span>
     <span class='ocr_line' id='line_1_14' title="bbox 188 1009 862 1058; baseline -0.01 -12"><span class='ocrx_word' id='word_1_85' title='bbox 188 1015 305 1058; x_wconf 74' lang='grc' dir='ltr'>φορεῖον</span> <span class='ocrx_word' id='word_1_86' title='bbox 324 1013 499 1055; x_wconf 78' lang='grc' dir='ltr'>ἐνθέμενοι,</span> <span class='ocrx_word' id='word_1_87' title='bbox 519 1009 572 1042; x_wconf 79' lang='grc' dir='ltr'>καὶ</span> <span class='ocrx_word' id='word_1_88' title='bbox 588 1009 862 1053; x_wconf 40' lang='lat' dir='ltr'>murmuravimu-</span> 
     </span>
     <span class='ocr_line' id='line_1_15' title="bbox 188 1060 860 1106; baseline -0.01 -7"><span class='ocrx_word' id='word_1_89' title='bbox 188 1079 240 1104; x_wconf 79' lang='grc' dir='ltr'>τες</span> <span class='ocrx_word' id='word_1_90' title='bbox 254 1065 362 1105; x_wconf 78' lang='grc' dir='ltr'>ἔξωθεν</span> <span class='ocrx_word' id='word_1_91' title='bbox 373 1063 427 1096; x_wconf 67' lang='grc' dir='ltr'>καὶ</span> <span class='ocrx_word' id='word_1_92' title='bbox 437 1060 679 1099; x_wconf 64' lang='grc' dir='ltr'>κοιταλοιὲόντες</span> <span class='ocrx_word' id='word_1_93' title='bbox 690 1062 811 1106; x_wconf 68' lang='grc' dir='ltr'>ἱμᾶσιν,</span> <span class='ocrx_word' id='word_1_94' title='bbox 822 1062 860 1098; x_wconf 77' lang='grc' dir='ltr'>ὡς</span> 
     </span>
     <span class='ocr_line' id='line_1_16' title="bbox 189 1116 860 1164; baseline -0.01 -13"><span class='ocrx_word' id='word_1_95' title='bbox 189 1116 274 1164; x_wconf 67' lang='grc' dir='ltr'>μηδὲ</span> <span class='ocrx_word' id='word_1_96' title='bbox 285 1118 384 1162; x_wconf 76' lang='grc' dir='ltr'>φωνὴν</span> <span class='ocrx_word' id='word_1_97' title='bbox 395 1116 749 1159; x_wconf 71' lang='grc' dir='ltr'>ἐξάκουστονγενέσθοιι,</span> <span class='ocrx_word' id='word_1_98' title='bbox 760 1117 860 1145; x_wconf 77' lang='grc' dir='ltr'>κ-τ.λ.</span> 
     </span>
     <span class='ocr_line' id='line_1_17' title="bbox 189 1165 865 1211; baseline -0.012 -8"><span class='ocrx_word' id='word_1_99' title='bbox 189 1172 279 1204; x_wconf 88' lang='lat' dir='ltr'>Nam</span> <span class='ocrx_word' id='word_1_100' title='bbox 299 1168 427 1202; x_wconf 84' lang='lat' dir='ltr'>lecticae</span> <span class='ocrx_word' id='word_1_101' title='bbox 445 1168 472 1200; x_wconf 85' lang='lat' dir='ltr'>si</span> <span class='ocrx_word' id='word_1_102' title='bbox 490 1165 651 1211; x_wconf 87' lang='lat' dir='ltr'>imposita</span> <span class='ocrx_word' id='word_1_103' title='bbox 669 1165 735 1197; x_wconf 83' lang='lat' dir='ltr'>suit</span> <span class='ocrx_word' id='word_1_104' title='bbox 750 1171 865 1197; x_wconf 86' lang='lat' dir='ltr'>conte-</span> 
     </span>
     <span class='ocr_line' id='line_1_18' title="bbox 191 1216 865 1266; baseline -0.013 -10"><span class='ocrx_word' id='word_1_105' title='bbox 191 1230 253 1256; x_wconf 83' lang='lat' dir='ltr'>ctae</span> <span class='ocrx_word' id='word_1_106' title='bbox 269 1220 424 1266; x_wconf 86' lang='lat' dir='ltr'>undique</span> <span class='ocrx_word' id='word_1_107' title='bbox 441 1228 475 1252; x_wconf 89' lang='lat' dir='ltr'>et</span> <span class='ocrx_word' id='word_1_108' title='bbox 489 1219 648 1264; x_wconf 78' lang='lat' dir='ltr'>obligatae</span> <span class='ocrx_word' id='word_1_109' title='bbox 662 1242 670 1257; x_wconf 91' lang='lat'><strong><em>‚</em></strong></span> <span class='ocrx_word' id='word_1_110' title='bbox 688 1224 725 1250; x_wconf 91' lang='lat' dir='ltr'>ut</span> <span class='ocrx_word' id='word_1_111' title='bbox 738 1229 804 1249; x_wconf 84' lang='lat' dir='ltr'>vox</span> <span class='ocrx_word' id='word_1_112' title='bbox 815 1216 865 1248; x_wconf 91' lang='lat' dir='ltr'>in-</span> 
     </span>
     <span class='ocr_line' id='line_1_19' title="bbox 192 1272 863 1317; baseline -0.01 -10"><span class='ocrx_word' id='word_1_113' title='bbox 192 1274 235 1307; x_wconf 90' lang='lat' dir='ltr'>de</span> <span class='ocrx_word' id='word_1_114' title='bbox 262 1272 419 1306; x_wconf 88' lang='lat' dir='ltr'>exaudiri</span> <span class='ocrx_word' id='word_1_115' title='bbox 441 1285 513 1305; x_wconf 89' lang='lat' dir='ltr'>non</span> <span class='ocrx_word' id='word_1_116' title='bbox 535 1279 674 1317; x_wconf 85' lang='lat' dir='ltr'>posset,</span> <span class='ocrx_word' id='word_1_117' title='bbox 694 1281 766 1302; x_wconf 92' lang='lat' dir='ltr'>non</span> <span class='ocrx_word' id='word_1_118' title='bbox 791 1276 863 1307; x_wconf 87' lang='lat' dir='ltr'>est,</span> 
     </span>
     <span class='ocr_line' id='line_1_20' title="bbox 193 1323 866 1371; baseline -0.007 -12"><span class='ocrx_word' id='word_1_119' title='bbox 193 1335 230 1360; x_wconf 87' lang='lat' dir='ltr'>ut</span> <span class='ocrx_word' id='word_1_120' title='bbox 261 1325 554 1371; x_wconf 82' lang='lat' dir='ltr'>apophthegmata</span> <span class='ocrx_word' id='word_1_121' title='bbox 587 1324 661 1369; x_wconf 84' lang='lat' dir='ltr'>ejus</span> <span class='ocrx_word' id='word_1_122' title='bbox 687 1323 866 1355; x_wconf 80' lang='lat' dir='ltr'>observari</span> 
     </span>
     <span class='ocr_line' id='line_1_21' title="bbox 194 1374 868 1424; baseline -0.007 -12"><span class='ocrx_word' id='word_1_123' title='bbox 194 1379 380 1424; x_wconf 84' lang='lat' dir='ltr'>potuerint.</span> <span class='ocrx_word' id='word_1_124' title='bbox 406 1379 466 1410; x_wconf 86' lang='lat' dir='ltr'>Est</span> <span class='ocrx_word' id='word_1_125' title='bbox 491 1377 594 1409; x_wconf 88' lang='lat' dir='ltr'>etiam</span> <span class='ocrx_word' id='word_1_126' title='bbox 614 1374 710 1408; x_wconf 82' lang='lat' dir='ltr'>aliud</span> <span class='ocrx_word' id='word_1_127' title='bbox 730 1375 765 1406; x_wconf 90' lang='lat' dir='ltr'>in</span> <span class='ocrx_word' id='word_1_128' title='bbox 787 1374 868 1407; x_wconf 85' lang='lat' dir='ltr'>Plu-</span> 
     </span>
     <span class='ocr_line' id='line_1_22' title="bbox 195 1426 869 1474; baseline -0.009 -10"><span class='ocrx_word' id='word_1_129' title='bbox 195 1431 307 1464; x_wconf 86' lang='lat' dir='ltr'>tarchi</span> <span class='ocrx_word' id='word_1_130' title='bbox 326 1429 556 1474; x_wconf 81' lang='lat' dir='ltr'>descriptione</span> <span class='ocrx_word' id='word_1_131' title='bbox 569 1453 578 1469; x_wconf 85' lang='lat'>‚</span> <span class='ocrx_word' id='word_1_132' title='bbox 597 1426 692 1473; x_wconf 88' lang='lat' dir='ltr'>quod</span> <span class='ocrx_word' id='word_1_133' title='bbox 710 1439 790 1460; x_wconf 87' lang='lat' dir='ltr'>cum</span> <span class='ocrx_word' id='word_1_134' title='bbox 806 1426 869 1458; x_wconf 85' lang='lat' dir='ltr'>Pli-</span> 
     </span>
     <span class='ocr_line' id='line_1_23' title="bbox 196 1479 871 1529; baseline -0.009 -12"><span class='ocrx_word' id='word_1_135' title='bbox 196 1484 256 1517; x_wconf 89' lang='lat' dir='ltr'>nio</span> <span class='ocrx_word' id='word_1_136' title='bbox 271 1495 426 1529; x_wconf 86' lang='lat' dir='ltr'>pugnare</span> <span class='ocrx_word' id='word_1_137' title='bbox 436 1480 585 1515; x_wconf 88' lang='lat' dir='ltr'>videtur.</span> <span class='ocrx_word' id='word_1_138' title='bbox 595 1480 693 1512; x_wconf 89' lang='lat' dir='ltr'>Facit</span> <span class='ocrx_word' id='word_1_139' title='bbox 704 1479 763 1512; x_wconf 86' lang='lat' dir='ltr'>hie</span> <span class='ocrx_word' id='word_1_140' title='bbox 776 1492 871 1512; x_wconf 83' lang='lat' dir='ltr'>men-</span> 
     </span>
     <span class='ocr_line' id='line_1_24' title="bbox 197 1531 870 1576; baseline -0.006 -8"><span class='ocrx_word' id='word_1_141' title='bbox 197 1536 328 1569; x_wconf 85' lang='lat' dir='ltr'>tionem</span> <span class='ocrx_word' id='word_1_142' title='bbox 359 1534 545 1568; x_wconf 82' lang='lat' dir='ltr'>carnificis.</span> <span class='ocrx_word' id='word_1_143' title='bbox 574 1532 641 1566; x_wconf 89' lang='lat' dir='ltr'>Sed</span> <span class='ocrx_word' id='word_1_144' title='bbox 677 1531 758 1566; x_wconf 81' lang='lat' dir='ltr'>vide</span> <span class='ocrx_word' id='word_1_145' title='bbox 787 1531 870 1576; x_wconf 83' lang='lat' dir='ltr'>quid</span> 
     </span>
     <span class='ocr_line' id='line_1_25' title="bbox 196 1587 869 1632; baseline -0.004 -11"><span class='ocrx_word' id='word_1_146' title='bbox 196 1588 404 1622; x_wconf 84' lang='lat' dir='ltr'>Plutarchus</span> <span class='ocrx_word' id='word_1_147' title='bbox 433 1599 441 1620; x_wconf 76' lang='grc' dir='ltr'><strong><em>ε</em></strong></span> <span class='ocrx_word' id='word_1_148' title='bbox 475 1589 551 1621; x_wconf 69' lang='grc' dir='ltr'>ὅταν</span> <span class='ocrx_word' id='word_1_149' title='bbox 582 1588 658 1632; x_wconf 63' lang='grc' dir='ltr'>πρὶς</span> <span class='ocrx_word' id='word_1_150' title='bbox 689 1588 740 1620; x_wconf 74' lang='grc' dir='ltr'>τὀν</span> <span class='ocrx_word' id='word_1_151' title='bbox 773 1587 869 1619; x_wconf 80' lang='grc' dir='ltr'>τόπον</span> 
     </span>
     <span class='ocr_line' id='line_1_26' title="bbox 198 1640 873 1687; baseline -0.01 -10"><span class='ocrx_word' id='word_1_152' title='bbox 198 1647 334 1687; x_wconf 82' lang='grc' dir='ltr'>κομισθῇ</span> <span class='ocrx_word' id='word_1_153' title='bbox 358 1644 392 1676; x_wconf 71' lang='grc' dir='ltr'>τὸ</span> <span class='ocrx_word' id='word_1_154' title='bbox 415 1644 555 1687; x_wconf 66' lang='grc' dir='ltr'>φορεῖον,</span> <span class='ocrx_word' id='word_1_155' title='bbox 585 1641 610 1672; x_wconf 80' lang='grc' dir='ltr'>οἱ</span> <span class='ocrx_word' id='word_1_156' title='bbox 637 1640 692 1684; x_wconf 83' lang='grc' dir='ltr'>μὲν</span> <span class='ocrx_word' id='word_1_157' title='bbox 715 1640 873 1684; x_wconf 71' lang='grc' dir='ltr'>ὑπηρέται</span> 
     </span>
     <span class='ocr_line' id='line_1_27' title="bbox 200 1691 873 1739; baseline -0.01 -10"><span class='ocrx_word' id='word_1_158' title='bbox 200 1698 271 1735; x_wconf 79' lang='grc' dir='ltr'>τοὺς</span> <span class='ocrx_word' id='word_1_159' title='bbox 292 1693 432 1739; x_wconf 65' lang='grc' dir='ltr'>δεσμοὺς</span> <span class='ocrx_word' id='word_1_160' title='bbox 460 1695 552 1736; x_wconf 78' lang='lat' dir='ltr'>(non</span> <span class='ocrx_word' id='word_1_161' title='bbox 576 1692 683 1737; x_wconf 86' lang='lat' dir='ltr'>ipsius</span> <span class='ocrx_word' id='word_1_162' title='bbox 702 1691 851 1724; x_wconf 84' lang='lat' dir='ltr'>Vestalis</span> <span class='ocrx_word' id='word_1_163' title='bbox 865 1716 873 1730; x_wconf 83' lang='lat'>,</span> 
     </span>
     <span class='ocr_line' id='line_1_28' title="bbox 200 1743 876 1793; baseline -0.007 -13"><span class='ocrx_word' id='word_1_164' title='bbox 200 1756 283 1793; x_wconf 87' lang='lat' dir='ltr'>puto</span> <span class='ocrx_word' id='word_1_165' title='bbox 297 1773 306 1788; x_wconf 79' lang='lat'>‚</span> <span class='ocrx_word' id='word_1_166' title='bbox 329 1746 388 1780; x_wconf 77' lang='lat' dir='ltr'>secl</span> <span class='ocrx_word' id='word_1_167' title='bbox 410 1747 484 1778; x_wconf 84' lang='lat' dir='ltr'>lora</span> <span class='ocrx_word' id='word_1_168' title='bbox 499 1770 507 1785; x_wconf 85' lang='lat'>‚</span> <span class='ocrx_word' id='word_1_169' title='bbox 527 1745 655 1791; x_wconf 84' lang='lat' dir='ltr'>quihus</span> <span class='ocrx_word' id='word_1_170' title='bbox 675 1744 796 1776; x_wconf 83' lang='lat' dir='ltr'>lectica</span> <span class='ocrx_word' id='word_1_171' title='bbox 817 1743 876 1776; x_wconf 76' lang='lat' dir='ltr'>cle-</span> 
     </span>
     <span class='ocr_line' id='line_1_29' title="bbox 201 1795 877 1841; baseline -0.006 -7"><span class='ocrx_word' id='word_1_172' title='bbox 201 1801 314 1834; x_wconf 82' lang='lat' dir='ltr'>vincta</span> <span class='ocrx_word' id='word_1_173' title='bbox 330 1807 363 1833; x_wconf 86' lang='lat' dir='ltr'>et</span> <span class='ocrx_word' id='word_1_174' title='bbox 379 1799 519 1831; x_wconf 76' lang='lat' dir='ltr'>occlusa</span> <span class='ocrx_word' id='word_1_175' title='bbox 537 1797 602 1830; x_wconf 87' lang='lat' dir='ltr'>fuit</span> <span class='ocrx_word' id='word_1_176' title='bbox 621 1795 798 1841; x_wconf 85' lang='lat' dir='ltr'>undique)</span> <span class='ocrx_word' id='word_1_177' title='bbox 816 1799 877 1838; x_wconf 77' lang='grc' dir='ltr'>ἐξέ-</span> 
     </span>
     <span class='ocr_line' id='line_1_30' title="bbox 201 1850 870 1897; baseline -0.012 -9"><span class='ocrx_word' id='word_1_178' title='bbox 201 1861 300 1888; x_wconf 85' lang='grc' dir='ltr'>λυσοιν</span> <span class='ocrx_word' id='word_1_179' title='bbox 319 1880 328 1895; x_wconf 85' lang='grc'>.,</span> <span class='ocrx_word' id='word_1_180' title='bbox 351 1855 364 1886; x_wconf 80' lang='grc' dir='ltr'>ὁ</span> <span class='ocrx_word' id='word_1_181' title='bbox 386 1850 424 1886; x_wconf 65' lang='grc' dir='ltr'>δὲ</span> <span class='ocrx_word' id='word_1_182' title='bbox 447 1858 509 1886; x_wconf 77' lang='grc' dir='ltr'>τῶν</span> <span class='ocrx_word' id='word_1_183' title='bbox 533 1853 620 1897; x_wconf 81' lang='grc' dir='ltr'>ἱερῶν</span> <span class='ocrx_word' id='word_1_184' title='bbox 642 1852 790 1896; x_wconf 69' lang='grc' dir='ltr'>ἔξαρχος.</span> <span class='ocrx_word' id='word_1_185' title='bbox 808 1874 816 1881; x_wconf 90' lang='grc'><strong>.</strong></span> <span class='ocrx_word' id='word_1_186' title='bbox 835 1874 843 1880; x_wconf 94' lang='grc'><strong><em>.</em></strong></span> <span class='ocrx_word' id='word_1_187' title='bbox 863 1874 870 1881; x_wconf 90' lang='grc'><strong>.</strong></span> 
     </span>
     <span class='ocr_line' id='line_1_31' title="bbox 204 1904 878 1953; baseline -0.006 -12"><span class='ocrx_word' id='word_1_188' title='bbox 204 1908 309 1953; x_wconf 78' lang='grc' dir='ltr'>ἐξάγει</span> <span class='ocrx_word' id='word_1_189' title='bbox 321 1907 626 1951; x_wconf 68' lang='grc' dir='ltr'>συγκεκαλυμμένην</span> <span class='ocrx_word' id='word_1_190' title='bbox 636 1929 645 1946; x_wconf 92' lang='grc'><strong><em>,</em></strong></span> <span class='ocrx_word' id='word_1_191' title='bbox 655 1904 708 1937; x_wconf 78' lang='grc' dir='ltr'>καὶ</span> <span class='ocrx_word' id='word_1_192' title='bbox 723 1905 878 1939; x_wconf 78' lang='grc' dir='ltr'>καθίστη-</span> 
     </span>
     <span class='ocr_line' id='line_1_32' title="bbox 205 1958 879 2004; baseline -0.006 -11"><span class='ocrx_word' id='word_1_193' title='bbox 205 1974 251 1993; x_wconf 87' lang='grc' dir='ltr'>σιν</span> <span class='ocrx_word' id='word_1_194' title='bbox 276 1962 328 1993; x_wconf 79' lang='grc' dir='ltr'>ἐπὶ</span> <span class='ocrx_word' id='word_1_195' title='bbox 351 1960 505 2004; x_wconf 70' lang='grc' dir='ltr'>κλίμακος</span> <span class='ocrx_word' id='word_1_196' title='bbox 529 1959 572 1997; x_wconf 81' lang='grc' dir='ltr'>εἰς</span> <span class='ocrx_word' id='word_1_197' title='bbox 591 1959 627 1990; x_wconf 80' lang='grc' dir='ltr'>τὸ</span> <span class='ocrx_word' id='word_1_198' title='bbox 648 1958 769 2001; x_wconf 68' lang='grc' dir='ltr'>οἴκημα.</span> <span class='ocrx_word' id='word_1_199' title='bbox 789 1958 879 1990; x_wconf 71' lang='grc' dir='ltr'>κάτω</span> 
     </span>
     <span class='ocr_line' id='line_1_33' title="bbox 207 2009 880 2058; baseline -0.009 -12"><span class='ocrx_word' id='word_1_200' title='bbox 207 2014 371 2058; x_wconf 70' lang='grc' dir='ltr'>φερούσης.</span> <span class='ocrx_word' id='word_1_201' title='bbox 403 2010 469 2044; x_wconf 69' lang='lat' dir='ltr'>Sed</span> <span class='ocrx_word' id='word_1_202' title='bbox 501 2009 763 2054; x_wconf 84' lang='lat' dir='ltr'>responsionem</span> <span class='ocrx_word' id='word_1_203' title='bbox 793 2009 880 2041; x_wconf 80' lang='lat' dir='ltr'>forte</span> 
     </span>
     <span class='ocr_line' id='line_1_34' title="bbox 208 2063 877 2110; baseline -0.007 -13"><span class='ocrx_word' id='word_1_204' title='bbox 208 2064 398 2110; x_wconf 86' lang='lat' dir='ltr'>subjiciunt</span> <span class='ocrx_word' id='word_1_205' title='bbox 413 2088 421 2103; x_wconf 89' lang='lat'>,</span> <span class='ocrx_word' id='word_1_206' title='bbox 439 2074 515 2107; x_wconf 70' lang='lat' dir='ltr'>quae</span> <span class='ocrx_word' id='word_1_207' title='bbox 533 2063 647 2095; x_wconf 85' lang='lat' dir='ltr'>statim</span> <span class='ocrx_word' id='word_1_208' title='bbox 666 2069 877 2108; x_wconf 86' lang='lat' dir='ltr'>sequuntur:</span> 
     </span>
     <span class='ocr_line' id='line_1_35' title="bbox 208 2115 882 2162; baseline -0.004 -11"><span class='ocrx_word' id='word_1_209' title='bbox 208 2122 292 2152; x_wconf 65' lang='lat' dir='ltr'>Etw.</span> <span class='ocrx_word' id='word_1_210' title='bbox 323 2118 417 2155; x_wconf 67' lang='grc' dir='ltr'>αὐτὸς</span> <span class='ocrx_word' id='word_1_211' title='bbox 454 2117 509 2162; x_wconf 78' lang='grc' dir='ltr'>μὲν</span> <span class='ocrx_word' id='word_1_212' title='bbox 542 2117 763 2160; x_wconf 63' lang='grc' dir='ltr'>ἀποτρέπεται</span> <span class='ocrx_word' id='word_1_213' title='bbox 797 2115 882 2160; x_wconf 76' lang='grc' dir='ltr'>μετὰ</span> 
     </span>
     <span class='ocr_line' id='line_1_36' title="bbox 209 2166 882 2214; baseline -0.001 -10"><span class='ocrx_word' id='word_1_214' title='bbox 209 2176 272 2204; x_wconf 80' lang='grc' dir='ltr'>τῶν</span> <span class='ocrx_word' id='word_1_215' title='bbox 292 2171 392 2203; x_wconf 79' lang='grc' dir='ltr'>ἄλλων</span> <span class='ocrx_word' id='word_1_216' title='bbox 411 2171 515 2214; x_wconf 68' lang='grc' dir='ltr'>ἱερέων</span> <span class='ocrx_word' id='word_1_217' title='bbox 529 2181 535 2187; x_wconf 90' lang='grc'><em>·</em></span> <span class='ocrx_word' id='word_1_218' title='bbox 556 2173 613 2206; x_wconf 71' lang='grc' dir='ltr'>τῆς</span> <span class='ocrx_word' id='word_1_219' title='bbox 632 2166 669 2201; x_wconf 63' lang='grc' dir='ltr'>δὲ</span> <span class='ocrx_word' id='word_1_220' title='bbox 689 2167 882 2207; x_wconf 52' lang='lat' dir='ltr'>magale-ng</span> 
     </span>
     <span class='ocr_line' id='line_1_37' title="bbox 211 2219 885 2267; baseline -0.012 -8"><span class='ocrx_word' id='word_1_221' title='bbox 211 2224 231 2259; x_wconf 77' lang='grc' dir='ltr'>ἥ</span> <span class='ocrx_word' id='word_1_222' title='bbox 248 2238 284 2257; x_wconf 83' lang='grc' dir='ltr'>τε</span> <span class='ocrx_word' id='word_1_223' title='bbox 302 2223 420 2267; x_wconf 66' lang='grc' dir='ltr'><strong>κλίμαξ</strong></span> <span class='ocrx_word' id='word_1_224' title='bbox 434 2223 625 2263; x_wconf 75' lang='grc' dir='ltr'>ἀναιρεῖται,</span> <span class='ocrx_word' id='word_1_225' title='bbox 641 2235 670 2254; x_wconf 76' lang='grc' dir='ltr'>κ.</span> <span class='ocrx_word' id='word_1_226' title='bbox 690 2236 721 2254; x_wconf 82' lang='grc' dir='ltr'>τ.</span> <span class='ocrx_word' id='word_1_227' title='bbox 737 2227 765 2254; x_wconf 80' lang='grc' dir='ltr'>λ.</span> <span class='ocrx_word' id='word_1_228' title='bbox 780 2219 885 2252; x_wconf 70' lang='lat' dir='ltr'>Vide-</span> 
     </span>
     <span class='ocr_line' id='line_1_38' title="bbox 212 2272 883 2319; baseline -0.003 -12"><span class='ocrx_word' id='word_1_229' title='bbox 212 2283 269 2307; x_wconf 84' lang='lat' dir='ltr'>tur</span> <span class='ocrx_word' id='word_1_230' title='bbox 288 2274 405 2319; x_wconf 87' lang='lat' dir='ltr'>itaque</span> <span class='ocrx_word' id='word_1_231' title='bbox 420 2298 428 2314; x_wconf 85' lang='lat'>,</span> <span class='ocrx_word' id='word_1_232' title='bbox 450 2273 543 2306; x_wconf 86' lang='lat' dir='ltr'>salva</span> <span class='ocrx_word' id='word_1_233' title='bbox 560 2273 737 2305; x_wconf 80' lang='lat' dir='ltr'>Plutarchi</span> <span class='ocrx_word' id='word_1_234' title='bbox 756 2272 883 2305; x_wconf 85' lang='lat' dir='ltr'>descri-</span> 
     </span>
     <span class='ocr_line' id='line_1_39' title="bbox 214 2326 883 2372; baseline -0.001 -12"><span class='ocrx_word' id='word_1_235' title='bbox 214 2327 332 2372; x_wconf 86' lang='lat' dir='ltr'>ptione</span> <span class='ocrx_word' id='word_1_236' title='bbox 345 2351 354 2367; x_wconf 93' lang='lat'>‚</span> <span class='ocrx_word' id='word_1_237' title='bbox 375 2326 529 2359; x_wconf 77' lang='lat' dir='ltr'>carnifex</span> <span class='ocrx_word' id='word_1_238' title='bbox 547 2326 661 2371; x_wconf 82' lang='lat' dir='ltr'>(cujus</span> <span class='ocrx_word' id='word_1_239' title='bbox 682 2326 785 2359; x_wconf 85' lang='lat' dir='ltr'>etiam</span> <span class='ocrx_word' id='word_1_240' title='bbox 810 2338 883 2359; x_wconf 83' lang='lat' dir='ltr'>esse</span> 
     </span>
     <span class='ocr_line' id='line_1_40' title="bbox 214 2377 886 2425; baseline -0.001 -13"><span class='ocrx_word' id='word_1_241' title='bbox 214 2386 402 2425; x_wconf 87' lang='lat' dir='ltr'>potuerunt</span> <span class='ocrx_word' id='word_1_242' title='bbox 425 2380 582 2424; x_wconf 73' lang='grc' dir='ltr'>ὑπηρέται</span> <span class='ocrx_word' id='word_1_243' title='bbox 605 2377 711 2411; x_wconf 86' lang='lat' dir='ltr'>modo</span> <span class='ocrx_word' id='word_1_244' title='bbox 734 2391 886 2411; x_wconf 88' lang='lat' dir='ltr'>comme-</span> 
     </span>
     <span class='ocr_line' id='line_1_41' title="bbox 215 2431 888 2476; baseline -0.001 -12"><span class='ocrx_word' id='word_1_245' title='bbox 215 2432 358 2475; x_wconf 85' lang='lat' dir='ltr'>morati)</span> <span class='ocrx_word' id='word_1_246' title='bbox 372 2431 427 2464; x_wconf 89' lang='lat' dir='ltr'>cui</span> <span class='ocrx_word' id='word_1_247' title='bbox 441 2432 528 2464; x_wconf 88' lang='lat' dir='ltr'>forte</span> <span class='ocrx_word' id='word_1_248' title='bbox 543 2431 739 2476; x_wconf 69' lang='lat' dir='ltr'>ingerendae</span> <span class='ocrx_word' id='word_1_249' title='bbox 756 2431 888 2464; x_wconf 85' lang='lat' dir='ltr'>telluris</span> 
     </span>
     <span class='ocr_line' id='line_1_42' title="bbox 216 2483 889 2529; baseline -0.001 -12"><span class='ocrx_word' id='word_1_250' title='bbox 216 2485 395 2529; x_wconf 83' lang='lat' dir='ltr'>negotium</span> <span class='ocrx_word' id='word_1_251' title='bbox 407 2483 527 2517; x_wconf 88' lang='lat' dir='ltr'>datum</span> <span class='ocrx_word' id='word_1_252' title='bbox 541 2484 622 2523; x_wconf 86' lang='lat' dir='ltr'>fuit,</span> <span class='ocrx_word' id='word_1_253' title='bbox 638 2491 730 2516; x_wconf 86' lang='lat' dir='ltr'>retro</span> <span class='ocrx_word' id='word_1_254' title='bbox 741 2484 889 2516; x_wconf 84' lang='lat' dir='ltr'>abeunte</span> 
     </span>
     <span class='ocr_line' id='line_1_43' title="bbox 216 2535 888 2576; baseline -0.004 -6"><span class='ocrx_word' id='word_1_255' title='bbox 216 2537 400 2576; x_wconf 77' lang='lat' dir='ltr'>pontifice,</span> <span class='ocrx_word' id='word_1_256' title='bbox 414 2536 502 2569; x_wconf 84' lang='lat' dir='ltr'>illud</span> <span class='ocrx_word' id='word_1_257' title='bbox 514 2536 746 2569; x_wconf 82' lang='lat' dir='ltr'>ministerium</span> <span class='ocrx_word' id='word_1_258' title='bbox 756 2535 888 2568; x_wconf 78' lang='lat' dir='ltr'>Vestali</span> 
     </span>
     <span class='ocr_line' id='line_1_44' title="bbox 218 2590 891 2632; baseline -0.004 -10"><span class='ocrx_word' id='word_1_259' title='bbox 218 2590 396 2623; x_wconf 87' lang='lat' dir='ltr'>obtulisse.</span> <span class='ocrx_word' id='word_1_260' title='bbox 420 2590 464 2623; x_wconf 76' lang='lat' dir='ltr'>G.</span> <span class='ocrx_word' id='word_1_261' title='bbox 486 2610 532 2614; x_wconf 92' lang='lat'>—-</span> <span class='ocrx_word' id='word_1_262' title='bbox 549 2591 612 2621; x_wconf 78' lang='lat' dir='ltr'>Sed</span> <span class='ocrx_word' id='word_1_263' title='bbox 627 2590 891 2632; x_wconf 63' lang='lat' dir='ltr'>levesi-equencis-</span> 
     </span>
     <span class='ocr_line' id='line_1_45' title="bbox 220 2639 890 2685; baseline -0.001 -11"><span class='ocrx_word' id='word_1_264' title='bbox 220 2645 307 2675; x_wconf 62' lang='lat' dir='ltr'>Alme.</span> <span class='ocrx_word' id='word_1_265' title='bbox 319 2644 416 2675; x_wconf 79' lang='lat' dir='ltr'>Rom.</span> <span class='ocrx_word' id='word_1_266' title='bbox 427 2644 491 2673; x_wconf 81' lang='lat' dir='ltr'>Sed</span> <span class='ocrx_word' id='word_1_267' title='bbox 499 2643 834 2685; x_wconf 75' lang='lat' dir='ltr'>lzaecfi·eq11encissinze.</span> <span class='ocrx_word' id='word_1_268' title='bbox 848 2639 890 2673; x_wconf 88' lang='lat' dir='ltr'>H.</span> 
     </span>
    </p>

    <p class='ocr_par' dir='ltr' id='par_1_5' title="bbox 270 2693 892 2737">
     <span class='ocr_line' id='line_1_46' title="bbox 270 2693 892 2737; baseline -0.008 -9"><span class='ocrx_word' id='word_1_269' title='bbox 270 2710 315 2714; x_wconf 68' lang='lat'>-</span> <span class='ocrx_word' id='word_1_270' title='bbox 332 2693 385 2721; x_wconf 72' lang='lat' dir='ltr'>Me</span> <span class='ocrx_word' id='word_1_271' title='bbox 401 2697 507 2723; x_wconf 79' lang='lat' dir='ltr'>chsar</span> <span class='ocrx_word' id='word_1_272' title='bbox 518 2720 525 2727; x_wconf 82' lang='lat'>.</span> <span class='ocrx_word' id='word_1_273' title='bbox 546 2701 611 2726; x_wconf 80' lang='lat' dir='ltr'>etc.</span> <span class='ocrx_word' id='word_1_274' title='bbox 627 2693 768 2737; x_wconf 83' lang='lat' dir='ltr'>Signum</span> <span class='ocrx_word' id='word_1_275' title='bbox 791 2693 892 2724; x_wconf 81' lang='lat' dir='ltr'>inter—</span> 
     </span>
    </p>
   </div>
   <div class='ocr_carea' id='block_1_5' title="bbox 922 741 1629 2731">
    <p class='ocr_par' dir='ltr' id='par_1_6' title="bbox 922 741 1596 935">
     <span class='ocr_line' id='line_1_47' title="bbox 922 741 1594 790; baseline 0.004 -17"><span class='ocrx_word' id='word_1_276' title='bbox 922 741 1066 787; x_wconf 85' lang='lat' dir='ltr'>rogandi</span> <span class='ocrx_word' id='word_1_277' title='bbox 1080 742 1213 776; x_wconf 88' lang='lat' dir='ltr'>videtur</span> <span class='ocrx_word' id='word_1_278' title='bbox 1227 742 1488 790; x_wconf 86' lang='lat' dir='ltr'>opponendum.</span> <span class='ocrx_word' id='word_1_279' title='bbox 1502 743 1536 776; x_wconf 92' lang='lat' dir='ltr'>S.</span> <span class='ocrx_word' id='word_1_280' title='bbox 1548 763 1594 766; x_wconf 92' lang='lat'><strong>—</strong></span> 
     </span>
     <span class='ocr_line' id='line_1_48' title="bbox 928 794 1596 842; baseline 0 -16"><span class='ocrx_word' id='word_1_281' title='bbox 928 797 1152 839; x_wconf 76' lang='lat' dir='ltr'>Triunzplcavit.</span> <span class='ocrx_word' id='word_1_282' title='bbox 1165 798 1296 842; x_wconf 89' lang='lat' dir='ltr'>Nempe</span> <span class='ocrx_word' id='word_1_283' title='bbox 1314 796 1417 829; x_wconf 83' lang='lat' dir='ltr'>falsos</span> <span class='ocrx_word' id='word_1_284' title='bbox 1432 807 1470 828; x_wconf 88' lang='lat' dir='ltr'>ac</span> <span class='ocrx_word' id='word_1_285' title='bbox 1484 794 1596 827; x_wconf 87' lang='lat' dir='ltr'>mimi—</span> 
     </span>
     <span class='ocr_line' id='line_1_49' title="bbox 924 845 1594 895; baseline -0.004 -15"><span class='ocrx_word' id='word_1_286' title='bbox 924 860 982 880; x_wconf 89' lang='lat' dir='ltr'>cos</span> <span class='ocrx_word' id='word_1_287' title='bbox 992 849 1187 895; x_wconf 84' lang='lat' dir='ltr'>triumphos</span> <span class='ocrx_word' id='word_1_288' title='bbox 1201 857 1314 895; x_wconf 87' lang='lat' dir='ltr'>egerat</span> <span class='ocrx_word' id='word_1_289' title='bbox 1322 848 1536 882; x_wconf 86' lang='lat' dir='ltr'>Domitianus</span> <span class='ocrx_word' id='word_1_290' title='bbox 1550 845 1594 878; x_wconf 73' lang='lat' dir='ltr'>dc</span> 
     </span>
     <span class='ocr_line' id='line_1_50' title="bbox 925 901 1354 935; baseline 0 -2"><span class='ocrx_word' id='word_1_291' title='bbox 925 901 1027 934; x_wconf 83' lang='lat' dir='ltr'>Dacis</span> <span class='ocrx_word' id='word_1_292' title='bbox 1046 910 1079 934; x_wconf 88' lang='lat' dir='ltr'>et</span> <span class='ocrx_word' id='word_1_293' title='bbox 1099 901 1141 935; x_wconf 81' lang='lat' dir='ltr'>tle</span> <span class='ocrx_word' id='word_1_294' title='bbox 1155 902 1275 935; x_wconf 87' lang='lat' dir='ltr'>Cattis.</span> <span class='ocrx_word' id='word_1_295' title='bbox 1290 903 1354 934; x_wconf 79' lang='lat' dir='ltr'>En.</span> 
     </span>
    </p>

    <p class='ocr_par' dir='ltr' id='par_1_7' title="bbox 927 951 1614 1945">
     <span class='ocr_line' id='line_1_51' title="bbox 974 951 1598 994; baseline -0.005 -7"><span class='ocrx_word' id='word_1_296' title='bbox 974 956 1006 987; x_wconf 89' lang='lat'>8.</span> <span class='ocrx_word' id='word_1_297' title='bbox 1031 957 1146 987; x_wconf 81' lang='lat' dir='ltr'>Nescio</span> <span class='ocrx_word' id='word_1_298' title='bbox 1171 968 1214 986; x_wconf 83' lang='lat' dir='ltr'>an</span> <span class='ocrx_word' id='word_1_299' title='bbox 1240 957 1400 987; x_wconf 80' lang='lat' dir='ltr'>innocens.</span> <span class='ocrx_word' id='word_1_300' title='bbox 1421 953 1492 994; x_wconf 82' lang='lat' dir='ltr'>Qui</span> <span class='ocrx_word' id='word_1_301' title='bbox 1510 951 1598 985; x_wconf 80' lang='lat' dir='ltr'>Ger-</span> 
     </span>
     <span class='ocr_line' id='line_1_52' title="bbox 927 1004 1598 1046; baseline -0.006 -7"><span class='ocrx_word' id='word_1_302' title='bbox 927 1007 1060 1040; x_wconf 86' lang='lat' dir='ltr'>manice</span> <span class='ocrx_word' id='word_1_303' title='bbox 1086 1008 1134 1039; x_wconf 90' lang='lat' dir='ltr'>sic</span> <span class='ocrx_word' id='word_1_304' title='bbox 1154 1006 1291 1040; x_wconf 80' lang='lat' dir='ltr'>ordinat</span> <span class='ocrx_word' id='word_1_305' title='bbox 1313 1007 1441 1046; x_wconf 83' lang='lat' dir='ltr'>verba,</span> <span class='ocrx_word' id='word_1_306' title='bbox 1462 1004 1598 1038; x_wconf 81' lang='lat' dir='ltr'>dubitat</span> 
     </span>
     <span class='ocr_line' id='line_1_53' title="bbox 927 1057 1602 1105; baseline -0.004 -14"><span class='ocrx_word' id='word_1_307' title='bbox 927 1060 974 1092; x_wconf 87' lang='lat' dir='ltr'>ita</span> <span class='ocrx_word' id='word_1_308' title='bbox 988 1085 996 1100; x_wconf 85' lang='lat'>‚</span> <span class='ocrx_word' id='word_1_309' title='bbox 1015 1067 1053 1092; x_wconf 89' lang='lat' dir='ltr'>ut</span> <span class='ocrx_word' id='word_1_310' title='bbox 1070 1059 1114 1092; x_wconf 87' lang='lat' dir='ltr'>ad</span> <span class='ocrx_word' id='word_1_311' title='bbox 1130 1067 1315 1105; x_wconf 85' lang='lat' dir='ltr'>negantem</span> <span class='ocrx_word' id='word_1_312' title='bbox 1329 1057 1535 1092; x_wconf 85' lang='lat' dir='ltr'>sententiam</span> <span class='ocrx_word' id='word_1_313' title='bbox 1550 1057 1602 1089; x_wconf 90' lang='lat' dir='ltr'>in-</span> 
     </span>
     <span class='ocr_line' id='line_1_54' title="bbox 929 1109 1602 1157; baseline -0.003 -13"><span class='ocrx_word' id='word_1_314' title='bbox 929 1112 1044 1144; x_wconf 79' lang='lat' dir='ltr'>clinet.</span> <span class='ocrx_word' id='word_1_315' title='bbox 1068 1112 1174 1145; x_wconf 84' lang='lat' dir='ltr'>Aliter</span> <span class='ocrx_word' id='word_1_316' title='bbox 1198 1113 1343 1153; x_wconf 83' lang='lat' dir='ltr'>Latine,</span> <span class='ocrx_word' id='word_1_317' title='bbox 1367 1109 1463 1157; x_wconf 87' lang='lat' dir='ltr'>quod</span> <span class='ocrx_word' id='word_1_318' title='bbox 1488 1118 1521 1143; x_wconf 90' lang='lat' dir='ltr'>et</span> <span class='ocrx_word' id='word_1_319' title='bbox 1546 1109 1602 1142; x_wconf 89' lang='lat' dir='ltr'>hic</span> 
     </span>
     <span class='ocr_line' id='line_1_55' title="bbox 931 1164 1604 1203; baseline -0.003 -7"><span class='ocrx_word' id='word_1_320' title='bbox 931 1164 1048 1197; x_wconf 78' lang='lat' dir='ltr'>inultis</span> <span class='ocrx_word' id='word_1_321' title='bbox 1077 1164 1291 1198; x_wconf 86' lang='lat' dir='ltr'>demonstrat</span> <span class='ocrx_word' id='word_1_322' title='bbox 1314 1164 1471 1203; x_wconf 86' lang='lat' dir='ltr'>Cortius,</span> <span class='ocrx_word' id='word_1_323' title='bbox 1489 1171 1523 1195; x_wconf 90' lang='lat' dir='ltr'>et</span> <span class='ocrx_word' id='word_1_324' title='bbox 1545 1173 1604 1194; x_wconf 91' lang='lat' dir='ltr'>co-</span> 
     </span>
     <span class='ocr_line' id='line_1_56' title="bbox 929 1217 1604 1262; baseline -0.009 -12"><span class='ocrx_word' id='word_1_325' title='bbox 929 1217 1023 1262; x_wconf 86' lang='lat' dir='ltr'>piose</span> <span class='ocrx_word' id='word_1_326' title='bbox 1038 1217 1082 1250; x_wconf 89' lang='lat' dir='ltr'>ad</span> <span class='ocrx_word' id='word_1_327' title='bbox 1092 1218 1195 1251; x_wconf 80' lang='lat' dir='ltr'>Fabr.</span> <span class='ocrx_word' id='word_1_328' title='bbox 1208 1218 1414 1250; x_wconf 84' lang='lat' dir='ltr'>thesaurum</span> <span class='ocrx_word' id='word_1_329' title='bbox 1429 1223 1604 1249; x_wconf 75' lang='lat' dir='ltr'>ostensum</span> 
     </span>
     <span class='ocr_line' id='line_1_57' title="bbox 931 1267 1609 1314; baseline -0.009 -10"><span class='ocrx_word' id='word_1_330' title='bbox 931 1279 993 1304; x_wconf 84' lang='lat' dir='ltr'>est.</span> <span class='ocrx_word' id='word_1_331' title='bbox 1018 1273 1133 1303; x_wconf 77' lang='lat' dir='ltr'>Nescio</span> <span class='ocrx_word' id='word_1_332' title='bbox 1159 1284 1202 1303; x_wconf 80' lang='lat' dir='ltr'>an</span> <span class='ocrx_word' id='word_1_333' title='bbox 1229 1273 1380 1303; x_wconf 81' lang='lat' dir='ltr'>innocens</span> <span class='ocrx_word' id='word_1_334' title='bbox 1404 1267 1609 1314; x_wconf 84' lang='lat' dir='ltr'>simpliciter</span> 
     </span>
     <span class='ocr_line' id='line_1_58' title="bbox 933 1320 1604 1369; baseline -0.004 -13"><span class='ocrx_word' id='word_1_335' title='bbox 933 1323 1103 1369; x_wconf 83' lang='lat' dir='ltr'>significat</span> <span class='ocrx_word' id='word_1_336' title='bbox 1117 1349 1125 1363; x_wconf 93' lang='lat'>‚</span> <span class='ocrx_word' id='word_1_337' title='bbox 1155 1325 1243 1356; x_wconf 89' lang='lat' dir='ltr'>forte</span> <span class='ocrx_word' id='word_1_338' title='bbox 1271 1324 1453 1355; x_wconf 87' lang='lat' dir='ltr'>innocens.</span> <span class='ocrx_word' id='word_1_339' title='bbox 1481 1320 1525 1353; x_wconf 92' lang='lat' dir='ltr'>G.</span> <span class='ocrx_word' id='word_1_340' title='bbox 1559 1339 1604 1343; x_wconf 87' lang='lat'><em>—</em></span> 
     </span>
     <span class='ocr_line' id='line_1_59' title="bbox 937 1371 1605 1419; baseline -0.007 -12"><span class='ocrx_word' id='word_1_341' title='bbox 937 1381 1106 1419; x_wconf 74' lang='lat' dir='ltr'>Tanquam</span> <span class='ocrx_word' id='word_1_342' title='bbox 1119 1379 1279 1408; x_wconf 72' lang='lat' dir='ltr'>innocens.</span> <span class='ocrx_word' id='word_1_343' title='bbox 1301 1374 1341 1408; x_wconf 84' lang='lat' dir='ltr'>Id</span> <span class='ocrx_word' id='word_1_344' title='bbox 1357 1382 1407 1408; x_wconf 87' lang='lat' dir='ltr'>est</span> <span class='ocrx_word' id='word_1_345' title='bbox 1420 1399 1428 1414; x_wconf 88' lang='lat'>,</span> <span class='ocrx_word' id='word_1_346' title='bbox 1449 1371 1605 1406; x_wconf 85' lang='lat' dir='ltr'>omnium</span> 
     </span>
     <span class='ocr_line' id='line_1_60' title="bbox 932 1424 1605 1474; baseline -0.01 -12"><span class='ocrx_word' id='word_1_347' title='bbox 932 1429 1097 1474; x_wconf 86' lang='lat' dir='ltr'>opinione</span> <span class='ocrx_word' id='word_1_348' title='bbox 1115 1429 1294 1461; x_wconf 55' lang='lat' dir='ltr'>innocens</span> <span class='ocrx_word' id='word_1_349' title='bbox 1315 1428 1369 1461; x_wconf 88' lang='lat' dir='ltr'>Sic</span> <span class='ocrx_word' id='word_1_350' title='bbox 1389 1438 1428 1459; x_wconf 77' lang='lat' dir='ltr'>ex</span> <span class='ocrx_word' id='word_1_351' title='bbox 1445 1424 1605 1458; x_wconf 86' lang='lat' dir='ltr'>Mediceo</span> 
     </span>
     <span class='ocr_line' id='line_1_61' title="bbox 937 1475 1607 1517; baseline -0.01 -3"><span class='ocrx_word' id='word_1_352' title='bbox 937 1482 1074 1515; x_wconf 79' lang='lat' dir='ltr'>Cortius</span> <span class='ocrx_word' id='word_1_353' title='bbox 1099 1481 1143 1514; x_wconf 92' lang='lat' dir='ltr'>G.</span> <span class='ocrx_word' id='word_1_354' title='bbox 1173 1501 1222 1517; x_wconf 72' lang='lat'>—,</span> <span class='ocrx_word' id='word_1_355' title='bbox 1249 1482 1347 1513; x_wconf 83' lang='lat' dir='ltr'>Rom.</span> <span class='ocrx_word' id='word_1_356' title='bbox 1381 1496 1394 1508; x_wconf 88' lang='lat'>«</span> <span class='ocrx_word' id='word_1_357' title='bbox 1412 1479 1531 1511; x_wconf 90' lang='lat' dir='ltr'>Donec</span> <span class='ocrx_word' id='word_1_358' title='bbox 1564 1475 1607 1508; x_wconf 82' lang='lat' dir='ltr'>ad</span> 
     </span>
     <span class='ocr_line' id='line_1_62' title="bbox 939 1532 1606 1579; baseline -0.01 -11"><span class='ocrx_word' id='word_1_359' title='bbox 939 1533 1143 1579; x_wconf 82' lang='lat' dir='ltr'>supplicium</span> <span class='ocrx_word' id='word_1_360' title='bbox 1159 1558 1167 1572; x_wconf 94' lang='lat'>‚</span> <span class='ocrx_word' id='word_1_361' title='bbox 1197 1534 1312 1566; x_wconf 83' lang='lat' dir='ltr'>nescio</span> <span class='ocrx_word' id='word_1_362' title='bbox 1345 1545 1388 1566; x_wconf 85' lang='lat' dir='ltr'>an</span> <span class='ocrx_word' id='word_1_363' title='bbox 1418 1532 1586 1564; x_wconf 86' lang='lat' dir='ltr'>innocens</span> <span class='ocrx_word' id='word_1_364' title='bbox 1598 1555 1606 1569; x_wconf 89' lang='lat'>‚</span> 
     </span>
     <span class='ocr_line' id='line_1_63' title="bbox 938 1583 1608 1631; baseline -0.012 -10"><span class='ocrx_word' id='word_1_365' title='bbox 938 1595 1030 1621; x_wconf 82' lang='lat' dir='ltr'>certe</span> <span class='ocrx_word' id='word_1_366' title='bbox 1049 1594 1216 1631; x_wconf 79' lang='lat' dir='ltr'>tanquam</span> <span class='ocrx_word' id='word_1_367' title='bbox 1236 1597 1365 1619; x_wconf 88' lang='lat' dir='ltr'>nocens</span> <span class='ocrx_word' id='word_1_368' title='bbox 1378 1610 1388 1626; x_wconf 84' lang='grc'>,</span> <span class='ocrx_word' id='word_1_369' title='bbox 1400 1583 1506 1617; x_wconf 84' lang='lat' dir='ltr'>ducta</span> <span class='ocrx_word' id='word_1_370' title='bbox 1520 1590 1582 1615; x_wconf 85' lang='lat' dir='ltr'>est.</span> <span class='ocrx_word' id='word_1_371' title='bbox 1596 1598 1608 1609; x_wconf 68' lang='grc' dir='ltr'>»ι</span> 
     </span>
     <span class='ocr_line' id='line_1_64' title="bbox 940 1634 1609 1683; baseline -0.012 -10"><span class='ocrx_word' id='word_1_372' title='bbox 940 1641 1041 1673; x_wconf 86' lang='lat' dir='ltr'>Bene.</span> <span class='ocrx_word' id='word_1_373' title='bbox 1051 1640 1092 1671; x_wconf 91' lang='lat' dir='ltr'>In</span> <span class='ocrx_word' id='word_1_374' title='bbox 1100 1639 1266 1671; x_wconf 83' lang='lat' dir='ltr'>Cortiana</span> <span class='ocrx_word' id='word_1_375' title='bbox 1277 1649 1462 1683; x_wconf 87' lang='lat' dir='ltr'>operarum</span> <span class='ocrx_word' id='word_1_376' title='bbox 1475 1634 1609 1667; x_wconf 86' lang='lat' dir='ltr'>incuria</span> 
     </span>
     <span class='ocr_line' id='line_1_65' title="bbox 940 1689 1613 1736; baseline -0.01 -10"><span class='ocrx_word' id='word_1_377' title='bbox 940 1695 992 1727; x_wconf 88' lang='lat' dir='ltr'>bis</span> <span class='ocrx_word' id='word_1_378' title='bbox 1007 1695 1155 1724; x_wconf 79' lang='lat' dir='ltr'>innocens</span> <span class='ocrx_word' id='word_1_379' title='bbox 1168 1691 1305 1736; x_wconf 86' lang='lat' dir='ltr'>legitur.</span> <span class='ocrx_word' id='word_1_380' title='bbox 1322 1690 1366 1723; x_wconf 83' lang='grc' dir='ltr'>Η.</span> <span class='ocrx_word' id='word_1_381' title='bbox 1380 1710 1425 1714; x_wconf 53' lang='grc'>»-</span> <span class='ocrx_word' id='word_1_382' title='bbox 1437 1689 1516 1721; x_wconf 91' lang='lat' dir='ltr'>Non</span> <span class='ocrx_word' id='word_1_383' title='bbox 1531 1698 1613 1732; x_wconf 81' lang='lat' dir='ltr'>ope-</span> 
     </span>
     <span class='ocr_line' id='line_1_66' title="bbox 942 1740 1613 1783; baseline -0.01 -5"><span class='ocrx_word' id='word_1_384' title='bbox 942 1757 1060 1779; x_wconf 89' lang='lat' dir='ltr'>rarum</span> <span class='ocrx_word' id='word_1_385' title='bbox 1087 1743 1239 1783; x_wconf 89' lang='lat' dir='ltr'>incuria,</span> <span class='ocrx_word' id='word_1_386' title='bbox 1260 1741 1320 1775; x_wconf 86' lang='lat' dir='ltr'>sed</span> <span class='ocrx_word' id='word_1_387' title='bbox 1343 1741 1462 1774; x_wconf 90' lang='lat' dir='ltr'>Cortio</span> <span class='ocrx_word' id='word_1_388' title='bbox 1483 1740 1529 1772; x_wconf 90' lang='lat' dir='ltr'>sic</span> <span class='ocrx_word' id='word_1_389' title='bbox 1554 1751 1613 1771; x_wconf 82' lang='lat' dir='ltr'>vo-</span> 
     </span>
     <span class='ocr_line' id='line_1_67' title="bbox 945 1797 1612 1839; baseline -0.013 -8"><span class='ocrx_word' id='word_1_390' title='bbox 945 1800 1049 1832; x_wconf 85' lang='lat' dir='ltr'>lente.</span> <span class='ocrx_word' id='word_1_391' title='bbox 1058 1797 1191 1829; x_wconf 84' lang='lat' dir='ltr'>Verum</span> <span class='ocrx_word' id='word_1_392' title='bbox 1204 1804 1290 1839; x_wconf 82' lang='lat' dir='ltr'>puto</span> <span class='ocrx_word' id='word_1_393' title='bbox 1311 1806 1466 1837; x_wconf 78' lang='lat' dir='ltr'>tanquam</span> <span class='ocrx_word' id='word_1_394' title='bbox 1479 1804 1594 1824; x_wconf 81' lang='lat' dir='ltr'>nocens</span> <span class='ocrx_word' id='word_1_395' title='bbox 1604 1817 1612 1828; x_wconf 94' lang='lat'>,</span> 
     </span>
     <span class='ocr_line' id='line_1_68' title="bbox 945 1842 1614 1896; baseline -0.016 -12"><span class='ocrx_word' id='word_1_396' title='bbox 945 1864 1007 1896; x_wconf 87' lang='lat' dir='ltr'>pro</span> <span class='ocrx_word' id='word_1_397' title='bbox 1026 1863 1097 1895; x_wconf 87' lang='lat' dir='ltr'>quo</span> <span class='ocrx_word' id='word_1_398' title='bbox 1123 1856 1241 1881; x_wconf 84' lang='lat' dir='ltr'>nostra</span> <span class='ocrx_word' id='word_1_399' title='bbox 1268 1847 1369 1880; x_wconf 77' lang='lat' dir='ltr'>lectio</span> <span class='ocrx_word' id='word_1_400' title='bbox 1382 1872 1391 1887; x_wconf 90' lang='lat'>,</span> <span class='ocrx_word' id='word_1_401' title='bbox 1412 1847 1439 1878; x_wconf 85' lang='lat' dir='ltr'>si</span> <span class='ocrx_word' id='word_1_402' title='bbox 1457 1843 1542 1890; x_wconf 88' lang='lat' dir='ltr'>quid</span> <span class='ocrx_word' id='word_1_403' title='bbox 1566 1842 1614 1874; x_wconf 70' lang='lat' dir='ltr'>vi-</span> 
     </span>
     <span class='ocr_line' id='line_1_69' title="bbox 946 1900 1368 1945; baseline -0.012 -9"><span class='ocrx_word' id='word_1_404' title='bbox 946 1903 1011 1936; x_wconf 89' lang='lat' dir='ltr'>deo</span> <span class='ocrx_word' id='word_1_405' title='bbox 1025 1928 1033 1944; x_wconf 90' lang='lat'>‚</span> <span class='ocrx_word' id='word_1_406' title='bbox 1053 1902 1178 1935; x_wconf 86' lang='lat' dir='ltr'>misere</span> <span class='ocrx_word' id='word_1_407' title='bbox 1198 1900 1314 1945; x_wconf 85' lang='lat' dir='ltr'>friget.</span> <span class='ocrx_word' id='word_1_408' title='bbox 1333 1900 1368 1932; x_wconf 86' lang='lat' dir='ltr'>S.</span> 
     </span>
    </p>

    <p class='ocr_par' dir='ltr' id='par_1_8' title="bbox 948 1950 1629 2731">
     <span class='ocr_line' id='line_1_70' title="bbox 993 1950 1615 1999; baseline -0.019 -11"><span class='ocrx_word' id='word_1_409' title='bbox 993 1969 1026 1999; x_wconf 80' lang='lat'>9.</span> <span class='ocrx_word' id='word_1_410' title='bbox 1044 1959 1147 1997; x_wconf 81' lang='lat' dir='ltr'>Quum</span> <span class='ocrx_word' id='word_1_411' title='bbox 1160 1956 1192 1985; x_wconf 87' lang='lat' dir='ltr'>in</span> <span class='ocrx_word' id='word_1_412' title='bbox 1205 1954 1303 1992; x_wconf 68' lang='lat' dir='ltr'><em>illud,</em></span> <span class='ocrx_word' id='word_1_413' title='bbox 1320 1959 1384 1983; x_wconf 86' lang='lat' dir='ltr'>etc.</span> <span class='ocrx_word' id='word_1_414' title='bbox 1400 1952 1498 1982; x_wconf 76' lang='lat' dir='ltr'>Rom.</span> <span class='ocrx_word' id='word_1_415' title='bbox 1513 1950 1615 1989; x_wconf 80' lang='lat' dir='ltr'>Quum</span> 
     </span>
     <span class='ocr_line' id='line_1_71' title="bbox 948 2003 1615 2041; baseline -0.018 0"><span class='ocrx_word' id='word_1_416' title='bbox 948 2012 980 2041; x_wconf 87' lang='lat' dir='ltr'>in</span> <span class='ocrx_word' id='word_1_417' title='bbox 1011 2010 1094 2040; x_wconf 79' lang='lat' dir='ltr'>illud</span> <span class='ocrx_word' id='word_1_418' title='bbox 1118 2009 1356 2039; x_wconf 74' lang='lat' dir='ltr'>subterraneum</span> <span class='ocrx_word' id='word_1_419' title='bbox 1381 2003 1615 2034; x_wconf 67' lang='lat' dir='ltr'>demitteretur,</span> 
     </span>
     <span class='ocr_line' id='line_1_72' title="bbox 950 2051 1615 2101; baseline -0.02 -6"><span class='ocrx_word' id='word_1_420' title='bbox 950 2062 1022 2095; x_wconf 87' lang='lat' dir='ltr'>sine</span> <span class='ocrx_word' id='word_1_421' title='bbox 1041 2060 1236 2095; x_wconf 75' lang='lat' dir='ltr'>cubiculum,</span> <span class='ocrx_word' id='word_1_422' title='bbox 1259 2055 1354 2101; x_wconf 83' lang='lat' dir='ltr'>quod</span> <span class='ocrx_word' id='word_1_423' title='bbox 1380 2061 1412 2087; x_wconf 88' lang='lat' dir='ltr'>et</span> <span class='ocrx_word' id='word_1_424' title='bbox 1434 2053 1468 2085; x_wconf 88' lang='lat' dir='ltr'>in</span> <span class='ocrx_word' id='word_1_425' title='bbox 1488 2051 1615 2084; x_wconf 89' lang='lat' dir='ltr'>Medic.</span> 
     </span>
     <span class='ocr_line' id='line_1_73' title="bbox 952 2105 1618 2148; baseline -0.02 -1"><span class='ocrx_word' id='word_1_426' title='bbox 952 2115 1094 2147; x_wconf 77' lang='lat' dir='ltr'>fortasse</span> <span class='ocrx_word' id='word_1_427' title='bbox 1119 2117 1233 2148; x_wconf 82' lang='lat' dir='ltr'>recte,</span> <span class='ocrx_word' id='word_1_428' title='bbox 1261 2117 1294 2141; x_wconf 83' lang='lat' dir='ltr'>et</span> <span class='ocrx_word' id='word_1_429' title='bbox 1318 2106 1431 2140; x_wconf 87' lang='lat' dir='ltr'>Plinio</span> <span class='ocrx_word' id='word_1_430' title='bbox 1457 2105 1595 2137; x_wconf 79' lang='lat' dir='ltr'>volente</span> <span class='ocrx_word' id='word_1_431' title='bbox 1610 2128 1618 2142; x_wconf 89' lang='lat'><strong><em>‚</em></strong></span> 
     </span>
     <span class='ocr_line' id='line_1_74' title="bbox 949 2158 1618 2204; baseline -0.019 -5"><span class='ocrx_word' id='word_1_432' title='bbox 949 2166 1113 2199; x_wconf 78' lang='lat' dir='ltr'>omissum</span> <span class='ocrx_word' id='word_1_433' title='bbox 1131 2169 1192 2194; x_wconf 76' lang='lat' dir='ltr'>est.</span> <span class='ocrx_word' id='word_1_434' title='bbox 1212 2161 1255 2193; x_wconf 88' lang='lat' dir='ltr'>H.</span> <span class='ocrx_word' id='word_1_435' title='bbox 1273 2180 1317 2185; x_wconf 49' lang='lat'>—⁶</span> <span class='ocrx_word' id='word_1_436' title='bbox 1332 2158 1458 2204; x_wconf 74' lang='lat' dir='ltr'>Appul.</span> <span class='ocrx_word' id='word_1_437' title='bbox 1476 2158 1618 2189; x_wconf 85' lang='lat' dir='ltr'>Metam.</span> 
     </span>
     <span class='ocr_line' id='line_1_75' title="bbox 949 2212 1622 2264; baseline -0.021 -12"><span class='ocrx_word' id='word_1_438' title='bbox 949 2232 983 2264; x_wconf 74' lang='lat' dir='ltr'>p.</span> <span class='ocrx_word' id='word_1_439' title='bbox 997 2220 1063 2262; x_wconf 80' lang='lat'>766</span> <span class='ocrx_word' id='word_1_440' title='bbox 1075 2242 1084 2257; x_wconf 85' lang='lat'>‚</span> <span class='ocrx_word' id='word_1_441' title='bbox 1100 2215 1154 2249; x_wconf 79' lang='lat' dir='ltr'>ed.</span> <span class='ocrx_word' id='word_1_442' title='bbox 1168 2212 1331 2247; x_wconf 87' lang='lat' dir='ltr'>Oudend.</span> <span class='ocrx_word' id='word_1_443' title='bbox 1345 2215 1375 2244; x_wconf 82' lang='lat' dir='ltr'>in</span> <span class='ocrx_word' id='word_1_444' title='bbox 1388 2214 1454 2254; x_wconf 77' lang='lat' dir='ltr'>ipso</span> <span class='ocrx_word' id='word_1_445' title='bbox 1465 2212 1622 2241; x_wconf 69' lang='lat' dir='ltr'>subterra-</span> 
     </span>
     <span class='ocr_line' id='line_1_76' title="bbox 949 2264 1621 2310; baseline -0.018 -8"><span class='ocrx_word' id='word_1_446' title='bbox 949 2284 1007 2303; x_wconf 83' lang='lat' dir='ltr'>neo</span> <span class='ocrx_word' id='word_1_447' title='bbox 1026 2269 1244 2301; x_wconf 73' lang='lat' dir='ltr'>semirotundo</span> <span class='ocrx_word' id='word_1_448' title='bbox 1257 2292 1265 2303; x_wconf 78' lang='grc'>,</span> <span class='ocrx_word' id='word_1_449' title='bbox 1281 2278 1343 2310; x_wconf 84' lang='lat' dir='ltr'>pro</span> <span class='ocrx_word' id='word_1_450' title='bbox 1359 2276 1428 2309; x_wconf 86' lang='lat' dir='ltr'>quo</span> <span class='ocrx_word' id='word_1_451' title='bbox 1447 2264 1621 2304; x_wconf 75' lang='lat' dir='ltr'>hypogeum</span> 
     </span>
     <span class='ocr_line' id='line_1_77' title="bbox 949 2317 1624 2365; baseline -0.022 -9"><span class='ocrx_word' id='word_1_452' title='bbox 949 2322 1129 2356; x_wconf 79' lang='lat' dir='ltr'>Petronius</span> <span class='ocrx_word' id='word_1_453' title='bbox 1144 2333 1220 2365; x_wconf 86' lang='lat' dir='ltr'>cap.</span> <span class='ocrx_word' id='word_1_454' title='bbox 1241 2319 1332 2351; x_wconf 83' lang='lat' dir='ltr'>CXI.</span> <span class='ocrx_word' id='word_1_455' title='bbox 1349 2318 1380 2350; x_wconf 86' lang='lat' dir='ltr'>S.</span> <span class='ocrx_word' id='word_1_456' title='bbox 1396 2336 1441 2340; x_wconf 89' lang='lat'>—-</span> <span class='ocrx_word' id='word_1_457' title='bbox 1460 2317 1624 2355; x_wconf 79' lang='lat' dir='ltr'>Quumque</span> 
     </span>
     <span class='ocr_line' id='line_1_78' title="bbox 953 2369 1623 2418; baseline -0.022 -9"><span class='ocrx_word' id='word_1_458' title='bbox 953 2379 982 2409; x_wconf 76' lang='lat' dir='ltr'>ei</span> <span class='ocrx_word' id='word_1_459' title='bbox 991 2376 1149 2418; x_wconf 63' lang='lat' dir='ltr'>carmfizz‘,</span> <span class='ocrx_word' id='word_1_460' title='bbox 1160 2381 1222 2407; x_wconf 83' lang='lat' dir='ltr'>etc.</span> <span class='ocrx_word' id='word_1_461' title='bbox 1234 2373 1332 2404; x_wconf 82' lang='lat' dir='ltr'>Rom.</span> <span class='ocrx_word' id='word_1_462' title='bbox 1345 2373 1447 2411; x_wconf 79' lang='lat' dir='ltr'>Quum</span> <span class='ocrx_word' id='word_1_463' title='bbox 1457 2369 1487 2398; x_wconf 83' lang='lat' dir='ltr'>ei</span> <span class='ocrx_word' id='word_1_464' title='bbox 1495 2377 1623 2397; x_wconf 77' lang='lat' dir='ltr'>manum</span> 
     </span>
     <span class='ocr_line' id='line_1_79' title="bbox 954 2418 1626 2471; baseline -0.019 -11"><span class='ocrx_word' id='word_1_465' title='bbox 954 2429 1224 2471; x_wconf 65' lang='lat' dir='ltr'>carnifi’xdarec,</span> <span class='ocrx_word' id='word_1_466' title='bbox 1244 2426 1416 2456; x_wconf 74' lang='lat' dir='ltr'>adversata</span> <span class='ocrx_word' id='word_1_467' title='bbox 1434 2429 1494 2456; x_wconf 80' lang='lat' dir='ltr'>est,</span> <span class='ocrx_word' id='word_1_468' title='bbox 1511 2427 1541 2449; x_wconf 77' lang='lat' dir='ltr'>et</span> <span class='ocrx_word' id='word_1_469' title='bbox 1554 2418 1626 2448; x_wconf 83' lang='lat' dir='ltr'>resi-</span> 
     </span>
     <span class='ocr_line' id='line_1_80' title="bbox 956 2470 1627 2524; baseline -0.022 -11"><span class='ocrx_word' id='word_1_470' title='bbox 956 2484 1004 2513; x_wconf 78' lang='lat' dir='ltr'>liit</span> <span class='ocrx_word' id='word_1_471' title='bbox 1017 2481 1223 2524; x_wconf 59' lang='lat' dir='ltr'>:stellamque</span> <span class='ocrx_word' id='word_1_472' title='bbox 1238 2484 1420 2508; x_wconf 77' lang='lat' dir='ltr'>contactum</span> <span class='ocrx_word' id='word_1_473' title='bbox 1431 2496 1440 2511; x_wconf 92' lang='lat'><em>‚</em></span> <span class='ocrx_word' id='word_1_474' title='bbox 1455 2470 1627 2513; x_wconf 80' lang='lat' dir='ltr'>quasipla-</span> 
     </span>
     <span class='ocr_line' id='line_1_81' title="bbox 956 2522 1627 2573; baseline -0.021 -8"><span class='ocrx_word' id='word_1_475' title='bbox 956 2547 995 2565; x_wconf 78' lang='lat' dir='ltr'>ne</span> <span class='ocrx_word' id='word_1_476' title='bbox 1014 2547 1034 2564; x_wconf 77' lang='lat' dir='ltr'><em>a</em></span> <span class='ocrx_word' id='word_1_477' title='bbox 1061 2541 1148 2563; x_wconf 73' lang='lat' dir='ltr'>casto</span> <span class='ocrx_word' id='word_1_478' title='bbox 1165 2540 1315 2573; x_wconf 68' lang='lat' dir='ltr'><em>puroque</em></span> <span class='ocrx_word' id='word_1_479' title='bbox 1332 2536 1474 2568; x_wconf 65' lang='lat' dir='ltr'><em>COIPOJ‘C.</em></span> <span class='ocrx_word' id='word_1_480' title='bbox 1493 2522 1627 2554; x_wconf 70' lang='lat' dir='ltr'>Fucun&#39;l</span> 
     </span>
     <span class='ocr_line' id='line_1_82' title="bbox 958 2577 1628 2623; baseline -0.021 -5"><span class='ocrx_word' id='word_1_481' title='bbox 958 2585 1033 2618; x_wconf 85' lang='lat' dir='ltr'>aliis</span> <span class='ocrx_word' id='word_1_482' title='bbox 1061 2583 1143 2616; x_wconf 85' lang='lat' dir='ltr'>facit</span> <span class='ocrx_word' id='word_1_483' title='bbox 1165 2581 1302 2615; x_wconf 85' lang='lat' dir='ltr'>Cortius</span> <span class='ocrx_word' id='word_1_484' title='bbox 1317 2604 1325 2618; x_wconf 92' lang='lat'>‚</span> <span class='ocrx_word' id='word_1_485' title='bbox 1344 2577 1468 2623; x_wconf 88' lang='lat' dir='ltr'>quibus</span> <span class='ocrx_word' id='word_1_486' title='bbox 1487 2584 1628 2619; x_wconf 85' lang='lat' dir='ltr'>persua-</span> 
     </span>
     <span class='ocr_line' id='line_1_83' title="bbox 959 2625 1629 2675; baseline -0.024 -4"><span class='ocrx_word' id='word_1_487' title='bbox 959 2637 1041 2670; x_wconf 84' lang='lat' dir='ltr'>dere</span> <span class='ocrx_word' id='word_1_488' title='bbox 1058 2649 1073 2669; x_wconf 57' lang='grc' dir='ltr'>ν</span> <span class='ocrx_word' id='word_1_489' title='bbox 1082 2636 1131 2668; x_wconf 90' lang='lat' dir='ltr'>ult</span> <span class='ocrx_word' id='word_1_490' title='bbox 1143 2660 1152 2675; x_wconf 91' lang='lat'>‚</span> <span class='ocrx_word' id='word_1_491' title='bbox 1170 2628 1353 2675; x_wconf 66' lang='lat' dir='ltr'>contagium</span> <span class='ocrx_word' id='word_1_492' title='bbox 1372 2628 1470 2661; x_wconf 85' lang='lat' dir='ltr'>bonis</span> <span class='ocrx_word' id='word_1_493' title='bbox 1489 2625 1629 2670; x_wconf 84' lang='lat' dir='ltr'>scripto-</span> 
     </span>
     <span class='ocr_line' id='line_1_84' title="bbox 958 2678 1626 2731; baseline -0.022 -8"><span class='ocrx_word' id='word_1_494' title='bbox 958 2690 1053 2722; x_wconf 81' lang='lat' dir='ltr'>ribus</span> <span class='ocrx_word' id='word_1_495' title='bbox 1070 2687 1178 2731; x_wconf 84' lang='lat' dir='ltr'>magis</span> <span class='ocrx_word' id='word_1_496' title='bbox 1192 2683 1363 2730; x_wconf 81' lang='lat' dir='ltr'>placuisse</span> <span class='ocrx_word' id='word_1_497' title='bbox 1377 2706 1385 2719; x_wconf 95' lang='lat'>‚</span> <span class='ocrx_word' id='word_1_498' title='bbox 1399 2679 1459 2712; x_wconf 88' lang='lat' dir='ltr'>nbi</span> <span class='ocrx_word' id='word_1_499' title='bbox 1474 2678 1517 2711; x_wconf 79' lang='lat' dir='ltr'>de</span> <span class='ocrx_word' id='word_1_500' title='bbox 1535 2683 1626 2706; x_wconf 72' lang='lat' dir='ltr'>tactu</span> 
     </span>
    </p>
   </div>
  </div>
 </body>
</html>
