1757 2880
626 95 1003 138 SCHAEFERI.
1438 110 1523 137 xm

110 212 195 247 teae
220 197 366 243 aetatis
383 193 686 239 Latinitatem
708 209 861 255 prope
882 190 1109 236 illibatam
1129 198 1141 216 ¹
1169 200 1527 236 conservarunt.

111 281 267 338 Adeo,
296 276 428 341 quod
455 275 594 322 bonis
627 273 759 319 libris
792 275 892 319 aliis
921 274 1090 330 exitio,
1116 272 1188 317 his
1221 274 1359 331 etiam
1392 273 1532 318 saluti

114 363 227 417 fuit,
253 359 386 423 quod
413 357 572 403 medio
604 372 702 401 aevo
733 357 781 400 in
810 354 1213 400 bibliothecarum
1240 355 1424 418 angulis
1447 371 1531 399 ne—

112 445 274 508 glectae
291 444 543 504 jacuerunt
560 475 570 493 ,
593 455 682 484 nec
710 438 907 483 literatis
928 436 1209 482 hominibus
1230 436 1534 499 librariisque

115 526 266 589 dignae
292 525 400 568 visae
426 530 563 578 sunt,
595 537 699 582 quae
731 537 756 564 a
780 519 942 565 multis
974 520 1260 582 legerentur.
1293 519 1443 564 Testis
1466 528 1536 563 est

118 607 398 652 Vincentius
430 602 798 656 Bellovacensis,
842 601 998 647 saeculi
1036 604 1170 657 XIII,
1204 602 1410 664 scriptor
1445 616 1538 645 suae

119 689 266 734 aetatis
307 686 631 742 doctissimus,
673 685 757 747 qui
792 683 941 728 Plinii
972 683 1194 746 epistolas
1231 683 1302 728 ad
1329 683 1540 727 diversos

121 775 300 816 circiter
313 779 499 815 centum
520 770 721 831 reperire
746 783 794 811 se
818 775 1002 811 tantum
1029 766 1241 828 potuisse
1266 764 1543 820 confitetur,

123 853 302 916 speculi
321 851 573 897 historialis
593 849 675 894 lib.
694 852 736 894 X
751 886 761 905 ,
780 865 882 912 cap.
907 848 985 911 67,
1006 848 1212 909 reliquas
1228 884 1238 903 ,
1262 864 1366 909 quae
1384 846 1545 909 plures

125 936 265 980 etiam
303 950 507 979 numero
540 942 674 988 sunt,
710 948 809 976 non
853 930 985 975 vidit.
1023 931 1247 976 Decimus
1279 929 1399 974 liber
1438 938 1547 973 ante

125 1016 349 1062 saeculum
374 1018 485 1061 XVI
518 1016 567 1059 in
599 1014 756 1059 lucem
785 1030 883 1058 non
918 1013 1108 1057 emersit
1128 1049 1139 1070 ,
1180 1029 1268 1057 nec
1304 1011 1414 1056 libri
1439 1013 1550 1055 VIII

128 1107 175 1143 et
204 1102 270 1143 IX
298 1114 466 1142 omnes
499 1096 708 1158 epistolae
740 1095 904 1158 primis
932 1093 1224 1140 editionibus
1248 1093 1429 1155 vulgari
1460 1108 1551 1155 po-

130 1189 339 1225 tuerunt.
364 1180 485 1223 Hinc
505 1194 608 1223 rara
631 1177 759 1240 apud
774 1177 918 1222 medii
932 1178 1017 1221 aevi
1038 1177 1294 1239 scriptores
1308 1175 1447 1220 Plinii
1471 1174 1553 1217 mi-

132 1262 260 1305 noris
290 1261 471 1305 mentio
503 1275 556 1304 ac
579 1275 731 1321 prope
760 1258 889 1303 nulla
920 1268 1005 1303 est.
1037 1261 1194 1316 Quam
1214 1258 1337 1302 male
1358 1272 1472 1301 vero
1496 1255 1553 1299 li—

131 1341 275 1387 brarii
304 1342 363 1387 de
390 1341 490 1386 aliis
519 1342 676 1387 meriti
697 1339 899 1397 fuerint,
925 1357 1048 1402 quos
1068 1341 1237 1403 saepius
1264 1348 1310 1385 et
1336 1340 1385 1383 in
1418 1337 1556 1401 plura

133 1424 419 1487 exemplaria
447 1425 873 1487 transcripserunt,
920 1433 1063 1467 testes
1099 1432 1241 1467 erunt
1280 1420 1559 1483 sempiterni

137 1509 323 1561 Cicero,
342 1506 609 1563 Sallustius,
628 1506 843 1559 Curtius,
857 1505 1073 1550 Valerius
1091 1505 1326 1549 Maximus
1341 1540 1352 1559 ,
1371 1503 1558 1558 Florus,

137 1590 349 1634 Justinus
365 1625 376 1645 ,
396 1590 692 1645 Lactantius,
717 1605 839 1651 quos
871 1590 1083 1650 ipsorum
1111 1586 1448 1631 dissimillimos
1475 1601 1559 1629 no-

139 1669 212 1715 bis
248 1671 562 1733 reliquerunt.
602 1671 702 1716 Etsi
736 1687 849 1716 vero
887 1671 936 1714 in
973 1669 1108 1714 Plinii
1142 1668 1368 1731 epistolas
1403 1668 1561 1711 minus

143 1768 287 1814 quam
312 1754 360 1796 in
382 1762 598 1806 caeteros,
627 1769 750 1815 quos
775 1752 892 1809 dixi,
923 1751 1178 1813 scriptores
1198 1751 1447 1811 antiquos,
1473 1748 1563 1792 ho—

144 1834 325 1878 minum
340 1834 531 1879 illorum
547 1836 740 1880 inscitiae
755 1844 799 1879 et
816 1834 1021 1879 audaciae
1037 1833 1168 1878 licuit
1182 1851 1193 1888 3
1209 1850 1308 1877 non
1324 1833 1387 1876 ita
1402 1841 1565 1876 tamen

146 1915 445 1979 incorruptas
481 1927 527 1962 et
559 1918 958 1962 incontaminatas
986 1932 1064 1961 eas
1087 1916 1145 1960 ad
1175 1932 1263 1960 nos
1295 1915 1566 1977 pervenisse

149 2008 370 2059 apparet,
398 2009 452 2043 ut
482 1999 599 2043 nihil
626 2000 826 2043 omnino
858 1997 975 2043 labis
1010 1997 1253 2042 insederit.
1283 1996 1432 2041 Multa
1460 1995 1566 2058 qui-

151 2076 259 2123 dem
283 2082 551 2137 Catanaeus,
576 2081 713 2144 plura
734 2090 842 2143 post
865 2097 972 2125 eum
999 2083 1144 2125 Henr.
1172 2079 1463 2142 Stephanus,
1486 2080 1570 2122 Ca-

154 2160 413 2218 saubonus,
431 2167 686 2221 Gruterus,
702 2163 920 2209 Barthius
932 2200 943 2219 ,
962 2161 1255 2216 Schefferus,
1272 2160 1571 2215 Buchnerus,

157 2244 452 2301 Gronovius,
479 2245 782 2302 Thomasius,
811 2245 1039 2290 cellarius
1068 2245 1175 2305 jure
1212 2243 1301 2288 sibi
1338 2243 1424 2287 visi
1464 2251 1575 2287 sunt

158 2324 646 2372 emendassethorum
670 2338 828 2373 tamen
853 2329 1068 2372 omnium
1100 2326 1265 2371 oculos
1296 2342 1395 2369 non
1426 2340 1577 2387 pauca

160 2404 410 2467 fugerunt,
434 2425 534 2469 quae
561 2411 711 2455 Cortii
736 2427 913 2472 nuper,
936 2419 981 2454 et
1003 2410 1222 2472 proxime
1245 2408 1466 2464 Gesneri,
1491 2407 1579 2450 viri

218 2531 226 2545 ¹
251 2523 359 2559 Couf.
388 2533 532 2569 tamen,
565 2538 647 2574 quae
670 2530 701 2563 J.
731 2531 776 2563 A.
802 2527 998 2564 Ernestius
1026 2527 1063 2563 in
1086 2528 1160 2563 fine
1186 2527 1406 2562 notularum
1426 2537 1578 2561 suarum

166 2584 212 2621 «le
233 2585 359 2622 multis
381 2586 603 2637 magnisque
624 2586 810 2625 librorum
830 2589 939 2625 Plinii
959 2589 1060 2625 vitiis
1077 2588 1235 2625 monuit.
