1742 2989
106 397 127 428 8

106 1944 125 1975 oa

163 231 246 283 184
553 234 600 275 C.
640 231 864 276 PLINII
900 235 1026 277 LIB.
1064 235 1157 277 111.

152 320 245 354 erat
276 320 442 364 tactus,
472 312 546 356 sed
574 313 718 373 ipsum
745 313 1036 358 Macedonem
1072 325 1161 358 tam
1195 315 1387 376 graviter
1413 314 1559 376 palma

153 384 389 443 percussit,
410 393 458 428 ut
483 401 606 445 paene
628 386 895 431 concideret.
916 391 982 432 Ita
1003 387 1209 432 balneum
1231 387 1315 441 illi,
1337 389 1459 449 quasi
1481 405 1559 450 per

151 456 311 516 gradus
336 457 568 518 quosdam,
598 459 790 519 primum
821 461 1097 505 contumeliae
1123 461 1267 517 locus,
1291 461 1450 506 deinde
1474 462 1557 505 exi-

151 530 199 572 tii
225 529 319 574 fuit.
338 530 460 574 Vale.

889 660 977 693 Sane
991 658 1063 693 haec
1077 659 1188 692 forma
1199 657 1359 693 Secundo
1370 682 1379 698 ,
1394 670 1465 691 non
1478 657 1559 690 item

890 711 1017 752 altera,
1036 711 1172 745 videtur
1184 710 1365 757 placuisse.
1385 711 1420 745 S.

196 656 230 689 8.
250 659 419 689 Balneum.
441 658 579 691 Cortius
596 670 640 691 ex
656 656 751 690 libris
770 661 824 690 ba-

150 710 284 747 lineum,
319 722 424 755 quein
456 710 611 756 sequitur
635 710 821 756 Gierigius.

166 834 1300 848 mwumzsmtvtmmmmmmxtmmmmmmaeaetu
1305 836 1357 846 vta
1363 835 1482 846 mm
1487 835 1544 845 w·-

787 973 924 1029 XV.

150 1115 309 1163 Roganti
328 1114 490 1151 Proculo
503 1143 512 1160 ,
531 1123 571 1151 ut
589 1128 718 1151 versus
734 1127 823 1151 suos
840 1113 1080 1159 emendaret,
1098 1112 1324 1162 respondet,
1342 1110 1379 1148 id
1399 1110 1561 1147 libenter

633 1193 671 1216 se
693 1187 957 1229 suscepturum
978 1191 1069 1214 esse.

422 1310 460 1338 c.
501 1310 738 1338 PLINIUS
773 1308 1035 1337 PROCULO
1062 1291 1079 1308 ⁴*
1115 1307 1217 1336 suo
1253 1308 1286 1335 s.

212 1420 369 1473 PETis,
390 1427 440 1462 ut
459 1417 626 1462 libellos
645 1427 744 1462 tuos
764 1418 808 1460 in
832 1433 1000 1461 secessu
1021 1415 1184 1476 legam,
1205 1414 1558 1473 examinemque,

151 1507 207 1534 an
239 1491 432 1535 editione
460 1492 545 1535 sint
575 1491 699 1552 digni
729 1508 737 1534 :
770 1490 953 1534 adhibes
983 1505 1134 1550 preces
1165 1505 1175 1532 :
1210 1487 1384 1548 adlegas
1410 1503 1560 1530 exem-

150 1562 273 1623 plum
299 1582 307 1607 :
340 1581 466 1625 rogas
491 1565 645 1619 etiam,
666 1573 716 1607 ut
741 1563 907 1624 aliquid
930 1563 1144 1607 subsecivi
1173 1561 1383 1622 temporis
1408 1560 1561 1604 studiis

149 1638 256 1680 meis
288 1638 570 1692 subtraham,
601 1638 849 1698 impertiam
884 1639 971 1681 tuis
1007 1654 1016 1681 :
1055 1636 1235 1696 adjicis,
1269 1638 1332 1679 M.
1366 1634 1559 1678 Tullium

149 1710 260 1752 mira
289 1711 562 1772 benignitate
589 1719 821 1771 poetarum
852 1710 1030 1770 ingenia
1056 1709 1227 1753 fovisse.
1258 1707 1344 1752 Sed
1369 1724 1451 1768 ego
1481 1724 1560 1752 nec

149 1784 372 1844 rogandus
393 1802 489 1828 sum
503 1820 514 1837 ,
533 1800 613 1827 nec
632 1783 890 1827 hortandus.
912 1784 1027 1826 Nam
1047 1792 1090 1825 et
1109 1782 1310 1842 poeticen
1331 1781 1470 1842 ipsam
1494 1797 1561 1825 re-

150 1858 421 1919 ligiosissime
440 1874 645 1912 veneror,
664 1867 708 1900 et
727 1866 769 1900 te
790 1855 1052 1899 validissime
1071 1854 1219 1916 diligo.
1240 1854 1416 1899 Faciam
1433 1870 1559 1914 ergo,

150 1931 268 1991 quod
284 1931 502 1976 desideras
515 1966 526 1986 ,
547 1941 636 1975 tam
658 1929 911 1990 diligenter,
934 1945 1064 1989 quam
1084 1927 1285 1972 libenter.
1299 1926 1465 1970 Videor
1485 1943 1560 1970 au-

151 2015 238 2048 tem
257 2005 349 2065 jam
372 2022 491 2049 nunc
513 2021 638 2065 posse
659 2004 919 2058 rescribere,
939 2019 1030 2046 esse
1050 2019 1162 2063 opus
1186 2000 1423 2062 pulchrum
1437 2035 1449 2053 ,
1476 2016 1557 2044 nec

152 2078 543 2139 supprimendum,
560 2088 775 2139 quantum
802 2077 1016 2120 aestimare
1043 2075 1167 2120 licuit
1193 2091 1242 2117 ex
1269 2074 1343 2128 iis,
1366 2090 1462 2133 quae
1488 2091 1558 2118 me

151 2161 363 2210 praesente
392 2152 582 2194 recitasti
611 2168 619 2194 z

196 2273 299 2306 XV.*
315 2275 462 2305 Proculo.
488 2273 590 2305 Forte
617 2273 733 2306 affinis
756 2273 820 2305 fuit

151 2328 255 2358 Plinio
266 2341 279 2364 ;
298 2332 389 2358 certe
410 2328 533 2357 sectius
560 2328 711 2358 Proculus
729 2325 821 2358 vitri-

150 2392 210 2411 cus
225 2386 297 2411 erat
312 2377 435 2423 prioris
452 2378 581 2410 uxoris.
599 2379 664 2410 En.

201 2443 229 2463 1.
252 2432 527 2473 Examinemque,
549 2444 591 2462 aiz
616 2432 691 2462 edic.
720 2431 817 2463 Rom.

151 2485 346 2521 examinem,
367 2496 410 2514 an
427 2485 574 2515 edicione.
589 2483 631 2514 H.
644 2503 688 2507 -—-
707 2486 747 2514 Ut
759 2485 821 2515 ali-

150 2539 231 2578 quid
245 2537 396 2568 subsecivi
411 2537 569 2578 temporis.
584 2537 682 2567 Rom.
702 2539 744 2567 Ut
760 2537 820 2567 ali-

151 2590 231 2629 quid
255 2590 397 2620 succisivi
425 2590 583 2631 temporis.
605 2587 648 2619 H.
670 2607 716 2611 ——
735 2586 818 2620 Vid.

149 2639 247 2672 Parei
269 2640 383 2673 Lexic.
405 2640 522 2673 Critic.
542 2652 576 2685 p.
603 2643 702 2682 1194.
720 2640 754 2673 S.
775 2660 819 2664 —

152 2695 337 2734 Impertiam
361 2695 432 2725 tuis.
460 2693 557 2725 Rom.
572 2695 613 2724 Ec
641 2694 817 2734 impertiam

152 2746 220 2775 cuis.
244 2743 286 2776 H.

649 2152 683 2194 si
712 2149 842 2194 modo
871 2149 978 2193 mihi
1007 2165 1096 2191 non
1123 2147 1332 2207 imposuit
1358 2147 1558 2191 recitatio

932 2272 963 2304 3.
985 2273 1053 2302 Nec
1073 2270 1352 2312 supprimendum,
1380 2278 1534 2311 quantum
1547 2294 1555 2305 ‚

885 2331 950 2356 etc.
965 2324 1064 2355 Rom.
1081 2325 1148 2353 Nec
1162 2323 1420 2364 supprimendum
1430 2346 1439 2359 ‚
1455 2334 1557 2363 quan-

885 2385 950 2407 tum
970 2385 1015 2407 est
1027 2377 1101 2419 jam
1116 2375 1242 2417 placuit
1253 2386 1295 2404 ex
1311 2375 1366 2412 iis,
1383 2380 1555 2418 corrupte.

883 2428 929 2461 H.
954 2428 1150 2460 Monstrum
1176 2426 1243 2458 hoc
1268 2425 1421 2459 lectionis
1431 2450 1441 2465 ,
1462 2425 1557 2470 quod

887 2481 990 2514 etiam
1015 2480 1153 2513 Cortius
1168 2479 1204 2511 in
1225 2479 1314 2511 libro
1337 2477 1490 2510 mediceo
1507 2491 1558 2511 re-

886 2533 975 2579 perit
985 2558 994 2573 ‚
1008 2540 1126 2566 natum
1143 2544 1182 2564 ex
1195 2531 1301 2564 literis
1312 2530 1401 2563 male
1414 2529 1557 2563 divulsis

885 2584 1162 2631 compendioque
1175 2595 1356 2629 perperam
1369 2582 1555 2616 intellecto.

885 2640 916 2672 S.
928 2659 973 2663 —·
983 2640 1139 2681 [Inposuit
1149 2651 1159 2669 .‘
1173 2639 1334 2680 ilnpollere
1343 2634 1422 2668 ideo
1437 2642 1485 2667 eSt
1496 2635 1557 2668 de·

885 2691 998 2736 cipere
1011 2716 1019 2731 ,
1036 2691 1120 2736 quia
1143 2690 1169 2723 is
1183 2715 1192 2730 ,
1209 2689 1269 2734 qui
1289 2688 1413 2733 decipit
1428 2712 1436 2727 ,
1452 2688 1551 2722 alteri

885 2743 1014 2789 aliquid
1030 2743 1174 2789 imponit
1191 2754 1253 2788 pro
1268 2754 1363 2776 vero.
1381 2741 1446 2773 En.
