1742 2989
615 212 663 252 [2.
704 208 927 251 PLINII
966 208 1087 251 LIB.
1124 208 1210 249 IV.

209 310 422 354 perquam
447 291 693 352 jucundum
722 289 848 332 nobis
874 289 977 343 erit,
1011 290 1046 332 si
1075 289 1120 332 in
1148 286 1336 331 eundem
1365 286 1612 351 [juvenem]

209 366 402 411 studium
428 374 652 419 nostrum,
684 372 727 406 et
752 362 953 405 amicitiae
979 378 1084 405 meae
1110 372 1153 405 et
1176 360 1427 405 consulatus
1452 363 1515 405 tui
1541 379 1612 405 ra-

208 441 268 483 tio
296 438 530 483 contulerit
559 455 567 481 ε
598 438 632 481 si
669 436 857 496 denique
886 435 1088 496 precibus
1120 436 1226 479 meis
1258 445 1304 479 tu
1335 436 1613 496 potissimum

207 513 382 574 adjutor
405 512 653 565 accesseris,
678 510 803 570 cujus
832 519 1005 553 senatus
1030 520 1073 553 et
1096 509 1304 570 suffragio
1329 508 1613 554 libentissime

213 215 299 266 242

207 585 458 646 indulgeat,
476 595 520 628 et
545 583 796 628 testimonio
822 582 1062 644 plurimum
1089 583 1251 627 credat.
1272 582 1396 628 Vale.

205 715 376 762 adjuturi,
393 727 559 761 perquam
569 713 764 759 jucundum
779 713 878 746 nobis

204 769 279 802 erit.
287 769 356 801 siin
366 767 514 802 eundem
524 766 677 800 studium
685 774 853 800 nostrum.
864 784 877 796 υ

203 825 299 853 Deest
315 822 491 867 juvenem.
513 820 556 852 H.
577 838 623 844 —-
643 822 770 852 Gratia.
793 821 875 865 Leg.

203 888 243 908 ex
261 874 356 908 libris
376 875 476 906 honae
494 881 584 906 notae
603 874 691 904 omni
705 874 826 916 gratia.
847 877 877 904 S.

202 947 247 952 —-
264 929 298 958 Si
311 928 342 958 ίη
358 928 491 957 eundem
502 951 510 964 ,
530 933 594 959 etc.
616 925 649 959 Si
665 938 775 958 unum
796 938 879 958 eun-

202 978 351 1024 demque
361 979 504 1011 Bassum
515 991 584 1011 non
599 978 709 1011 solum
724 978 874 1011 amicitia

202 1044 297 1071 mea,
319 1031 379 1064 sed
405 1039 437 1064 et
465 1031 663 1065 consulatus
694 1032 745 1064 tui
766 1032 876 1065 futuri

202 1085 407 1117 auctoritate
427 1083 585 1129 adjutum
600 1083 731 1117 videro.
746 1105 792 1108 —
807 1085 876 1117 Cae-

203 1145 316 1170 terum
331 1162 339 1177 ‚
359 1145 397 1170 ut
422 1137 533 1170 omnis
560 1137 723 1182 epistola,
754 1137 800 1170 ita
824 1137 876 1169 in-

201 1189 320 1234 primis
333 1190 475 1222 ultimus
493 1189 588 1222 locus
600 1214 608 1229 ,
620 1191 748 1221 Etenim
759 1202 855 1231 quum
865 1215 873 1227 ,

202 1251 270 1275 etc.
287 1267 294 1282 ,
316 1255 426 1288 usque
445 1241 490 1275 ad
508 1242 615 1275 finem
628 1267 636 1283 ,
654 1250 725 1274 tam
742 1242 879 1287 operosi

202 1294 327 1335 studii,
341 1308 410 1341 quo
421 1295 551 1327 Plinius
563 1295 701 1340 scripsit
715 1321 723 1336 ,
735 1295 877 1340 vestigia

943 713 1068 753 habet,
1096 721 1132 746 ut
1167 726 1202 746 se
1228 712 1391 758 argutiis,
1412 719 1444 745 et
1476 725 1614 745 omnem

943 766 1135 799 orationem
1157 765 1367 799 obscuritate
1391 764 1543 810 quadam
1561 765 1614 797 vix

942 819 1086 852 liberam
1097 818 1301 864 praestiterit.
1315 819 1355 850 E.
1366 839 1410 842 -—
1426 818 1613 863 [szenem].

944 872 1167 905 Desideratur
1191 872 1263 904 haec
1283 884 1350 904 vox
1367 871 1402 903 iu
1426 871 1525 904 bonis
1539 871 1615 916 qui-

944 924 1090 958 busdam
1118 925 1238 965 libris,
1266 933 1297 957 et
1331 924 1449 956 abesse
1477 930 1613 969 potest,

938 977 1054 1024 judice
1069 979 1199 1011 Cortio.
1215 978 1259 1010 G.
1272 998 1317 1002 ——
1327 979 1362 1007 Si
1373 978 1510 1019 denique
1521 1001 1530 1014 ‚
1548 983 1612 1008 etc.

941 1033 1039 1064 Rom.
1072 1032 1136 1064 «Si
1165 1030 1316 1075 (lenique
1344 1029 1502 1074 precibus
1530 1028 1615 1060 meis

942 1092 979 1116 tu
1005 1084 1221 1130 potissimum
1247 1082 1386 1127 adjutor
1413 1081 1614 1121 accesseris,

943 1139 1041 1183 cujus
1051 1144 1222 1170 etsenatus
1231 1135 1428 1180 suffragio.»
1437 1134 1478 1166 H.
1487 1134 1615 1166 —Cor-

942 1189 1010 1221 tius
1035 1202 1076 1222 ex
1098 1188 1254 1222 Mediceo
1275 1200 1282 1221 ε
1305 1190 1392 1232 cujus
1413 1197 1443 1219 et
1458 1187 1614 1230 suffragio

942 1252 1069 1274 senatus
1087 1245 1106 1275 l.
1124 1244 1144 1274 ι’.
1162 1240 1258 1274 Ordo
1276 1241 1333 1274 hie
1350 1240 1538 1273 verborum
1557 1250 1614 1283 ge-

946 1294 1085 1327 nuinus.
1099 1296 1132 1328 S.

219 1429 337 1439 mmmm
341 1429 580 1440 §vum-mmm*
584 1428 1291 1439 mmmmmmunmmmtmtmwwvvm
1295 1427 1352 1437 m
1356 1424 1595 1437 mmmtzm

823 1558 988 1613 XVI.

204 1711 389 1756 Hortatur
409 1707 454 1744 ad
476 1707 660 1753 studium,
682 1720 799 1756 quum
820 1708 866 1743 sit
884 1706 1000 1743 literis
1019 1706 1145 1742 adhuc
1163 1705 1299 1741 honor.
1320 1704 1431 1740 Plinii
1448 1703 1614 1747 vanitas,

229 1772 334 1822 cujus
350 1772 576 1809 documenta
588 1772 699 1822 plura
711 1771 789 1820 jam
806 1771 968 1807 vidimus
981 1799 990 1816 ,
1004 1771 1042 1806 in
1059 1771 1122 1806 illa
1137 1769 1297 1820 epistola
1314 1768 1492 1818 erumpit.
1512 1770 1582 1804 En.

342 1910 380 1939 C·
422 1910 658 1938 PLINIUS
689 1909 941 1937 VALERIO
978 1908 1270 1937 PAULI-INO
1307 1907 1408 1936 SUO
1444 1906 1478 1934 S.

270 2029 438 2072 GAUDE
461 2043 582 2081 meo,
609 2025 750 2086 gaude
776 2025 1031 2086 tuo,gaude
1051 2026 1182 2068 etiam
1208 2023 1385 2084 publico
1410 2023 1611 2066 nomine:

208 2100 352 2143 adhuc
375 2101 518 2143 honor
539 2099 692 2143 studiis
712 2099 852 2143 durat.
874 2099 1098 2154 Proxime,
1118 2115 1255 2158 quum
1276 2097 1472 2140 dicturus
1499 2096 1615 2157 apud

209 2173 505 2217 centumviros
531 2189 689 2225 essem,
711 2172 900 2216 adeundi
926 2172 1030 2215 mihi
1057 2171 1196 2224 locus,
1224 2171 1307 2213 nisi
1332 2186 1355 2212 a
1382 2168 1615 2222 tribunali,

208 2246 290 2289 nisi
318 2262 396 2305 per
421 2246 536 2305 ipsos
561 2245 754 2305 judices,
782 2262 870 2289 non
897 2244 980 2288 fuit
1009 2263 1017 2288 ;
1052 2254 1172 2287 tanta
1199 2243 1433 2303 stipatione
1461 2253 1614 2285 caetera

208 2319 483 2363 tenebantur.
509 2318 576 2362 Ad
595 2319 677 2361 lioc
694 2318 868 2378 quidam
891 2327 1071 2362 ornatus
1088 2315 1358 2372 adolescens,
1381 2316 1521 2359 scissis
1544 2324 1614 2357 tu-

253 2453 348 2487 XVI·
374 2465 404 2485 1.
428 2453 543 2483 Gaude
570 2464 658 2489 meo,
680 2458 746 2484 etc.
775 2452 874 2484 Rom.

210 2509 344 2538 Gaudeo
355 2518 423 2536 meo
434 2530 441 2542 ,
452 2505 580 2547 gaudeo
592 2513 644 2534 tao
657 2529 665 2541 ‚
675 2506 816 2547 gaudeo.
829 2503 874 2535 H.

256 2572 287 2591 2.
306 2559 412 2589 Scissis
436 2557 559 2588 tunicis.
583 2555 708 2588 Merito
732 2556 877 2589 miratur

207 2610 435 2643 Marklandus
467 2608 509 2642 ad
536 2610 620 2643 Stat.
650 2608 732 2641 Silv.
755 2610 818 2648 IV,
836 2622 876 2651 9,

211 2668 251 2703 24
263 2687 272 2703 ⁷
290 2661 467 2708 quomodo
485 2660 595 2694 scindi
614 2660 738 2693 tunicae
758 2669 877 2705 potue-

209 2715 300 2755 rint,
327 2722 405 2760 toga
436 2714 588 2759 integra,
621 2713 879 2760 suspicatusque

942 2448 1127 2494 legendum
1154 2451 1252 2481 scissa
1280 2459 1375 2491 toga,
1401 2450 1470 2479 sola
1490 2449 1615 2478 velatus

943 2505 1061 2534 tunica.
1087 2501 1176 2534 Huic
1199 2501 1246 2534 ita
1273 2501 1352 2533 satis
1379 2499 1522 2544 putabat
1542 2497 1616 2530 fieri

942 2568 1041 2601 posse
1052 2554 1187 2587 Cortius
1197 2580 1205 2592 ,
1215 2552 1308 2598 quod
1321 2560 1399 2597 toga
1411 2551 1521 2584 laxius
1533 2551 1616 2595 inje-

943 2616 996 2641 cta
1010 2607 1245 2653 prementibus
1258 2605 1421 2637 facillime
1438 2603 1591 2636 crederet
1605 2626 1614 2641 ,

944 2673 1019 2693 eam
1033 2659 1182 2706 potuisse
1198 2659 1366 2702 integram
1381 2656 1529 2695 servari,
1545 2666 1614 2687 non

946 2713 1025 2746 item
1055 2712 1207 2746 tunicam
1231 2710 1380 2756 pressius
1398 2708 1610 2742 adstrictam.
