1757 2880
293 136 330 177 J.
366 134 416 176 A.
453 132 725 177 ERNESTII
757 133 934 177 NOTAE
968 134 1050 176 AD
1086 134 1349 178 PLINIUM.
1418 152 1523 181 XLIX

124 214 383 276 provinciiS‚
401 214 560 257 civium
582 213 684 256 item
701 213 935 274 utrobique
953 214 1077 273 jura,
1091 216 1295 274 cognosci
1319 227 1521 275 possunt:

124 286 408 346 eamdemque
428 285 484 329 ob
509 301 700 329 caussam
726 286 944 329 interdum
970 286 1037 329 vel
1054 288 1276 330 Ciceronis
1298 288 1414 331 illam
1435 290 1524 333 cla-

125 376 217 403 ram
249 360 315 402 ad
341 361 552 417 Quintum
573 358 761 412 fratrem
787 358 1036 418 epistolam,
1069 359 1121 402 de
1157 360 1411 419 provinciali
1446 362 1522 404 ad—

122 432 443 475 ministratione
455 466 466 485 ,
481 430 547 474 vel
564 431 862 474 Plinianarum
879 432 1037 475 librum
1055 432 1273 476 decimum
1292 434 1524 493 explicavi;

122 505 170 546 in
194 504 350 564 quibus
371 505 482 546 ratio
503 504 828 564 provinciarum
850 505 928 547 sub
950 505 1195 548 Caesaribus
1221 506 1527 550 administran-

121 575 278 619 darum
306 574 453 619 multis
475 586 516 618 et
541 576 781 636 perspicuis
801 577 991 636 vestigiis
1011 577 1305 638 exemplisque
1326 596 1528 639 expressa

121 658 208 702 est,
236 658 283 692 ut
308 665 332 692 a
359 648 566 692 studiosis
594 649 822 709 utriusque
852 650 1102 693 discrimina
1131 663 1524 711 cognoscerentur:

122 738 218 781 quae
243 738 310 765 res
337 722 536 782 inprimis
568 723 809 765 necessaria
840 732 926 778 est,
952 740 1040 766 non
1068 723 1198 767 modo
1220 725 1331 784 juris
1358 726 1528 769 studio-

121 794 199 847 sis,
225 794 299 838 sed
328 795 458 837 etiam
492 795 805 854 interpretibus
840 812 1081 855 graecorum
1115 797 1229 841 Novi
1260 799 1527 843 Testamenti

120 866 356 923 librorum,
383 884 463 911 nec
487 868 629 911 minus
655 868 727 922 iis,
757 869 830 928 qui
853 868 1082 912 historiam
1109 879 1301 913 veterem
1326 872 1528 917 Ecclesiae

122 950 324 984 accurate
353 957 613 1002 cognoscere
640 943 840 1001 cupiunt.
858 943 1001 1001 Atque
1029 957 1078 984 ea
1108 958 1174 985 res
1201 944 1387 1002 primam
1415 945 1529 990 hanc

120 1013 210 1056 vim
237 1014 417 1069 habuit,
441 1024 489 1057 ut
514 1013 792 1057 allicerentur
818 1014 957 1073 magis
978 1014 1162 1073 juvenes
1186 1015 1240 1057 ad
1263 1015 1356 1059 illas
1382 1016 1530 1063 lectio-

122 1102 200 1128 nes
235 1085 490 1142 audiendas,
525 1087 764 1146 praesertim
805 1103 857 1129 ex
898 1103 948 1129 eo
989 1103 1198 1141 numero,
1234 1090 1309 1148 qui
1351 1091 1395 1133 in
1437 1092 1530 1137 aliis

123 1158 355 1202 academiis
382 1160 462 1202 ista
488 1159 750 1212 contemnit,
775 1158 892 1218 quod
917 1158 1144 1202 audiendis
1169 1159 1406 1206 latinorum
1431 1165 1531 1209 scri-

123 1241 300 1291 ptorum
326 1231 639 1291 interpretibus
664 1230 772 1273 nihil
799 1248 842 1273 se
869 1240 1026 1290 praeter
1052 1231 1259 1276 formulas
1292 1237 1529 1281 verborum

122 1303 301 1360 latinas,
325 1314 401 1347 aut
419 1304 654 1347 sententias
675 1303 807 1346 bellas
829 1303 993 1346 discere
1021 1320 1145 1362 posse
1172 1315 1321 1364 putat,
1342 1326 1529 1369 quarum

121 1377 204 1420 sibi
235 1386 309 1420 aut
339 1375 483 1419 nullus
517 1385 594 1419 aut
627 1392 785 1435 parvus
814 1392 917 1418 usus
947 1375 1121 1419 futurus
1152 1377 1231 1434 sit,
1260 1396 1442 1442 eamque
1473 1384 1529 1427 ob

121 1464 318 1493 caussam
348 1449 399 1491 iis
431 1448 638 1508 relinquit
665 1448 872 1491 lectiones
901 1450 946 1490 in
973 1450 1208 1509 scriptores
1237 1464 1403 1498 veteres
1429 1456 1531 1499 lati-

123 1538 226 1577 nos,
253 1522 328 1582 qui
364 1520 613 1564 scholarum
649 1520 885 1564 latinarum
915 1522 1111 1580 magistri
1145 1523 1282 1568 futuri
1310 1528 1407 1571 sint.
1437 1530 1531 1573 Nec

122 1595 244 1638 illum
279 1611 463 1655 parvum
493 1595 683 1638 fructum
714 1594 989 1654 judicamuS,
1016 1595 1136 1654 quod
1165 1599 1281 1658 apud
1311 1617 1389 1643 nos
1421 1618 1531 1645 sem·

122 1684 200 1726 per
234 1667 413 1710 fuerunt
446 1666 615 1727 plures,
647 1668 721 1726 qui
751 1668 863 1727 juris
898 1684 1016 1723 eain,
1052 1685 1184 1729 quam
1220 1671 1530 1732 elegantiorem

122 1738 254 1800 vulgo
277 1749 454 1795 vocant,
477 1740 701 1782 scientiam
725 1749 939 1795 amarent,
962 1750 1004 1782 et
1031 1750 1254 1799 tenerent,
1277 1761 1356 1787 nec
1380 1747 1530 1804 modo,

122 1822 172 1855 ut
196 1811 300 1854 alibi
326 1811 397 1865 fit,
423 1810 505 1853 fori
533 1828 659 1854 usum
688 1812 732 1854 in
758 1811 962 1855 discendo
983 1814 1083 1872 jure
1107 1827 1407 1875 sequerentur.
1424 1820 1530 1877 Sed,

123 1895 173 1928 ut
197 1884 252 1928 ad
278 1885 479 1927 instituta
505 1895 654 1927 nostra
681 1884 927 1937 redeamus,
947 1886 990 1928 in
1021 1896 1144 1946 parte
1174 1887 1288 1931 illius
1314 1892 1435 1949 quasi
1462 1909 1530 1935 or·-

122 1957 189 2000 bis
215 1958 394 2000 oratorii
420 1973 492 2013 ea,
517 1973 613 2017 quae
633 1958 775 2017 prima
802 1974 826 2001 a
853 1958 978 2001 nobis
1000 1971 1339 2005 commemorata
1365 1973 1445 2019 est,
1464 1964 1530 2008 bis

124 2030 375 2073 Plinianum
393 2031 713 2091 Panegyricum
735 2032 1070 2091 proposuimus,
1095 2043 1188 2076 tum
1216 2051 1262 2077 ea
1284 2035 1336 2078 de
1356 2053 1528 2095 caussa⁷

124 2112 173 2145 ut
193 2111 284 2145 tota
307 2104 416 2145 ratio
443 2103 616 2163 imperii
638 2120 663 2146 a
686 2105 931 2148 Caesaribus
952 2105 1243 2150 administrati
1265 2108 1528 2171 intelligere-

124 2183 197 2217 tur
212 2208 222 2226 ,
244 2183 337 2216 tum
364 2184 411 2217 ut
432 2174 587 2218 modus
610 2175 842 2220 hominum
861 2186 960 2237 apte
978 2177 1320 2236 laudandorum,
1336 2184 1529 2241 primum

123 2262 203 2307 per
228 2244 445 2290 delectum
471 2248 694 2292 actionum
719 2259 1083 2311 eventorumque,
1113 2252 1269 2299 deinde
1302 2257 1529 2316 utriusque

126 2319 296 2379 generis
323 2335 400 2378 per
432 2318 549 2363 locos
574 2337 826 2365 communes
852 2324 1173 2384 sententiasque
1198 2329 1527 2373 exornationem

124 2401 474 2451 cognosceretur.
502 2394 564 2436 Ea
587 2404 733 2437 autem
760 2398 908 2440 omnia
933 2413 1069 2457 quum
1096 2399 1251 2458 sae-pius
1278 2416 1326 2442 ac
1352 2401 1528 2462 diligen-

124 2464 212 2507 tius
235 2474 545 2521 tractaremUS,
569 2467 926 2528 exigeremusque
949 2472 1096 2513 onmia
1118 2471 1171 2513 ad
1196 2470 1440 2532 analogiam
1467 2494 1527 2520 re-

126 2553 224 2580 rum
251 2548 294 2581 et
321 2540 573 2590 verborum,
601 2541 680 2584 visi
713 2542 838 2585 nobis
864 2559 1011 2586 sumus
1043 2544 1225 2587 subinde
1253 2545 1526 2592 animadver-

64 2629 70 2635 „
127 2617 236 2666 tere,
272 2611 345 2654 uhi
380 2622 455 2656 aut
491 2612 644 2670 aliter,
677 2631 809 2676 quain
844 2625 943 2660 ante
981 2616 1144 2660 factum
1177 2626 1305 2671 esset,
1344 2618 1524 2681 intelligi

1293 2692 1334 2733 Ἰ)
