1742 2989
131 806 170 826 10

132 1037 169 1058 11

194 177 286 232 [106
586 178 635 221 C.
669 175 899 219 PLINII
933 175 1062 216 LIB.
1098 174 1214 217 VII.

192 261 258 304 ria
276 259 422 304 locum
443 255 747 318 apprehendas
764 272 773 299 :
790 254 889 298 volo
909 253 1141 315 epistolam
1155 253 1409 314 diligentius
1423 253 1605 297 scribas:

196 332 313 396 [volo
334 328 559 392 carmina]
587 331 699 373 Nam
721 345 832 390 saepe
854 329 900 371 in
921 327 1141 371 orationes
1163 342 1340 388 quoque
1358 343 1447 369 non
1469 326 1606 370 histo-

193 407 293 449 ricae
333 403 488 461 modo,
535 403 608 447 sed
650 419 789 463 prope
821 402 1003 463 poeticae
1035 400 1340 461 descriptionis
1376 400 1608 444 necessitas

195 478 374 533 incidit.;
398 486 441 520 et
458 492 633 537 pressus
653 492 796 520 sermo
818 490 1043 535 purusque
1059 490 1112 516 ex
1127 473 1319 533 epistolis
1335 473 1512 534 petitur.
1528 475 1610 517 Fas

195 562 259 595 est
293 561 336 594 et.
365 550 560 595 carmine
588 548 778 603 remitti,
807 565 897 592 non
927 547 1025 591 dico
1051 547 1268 592 continuo
1295 556 1338 590 et
1362 546 1516 606 longo,
1546 545 1611 607 (id

196 625 311 668 enim
330 623 483 685 perfici
501 610 583 666 nisi
603 623 647 665 in
663 622 753 665 otio
771 638 861 665 non
876 620 1038 682 potest)
1054 620 1127 663 sed
1140 619 1225 664 hoc
1239 629 1396 681 arguto
1410 630 1454 663 et
1468 619 1587 662 brevi
1600 654 1610 671 ,

195 683 315 759 quod
341 707 442 758 apte
468 696 762 757 quantaslibet
786 695 1098 756 occupationes
1124 709 1337 754 curasque
1364 692 1607 754 distinguit.

195 773 338 815 Lusus
360 779 598 825 vocantur3
631 768 704 812 sed
727 769 770 812 hi
791 768 911 812 lusus
934 785 1024 812 non
1044 763 1259 811 minorem
1281 766 1501 811 interdum
1522 765 1611 827 glo·

196 845 321 899 riam,
347 860 479 904 quam
503 844 614 887 seria
640 852 993 902 consequuntur:
1015 851 1146 902 atque
1168 841 1294 897 adeo,
1315 840 1412 901 (cur
1430 840 1548 884 enim
1570 849 1611 882 te

196 917 252 959 ad
277 933 427 960 versus
453 933 543 959 non
569 915 767 959 versibus
793 914 1068 975 adhortor?)

357 1017 410 1052 Ut
428 1015 510 1051 laus
530 1022 585 1050 est
604 1026 698 1050 cerae
710 1042 718 1058 ‚
734 1013 857 1050 mollis
873 1012 1089 1062 cedensque
1112 1020 1292 1061 sequatur

463 1080 502 1117 Si
524 1079 657 1116 doctos
678 1079 834 1128 digitos,
849 1080 1029 1128 jussaque
1048 1079 1112 1115 fiat
1128 1090 1225 1127 opus
1238 1106 1247 1123 ‚

359 1147 406 1181 Et
428 1158 528 1180 nunc
550 1144 729 1180 informet
749 1147 912 1180 Martem
925 1172 934 1190 ,
954 1151 1171 1191 castamque
1194 1141 1429 1186 Minervam,

466 1211 578 1245 Nunc
597 1212 785 1245 Venerem
806 1208 960 1257 effingat
972 1236 981 1253 ‚
998 1220 1099 1243 nunc
1116 1206 1275 1243 Veneris
1295 1217 1479 1255 puerum3

359 1276 488 1322 thue
510 1273 607 1309 sacri
630 1273 753 1308 fontes
772 1285 848 1308 non
869 1272 948 1308 sola
968 1271 1144 1308 incendia
1165 1271 1319 1315 sistunt,

464 1340 573 1387 Saepe
596 1337 708 1373 etiam
729 1336 841 1373 flores
860 1349 1053 1386 vernaque
1076 1344 1184 1385 prata
1201 1334 1337 1384 juvant
1360 1348 1368 1368 :

360 1401 420 1439 Sic
436 1401 635 1438 hominum
655 1401 848 1450 ingenium
872 1400 971 1437 flecti
993 1400 1156 1449 ducique
1179 1412 1248 1449 per
1265 1406 1363 1435 artes

468 1468 556 1502 Non
577 1465 715 1515 rigidas
736 1465 849 1502 docta
867 1464 1079 1501 mobilitate
1099 1464 1220 1500 decet.

203 1584 419 1618 occasionem
431 1585 588 1615 historicoe
599 1585 818 1626 descrzptionis
832 1583 883 1615 in-

203 1636 302 1670 cidit.
319 1637 489 1669 Caeterum
511 1634 636 1667 deinde
650 1635 791 1667 demum
812 1636 832 1678 S
847 1648 880 1679 9.

203 1693 264 1720 Fas
274 1698 329 1726 esc,
340 1689 453 1733 inquit
461 1713 468 1724 ,
477 1698 506 1719 et
514 1689 655 1719 carmine
664 1688 884 1721 remitti.G.--

202 1740 329 1773 Omisit
348 1740 534 1785 Gierigins.
554 1742 665 1773 Recte.
681 1740 763 1773 Mox
782 1740 883 1774 unice

203 1794 312 1838 probo
329 1801 485 1826 nostrum
499 1818 508 1832 ,
519 1795 680 1824 historiam
688 1817 788 1825 .....
806 1806 882 1835 poe-

205 1847 276 1877 ticae
295 1847 513 1887 descriptionis
531 1847 710 1877 necessitas.
732 1846 880 1878 Sensus:

205 1909 292 1942 saepe
322 1898 494 1931 orationes
519 1910 659 1942 quoque
680 1910 751 1931 non
774 1898 881 1931 histo-

203 1950 313 1983 ricam
343 1950 448 1983 modo
459 1976 468 1991 ,
495 1950 553 1983 sed
581 1963 689 1996 prope
713 1951 883 1994 poeticam

205 2001 472 2047 descriptionem
480 2002 692 2035 desiderant.
702 2000 794 2044 Quid
804 2013 883 2034 con-

205 2063 295 2088 torta
312 2064 496 2095 sectamur,
515 2056 576 2088 ubi
594 2055 697 2100 plana
718 2056 753 2087 in
770 2067 885 2100 prom-

205 2116 266 2153 ptu
283 2108 384 2141 sunt?
403 2110 583 2146 Historica,
600 2110 748 2151 poetica,
769 2108 804 2140 ni
825 2107 888 2140 fal-

206 2160 260 2193 lor
271 2187 280 2202 ,
298 2159 506 2193 semidoctus
522 2161 666 2198 invexit,
680 2160 714 2192 in
728 2161 827 2206 cujus
844 2160 883 2192 li-

205 2213 270 2246 bro
281 2214 526 2255 descriptionum
534 2213 614 2255 (hoc
623 2212 714 2245 enim
721 2213 883 2246 nonnulli

209 2264 344 2299 codices
362 2264 505 2309 habent)
524 2278 586 2310 pro
600 2265 751 2310 genuino
768 2268 882 2298 descri-

205 2319 326 2360 ptionis
343 2317 527 2362 legeretur.
542 2318 577 2351 S.

257 2381 277 2412 9
285 2396 292 2402 .
307 2372 497 2402 Continuam
507 2396 515 2408 ,
526 2369 629 2415 quale
637 2369 816 2403 heroicum
825 2379 884 2403 aut

211 2420 421 2455 didacticum
435 2447 444 2462 ,
461 2423 558 2468 cujus
578 2429 693 2468 partes
712 2436 780 2456 una
799 2423 885 2456 serie

212 2482 424 2520 procurrunt
436 2499 444 2513 ,
456 2487 561 2520 quum
572 2476 709 2506 brevium
721 2476 887 2519 epigram-

212 2534 344 2559 matum
352 2525 516 2559 volumen
524 2535 639 2572 partes
650 2527 774 2560 habeat
787 2528 887 2572 quasi

213 2578 342 2612 laceras
354 2603 362 2618 ,
390 2591 460 2611 non
486 2579 697 2612 cohaerentes
721 2580 811 2612 inter
836 2592 883 2613 se.

213 2630 281 2663 ΕΙ).
293 2652 337 2656 —
349 2636 447 2675 Apte.
461 2658 466 2664 .
479 2634 666 2675 distinguit.
678 2631 782 2673 Quod
798 2631 887 2666 inter

214 2682 344 2717 medias
355 2685 599 2730 occupationes
611 2684 646 2716 in
661 2684 797 2718 chartas
808 2697 887 2719 con-

943 1583 1004 1628 jici
1020 1590 1145 1627 potest,
1158 1594 1227 1614 non
1242 1580 1444 1614 intermissis
1459 1578 1617 1624 negotiis.

948 1635 1021 1675 Sic,
1039 1635 1098 1680 qui
1117 1633 1421 1680 epigrammatibus
1440 1632 1556 1665 subito
1569 1631 1620 1664 ef-

949 1687 1121 1733 fingendis
1146 1687 1324 1732 ingenium
1351 1697 1451 1718 suum
1470 1683 1621 1717 assuefe-

950 1749 1092 1780 cerunt,
1120 1747 1282 1784 repente,
1311 1738 1399 1771 inter
1424 1736 1539 1770 media
1562 1748 1621 1769 ne-

950 1794 1040 1839 gotia
1053 1819 1062 1834 ‚
1081 1793 1108 1826 si
1127 1805 1196 1839 qua
1213 1804 1266 1824 res
1285 1790 1525 1837 epigrammati
1540 1796 1620 1834 apta

948 1854 1097 1879 mentem
1112 1845 1222 1889 tetigit
1233 1869 1241 1885 ‚
1256 1856 1376 1876 versus
1389 1841 1619 1888 perscribunt,

949 1907 981 1931 et
992 1911 1069 1931 mox
1081 1910 1199 1931 rursus
1210 1897 1244 1929 in
1256 1896 1401 1941 negotiis
1411 1895 1472 1928 toti
1483 1901 1571 1927 sunt.
1580 1893 1619 1925 E.

1000 1963 1012 1983 1
1024 1963 1036 1983 1
1047 1977 1053 1983 .
1069 1954 1109 1981 Ut
1122 1953 1191 1981 laus
1205 1959 1250 1981 est
1260 1947 1437 1980 ceroe.Vid.
1447 1959 1533 1991 quos
1546 1946 1621 1978 lau-

950 2002 1073 2035 damus
1084 2001 1202 2035 dehac
1216 1999 1440 2033 similitudine
1455 1998 1499 2032 ad
1512 1998 1621 2039 Quin-

951 2056 1002 2088 til.
1024 2056 1068 2095 X,
1087 2058 1122 2095 5,
1142 2066 1177 2100 9.
1197 2052 1340 2086 Fundus
1359 2060 1409 2085 est
1427 2050 1622 2083 Demetrius

952 2108 995 2142 de
1005 2109 1140 2141 Elocut.
1156 2121 1182 2141 s.
1197 2108 1275 2151 317.
1287 2105 1330 2138 G.
1342 2105 1624 2149 ——Jnssaqnefiat

948 2175 1036 2205 opus.
1049 2162 1099 2193 De
1110 2159 1306 2193 inanimatis
1317 2183 1325 2196 ‚
1341 2158 1488 2190 sormam
1501 2169 1622 2202 quam-

948 2226 1085 2259 cunque
1104 2214 1148 2245 ab
1173 2220 1245 2245 arte
1268 2211 1535 2256 accipientibus,
1555 2209 1623 2241 hoe

948 2266 1054 2299 verbo
1087 2273 1120 2298 et
1154 2265 1308 2310 cognatis
1342 2270 1488 2296 utuntur
1515 2269 1624 2306 poetae

948 2319 1149 2363 praesertim.
1168 2322 1278 2349 Jnssos
1293 2318 1374 2348 rivos
1393 2315 1441 2348 sie
1461 2314 1545 2347 dixit
1561 2314 1624 2346 Co-

950 2370 1093 2404 lumella
1104 2371 1149 2410 X,
1162 2370 1217 2408 48.
1232 2369 1286 2403 Sic
1298 2371 1455 2411 imperare
1465 2392 1474 2405 ‚
1485 2378 1620 2409 parere,

950 2426 1056 2467 sequi,
1083 2430 1148 2456 etc.
1172 2422 1215 2455 G.
1231 2442 1277 2446 —
1290 2423 1482 2462 Castamqne
1501 2421 1623 2450 Miner-

953 2490 1034 2508 vam.
1055 2475 1108 2508 Al.
1129 2485 1289 2507 castamve
1308 2475 1506 2509 Minervam,
1529 2468 1624 2515 quod

953 2529 1084 2561 malim.
1097 2527 1243 2569 Bardxii,
1259 2525 1406 2560 infelicis
1426 2536 1513 2568 saepe
1529 2522 1624 2555 criti-

952 2581 982 2615 ci
992 2606 1001 2621 ,
1016 2582 1231 2627 conjectura,
1251 2584 1378 2611 Vestam
1392 2587 1488 2619 atque
1501 2577 1624 2608 Miner-

953 2647 1022 2667 vam
1030 2659 1039 2673 ,
1053 2633 1183 2667 nemini
1192 2630 1350 2678 placebit.
1360 2630 1393 2663 S.

999 2705 1045 2711 »-
1070 2687 1162 2718 Sacri
1182 2687 1292 2728 fontes
1329 2681 1472 2716 omnino
1507 2692 1596 2726 aqua
1611 2691 1621 2721 ;
