1742 2989
101 315 117 343 8

83 1271 122 1290 10

85 1415 118 1435 ΙΙ

153 219 235 264 168
547 224 594 264 C.
633 221 853 265 PLIMI
889 223 1013 266 LlB.
1049 223 1143 265 ΙΙΙ.

144 314 290 342 amare
327 300 550 344 ardentius
583 302 709 361 coepi.
748 302 891 346 Habet
920 303 1095 364 quidem
1132 302 1290 363 gloria,
1318 303 1359 344 in
1397 302 1550 346 studiis

147 373 410 432 praesertim,
447 374 656 434 quiddam
685 377 985 425 ἀκοινώνητονῑ
1025 377 1151 421 nobis
1193 386 1340 420 tamen
1380 375 1549 419 nullum

146 456 366 490 certamen
382 481 393 498 ,
420 447 539 491 nulla
564 450 814 504 contentio,
840 466 975 510 quum
1006 460 1190 511 uterque
1216 449 1310 510 pari
1327 449 1435 510 jugo
1460 464 1551 492 non

146 536 227 579 pro
253 536 321 575 se,
350 521 424 564 sed
449 538 530 581 pro
557 538 709 566 caussa
738 523 966 567 niteretur.
992 525 1127 584 Cujus
1153 533 1197 566 et
1223 521 1483 583 magnitudo
1509 530 1553 564 et

148 592 311 637 utilitas
358 594 444 638 visa
485 604 548 638 est
585 594 832 655 postulare,
873 613 928 639 ne
969 606 1140 640 tantum
1180 596 1327 640 oneris
1371 593 1552 655 singulis

146 666 392 711 actionibus
425 668 684 713 subiremus.
714 669 1014 725 Verebamur,
1039 686 1093 713 ne
1122 686 1202 713 nos
1225 669 1339 724 dies,
1365 683 1420 710 ne
1447 683 1552 720 VOX,

146 755 201 782 ne
226 739 361 783 latera
394 740 659 797 deficerent,
687 743 722 786 si
760 752 825 786 tot
860 743 1066 797 crimina,
1093 753 1158 786 tot
1186 759 1282 786 reos
1311 758 1401 785 uno
1432 740 1553 784 velut

148 812 262 856 fasce
309 814 734 874 complecteremur3
779 815 969 872 deinde,
1016 833 1071 860 ne
1114 816 1313 876 judicum
1366 815 1554 858 intentio

146 885 293 929 multis
313 887 565 931 nominibus
588 887 823 948 multisque
844 890 1004 932 caussis
1032 905 1122 932 non
1149 888 1383 932 lassaretur
1401 886 1555 938 modo,

145 974 297 1001 ver-um
332 960 463 1002 etiam
500 960 877 1015 confunderetur3
914 978 1037 1015 mox,
1073 978 1128 1005 ne
1175 961 1315 1022 gratia
1356 958 1552 1020 singulo-

147 1048 245 1074 rum
275 1031 431 1076 collata
472 1043 605 1093 atque
645 1035 876 1094 permista,
914 1051 996 1094 pro
1033 1033 1213 1094 singulis
1235 1049 1411 1093 quoque
1443 1033 1555 1075 vires

147 1105 346 1148 omnium
383 1107 636 1165 acciperet;
676 1117 935 1167 postremo,
979 1123 1034 1150 ne
1080 1105 1395 1167 potentissimi,
1435 1103 1555 1147 vilis-

145 1179 254 1221 simo
289 1194 465 1238 quoque
507 1180 629 1238 quasi
676 1179 887 1239 piaculari
919 1180 1047 1234 dato,
1093 1179 1242 1222 alienis
1285 1178 1425 1238 poenis
1473 1175 1556 1220 ela-

146 1252 369 1294 berentur.
414 1252 591 1294 Etenim
629 1262 722 1295 tum
762 1254 953 1295 maxime
981 1251 1104 1295 favor
1137 1260 1180 1293 et
1208 1249 1390 1293 ambitio
1419 1248 1556 1292 domi-

148 1333 314 1376 natur,
360 1341 498 1384 quum
537 1325 618 1367 sul)
658 1323 803 1385 aliqua
841 1325 983 1385 specie
1025 1324 1265 1368 severitatis
1305 1322 1556 1366 delitescere

149 1406 307 1456 potest.
341 1399 449 1440 Erat
489 1397 532 1439 in
572 1397 753 1441 consilio
792 1398 1095 1442 Sertorianum
1135 1395 1239 1439 illud
1282 1395 1555 1455 exemplum,

209 1521 240 1548 8.
275 1513 503 1552 Ᾱκεινώντηον.
539 1519 691 1562 Regnum
727 1518 818 1550 enim

140 1570 377 1615 unusquisque
399 1569 569 1609 adfectat,
588 1582 650 1602 nec
670 1570 819 1603 cix-itatis

146 1621 250 1654 modo
269 1647 277 1661 ‚
295 1621 353 1654 sed
373 1633 488 1653 rerum
508 1622 664 1654 omnium
687 1634 694 1654 t
716 1634 817 1667 regna

143 1682 258 1707 autem
273 1674 404 1707 socium
421 1686 489 1706 non
504 1674 594 1707 ferre
608 1675 818 1707 tralaticium

146 1735 206 1760 est.
222 1725 375 1758 Eandem
391 1726 595 1758 sententiam
612 1728 725 1771 Nepos
739 1727 820 1758 Cor-

143 1779 253 1812 nelius
264 1779 309 1811 ita
321 1779 439 1811 extulit
451 1779 588 1819 Att.VI‚
600 1779 716 1819 4.«1d,
725 1778 820 1824 quod

142 1839 215 1865 erat
227 1830 487 1872 difficillimum,
496 1831 669 1865 efficiebat
683 1834 821 1868 Atticas,-

143 1893 182 1916 ut
191 1884 282 1917 inter
293 1897 379 1930 quos
392 1892 495 1917 tantae
505 1883 616 1917 laudis
628 1892 713 1917 esset
723 1896 822 1916 aemu-

145 1937 228 1970 latio
241 1938 294 1980 (de
311 1940 481 1970 Hortensio
496 1950 535 1969 ac
553 1939 702 1969 Cicerone
719 1939 820 1979 loqui-

146 1992 225 2035 tur),
242 1990 337 2023 nulla
353 1989 582 2023 intercederet
596 1989 798 2023 obtrectatio
809 2015 819 2030 ,

148 2051 303 2088 essetque
320 2043 437 2075 talium
453 2043 607 2076 virorum
622 2041 756 2088 copula.
774 2042 816 2074 G.

148 2116 192 2120 -—-
206 2098 285 2127 Pari
288 2098 384 2139 jugo.
393 2094 611 2127 Translatum
627 2107 645 2127 a
657 2094 818 2141 jumentis

143 2148 272 2194 junctis
282 2173 290 2187 ‚
305 2160 380 2193 quae
394 2160 501 2192 quum
519 2147 641 2192 aequali
656 2147 688 2179 vi
702 2147 817 2179 nitun-

149 2209 206 2233 tur
223 2225 230 2239 ,
251 2200 374 2246 jugum
395 2208 509 2232 manet
531 2200 661 2244 aequale
677 2224 685 2239 ,
710 2207 741 2232 et
763 2211 819 2232 an-

150 2252 247 2298 gulos
261 2264 356 2297 pares
368 2276 376 2291 ‚
389 2263 449 2284 seu
459 2260 568 2284 rectos
580 2251 623 2283 ad
636 2260 820 2296 utrumque

150 2306 238 2338 latus
246 2304 389 2337 temonis
397 2304 511 2336 efficit.
521 2304 562 2336 G.
573 2324 614 2329 —
622 2304 819 2337 Graecorum

152 2360 211 2404 ἰ’σῳ
228 2360 324 2404 ’ζυγῷ-
344 2356 549 2389 Theocritus
569 2357 634 2389 XII
650 2382 659 2396 ‚
684 2356 722 2389 15
739 2381 746 2396 ,
768 2359 821 2390 ἀ).-

150 2412 260 2449 λή),ους
293 2408 326 2443 δ’
353 2411 500 2455 ἐφίλησαν
532 2412 589 2455 ἰ’σῳ
620 2412 714 2456 ζυγῷ.
744 2411 823 2441 Pari

147 2465 228 2506 jugo
242 2476 311 2494 cum
325 2465 435 2505 aliquo
449 2463 510 2493 niti
527 2462 616 2494 idem
631 2463 716 2495 XIII
730 2488 738 2502 ‚
760 2462 797 2496 15
812 2487 820 2503 ‚

154 2514 291 2547 videtur
308 2514 430 2547 dixisse
451 2512 481 2548 εὗ
502 2517 599 2549 ἑλκεῖν
617 2517 697 2549 τινί·
720 2514 763 2548 ad
784 2528 819 2559 q.

156 2567 180 2599 l.
196 2566 265 2599 vid.
281 2567 397 2611 Toup.
412 2566 495 2599 Cur.
512 2567 639 2600 Poster.
656 2580 690 2612 p.
709 2571 764 2606 24.
782 2568 817 2600 S.

204 2639 250 2644 —
272 2622 320 2650 Ne
339 2629 461 2651 tantum
480 2622 594 2652 oneris.
615 2621 690 2652 Duo
706 2619 820 2651 Advo-

160 2672 225 2703 cati
258 2670 405 2716 singulas
439 2672 588 2705 actiones
623 2672 795 2705 instituere
812 2698 820 2711 ‚

162 2735 297 2768 unaque
317 2723 402 2757 adeo
431 2724 560 2758 actione
587 2733 691 2758 totam
716 2738 819 2759 unus-

886 1517 1033 1562 quisque
1048 1528 1204 1549 caussam
1215 1541 1223 1556 ,
1238 1524 1345 1548 totum
1364 1516 1493 1550 crimen
1511 1516 1554 1549 ita

886 1569 1022 1602 varium
1032 1569 1205 1602 variorum
1216 1569 1399 1614 complecti
1414 1569 1534 1602 nolunt
1547 1581 1554 1601 ξ

886 1621 946 1654 sed
960 1621 1074 1664 plures
1091 1622 1172 1664 (tres
1184 1647 1192 1661 ‚
1213 1621 1283 1654 vid.
1302 1634 1328 1654 s.
1354 1624 1407 1665 19)
1424 1634 1485 1667 pro
1504 1621 1557 1654 di·

886 1675 1043 1708 versitate
1058 1674 1241 1706 criminum
1259 1683 1289 1706 et
1306 1686 1529 1718 personarum
1548 1700 1556 1713 ‚

887 1726 1036 1759 actiones
1057 1726 1292 1771 uuusquisque
1314 1738 1433 1758 eorum
1460 1726 1557 1758 insti-

888 1787 995 1812 tuere.
1031 1779 1110 1811 Haec
1145 1778 1172 1811 si
1205 1778 1462 1824 perpendissent
1494 1778 1557 1811 viri

887 1831 998 1872 docti,
1019 1844 1086 1864 non
1106 1831 1335 1877 postulassent
1348 1857 1357 1872 ‚
1377 1838 1495 1864 contra
1515 1830 1557 1863 li-

887 1885 1030 1917 brorum
1051 1884 1207 1917 omnium
1230 1884 1354 1924 fidem,
1379 1884 1557 1929 ipsamque

887 1937 1078 1971 Mediceam
1105 1937 1304 1982 religionem
1334 1932 1395 1981 (ὡς
1422 1938 1556 1982 κριτικὸν

885 1993 960 2030 ε”πος
984 1986 1105 2035 εἰπεῖν)
1125 2016 1133 2030 ,
1160 1990 1440 2036 conjunctionem
1463 2002 1502 2020 ne
1522 1988 1556 2021 in

887 2053 921 2075 uc
936 2044 1074 2076 mutari.
1091 2043 1135 2076 G.

931 2108 965 2138 9.
982 2099 1033 2127 Ne
1044 2109 1101 2127 nos
1113 2098 1194 2127 dies.
1212 2121 1217 2127 .
1232 2122 1237 2126 .
1250 2120 1256 2125 .
1273 2097 1469 2140 deficerent.
1486 2094 1555 2126 Ex-

884 2149 1005 2195 pressit
1015 2148 1168 2181 Tullium
1186 2160 1286 2180 suum
1302 2148 1402 2180 Verr.
1423 2147 1457 2179 II
1469 2172 1478 2187 ‚
1494 2159 1531 2179 21
1547 2171 1555 2186 ‚

884 2215 964 2248 pag.
995 2214 1079 2246 227,
1101 2200 1155 2234 ed.
1182 2201 1263 2233 Ern.
1293 2213 1368 2232 nam
1396 2212 1444 2231 me
1471 2201 1554 2234 dies,

885 2268 955 2287 voa*
970 2280 977 2291 ‚
1001 2257 1106 2286 latera
1125 2255 1293 2298 deficiant,
1310 2255 1353 2291 si,
1373 2260 1441 2285 etc.
1461 2252 1494 2285 S.
1513 2272 1557 2276 -—-

890 2309 977 2338 Vires
996 2308 1136 2338 omnium
1157 2308 1324 2349 acciperet.
1348 2307 1447 2337 Rom.
1470 2306 1557 2335 Vires

886 2361 1028 2391 omnium
1047 2361 1208 2400 reciperet.
1229 2358 1273 2390 H.
1302 2377 1347 2382 ——
1371 2359 1557 2388 Piaculares

886 2414 1028 2443 miccimae
1043 2411 1107 2443 sibi
1126 2411 1283 2456 imposita
1304 2410 1456 2443 ferebant
1476 2420 1556 2452 pec-

886 2472 963 2498 cata
989 2463 1090 2496 totius
1119 2463 1289 2503 civitatis;
1316 2461 1557 2494 mactabantur

885 2516 979 2556 ideo,
992 2524 1029 2548 ut
1045 2516 1195 2561 ipsarum
1212 2523 1322 2548 morte
1337 2513 1445 2546 caeteri
1466 2512 1555 2545 cives

887 2577 1117 2602 servarentur.
1147 2570 1234 2613 Apta
1265 2567 1368 2612 igitur
1401 2573 1449 2598 est
1483 2565 1555 2598 haec

888 2619 1110 2666 comparatio.
1127 2621 1192 2653 Et).

938 2685 991 2705 11.
1011 2677 1092 2704 Erat
1113 2675 1144 2703 in
1170 2673 1310 2704 consilio.
1327 2670 1495 2702 ⁵Veniebat
1516 2669 1549 2701 in

888 2734 1035 2758 mentem
1050 2750 1058 2766 ,
1079 2725 1323 2770 cogitabamus.
1346 2724 1395 2756 Ita
1416 2723 1502 2755 bene
1521 2722 1551 2754 J.
