1757 2880
197 206 224 232 x
723 191 1082 236 PRAEFATIO

197 290 312 333 nino
337 290 580 334 Ernestius
607 299 786 346 noster,
814 290 1012 353 perinde
1041 301 1185 353 atque
1217 291 1334 335 alter
1360 290 1465 346 ille,
1495 292 1613 335 Livii

197 370 366 428 editor,
400 388 425 415 a
454 371 615 416 critica
650 372 936 435 scriptorum
968 382 1188 417 veterum
1228 372 1512 417 tractatione
1542 373 1612 416 vi-

1048 471 1103 517 ge
1128 453 1308 514 majore
1332 468 1443 498 cura
1464 453 1614 499 inten-

196 533 400 595 tiorique
417 533 575 578 studio
590 535 1035 597 interpretationem
1051 534 1186 578 Plinii
1201 534 1478 597 complexus
1493 544 1591 579 erat
1602 571 1613 590 ,

195 450 335 496 detur
354 451 496 497 fuisse
521 452 683 515 paullo
704 453 915 499 alienior.
941 456 1040 498 Lon

195 624 246 658 ut
261 651 271 671 ,
291 616 328 659 si
348 631 453 677 quae
475 632 499 660 a
522 619 735 661 Gesnero
751 617 799 661 in
822 616 908 662 hac
927 617 1083 679 operis
1104 626 1261 679 parte,
1289 632 1383 679 qua
1409 616 1611 661 maxime

195 707 453 742 censentur
497 698 730 744 editiones
771 700 1092 755 Gesnerianae,
1131 700 1303 744 omissa
1339 683 1521 753 essent,
1559 715 1611 743 ea

194 781 364 841 partim
388 798 444 825 ex
464 783 668 844 propriis
693 781 923 827 thesauris
950 792 1231 846 exprompta
1256 781 1475 839 adderet,
1504 798 1613 844 par-

194 862 277 904 tim
296 878 352 906 ex
365 863 685 907 recentiorum
698 900 708 919 ,
727 864 944 927 inprimis
964 865 1181 927 Gierigii,
1201 862 1332 908 libris
1350 863 1613 926 prudenter

193 942 399 988 delibata
423 955 673 1007 repeteret.
702 950 865 1006 Itaque
894 947 1099 992 Ernestii
1123 956 1271 1001 notae,
1300 955 1354 990 ut
1385 946 1525 990 crisin
1553 944 1613 990 de

192 1035 326 1070 textu
352 1027 689 1072 constituendo
716 1044 816 1072 non
843 1045 1040 1090 prorsus
1067 1029 1330 1091 negligant,
1358 1029 1613 1073 maximam

192 1117 374 1168 partem
395 1109 623 1171 exegetici
638 1111 906 1172 argumenti
925 1120 1058 1155 sunt:
1076 1120 1298 1155 caeterum
1318 1121 1365 1155 et
1381 1110 1613 1155 brevitate

192 1188 621 1245 commendabiles,
649 1200 696 1235 et
724 1207 838 1236 vero
870 1192 1011 1236 etiam
1043 1192 1393 1254 perspicuitate.
1428 1191 1615 1236 Minore

191 1271 443 1333 religione,
471 1288 614 1333 quam
640 1274 688 1316 in
718 1282 851 1317 textu
876 1273 1149 1330 reddendo,
1178 1275 1226 1317 in
1257 1275 1384 1318 notis
1413 1273 1615 1319 Gesneri

192 1351 473 1397 exhibendis
491 1362 762 1398 versaturus
777 1363 889 1399 erat.
908 1356 1004 1398 Etsi
1019 1355 1145 1399 enim
1159 1354 1433 1416 longissime
1450 1353 1614 1398 aberat

193 1450 215 1477 a
240 1435 423 1479 ratione
440 1451 606 1498 parum
624 1434 872 1498 probanda
888 1437 1164 1498 eorum,qui
1180 1436 1227 1479 in
1251 1445 1467 1481 veterum
1486 1436 1612 1481 libris

193 1516 389 1561 edendis
419 1518 634 1579 priorum
676 1527 813 1563 notas
847 1517 1085 1563 editorum
1114 1535 1223 1563 cum
1263 1519 1358 1563 suis
1390 1518 1452 1562 ita
1480 1534 1612 1562 com-

190 1599 390 1644 miscent
414 1609 459 1644 et
492 1599 821 1657 confundunt,
842 1610 895 1645 ut
911 1637 921 1655 ,
943 1617 1087 1663 quem
1119 1600 1331 1663 quidque
1365 1609 1611 1645 auctorem

193 1679 386 1735 habeat,
414 1681 553 1743 plane
578 1682 791 1744 ignores;
823 1683 871 1726 in
905 1683 1104 1727 Gesneri
1134 1692 1292 1727 tamen
1322 1691 1611 1726 commenta-

191 1763 315 1806 rium
339 1763 499 1825 paullo
525 1764 631 1826 plus
652 1763 741 1809 sibi
759 1774 1046 1827 sumpserat,
1063 1781 1205 1827 quam
1230 1763 1289 1809 ab
1311 1764 1508 1809 homine
1529 1779 1611 1808 cae-

192 1845 383 1905 teroqui
405 1853 500 1889 tam
521 1845 868 1908 circumspecto
888 1844 1022 1891 facile
1044 1855 1378 1908 exspectasses.
1403 1845 1548 1902 Quod
1575 1845 1609 1888 si

192 1925 290 1970 hsec
312 1927 457 1971 editio
477 1927 535 1972 ab
557 1929 660 1991 ipso
682 1930 899 1974 Ernestio
918 1929 1133 1991 evulgata
1154 1938 1297 1984 esset,
1320 1927 1611 1973 Gesneriana

192 2006 478 2053 haberemus
505 2008 581 2054 hic
606 2019 748 2071 atque
775 2010 869 2055 illic
894 2011 955 2055 ita
982 2010 1057 2055 vel
1079 2009 1242 2055 reficta
1266 2008 1340 2054 vel
1368 2017 1611 2053 contracta

193 2088 411 2151 adeoque
436 2100 672 2147 truncata,
705 2101 780 2145 ut,
808 2092 844 2136 si
867 2092 949 2153 qui
972 2092 1211 2153 integrum
1236 2094 1504 2136 Gesnerum
1528 2106 1609 2135 co-

193 2187 420 2231 gnoscere
465 2183 716 2235 cuperent,
768 2173 825 2218 ad
860 2174 1042 2236 priores
1088 2173 1321 2218 editiones
1364 2188 1609 2218 recurrere

195 2263 492 2315 cogerentur.

258 2338 366 2379 Hoec
403 2334 549 2380 habui
586 2353 689 2398 quae
720 2337 778 2381 de
815 2338 1018 2382 Ernestii
1055 2337 1274 2381 instituto
1305 2334 1540 2399 praefarer.
1571 2338 1606 2379 A

196 2433 293 2477 qno
320 2434 469 2478 quum
501 2434 663 2463 meum
696 2419 917 2463 nonnihil
947 2418 1203 2481 discrepet,
1233 2434 1377 2480 quam
1404 2433 1492 2479 ego
1519 2418 1607 2459 mi-

198 2498 343 2543 himet
370 2499 520 2562 legem
546 2501 812 2563 scripserim
829 2537 840 2553 ,
867 2501 1076 2546 breviter
1105 2500 1371 2546 ostendam.

263 2582 423 2637 Quum
457 2583 664 2644 primum
698 2584 746 2627 in
782 2584 984 2629 Ernestii
1017 2584 1139 2627 vices
1175 2581 1403 2627 suffectus
1433 2596 1606 2635 essem,

199 2664 431 2723 integrum
462 2664 577 2708 milii
606 2664 769 2709 datum
795 2675 887 2715 est,
910 2675 960 2709 ut
990 2682 1159 2709 novam
1189 2664 1320 2709 Plinii
1349 2662 1605 2707 editionem
