1742 2989
523 205 867 248 EPISTOLA
904 207 1009 248 XV.

1375 204 1461 266 347

63 290 240 349 Cogita,
262 288 336 347 qui
363 287 473 330 risus
497 286 724 329 hominum
739 321 749 340 ‚
772 287 845 346 qui
871 287 974 346 joci.
996 288 1071 329 Est
1091 286 1272 328 omnino
1294 286 1465 329 Priscus
1490 296 1508 327 3

65 361 208 404 dubiae
230 360 424 404 sanitatis
453 376 462 401 ε

64 433 131 477 liis
149 469 159 487 ,
185 443 316 493 atque
341 432 473 475 etiam
496 432 567 491 jus
593 432 717 475 civile
748 432 919 493 publice
952 432 1187 492 respondet

490 359 669 403 interest.
692 369 837 403 tamen
863 359 1041 410 officiis,
1066 358 1300 401 adhibetur
1320 361 1465 402 consi-

1220 449 1227 474 2
1258 449 1344 491 qUO
1371 449 1465 475 lna-

65 506 147 565 gis,
168 504 286 565 quod
304 514 409 548 tunc
430 503 529 547 fecit
544 540 555 560 ,
575 515 618 547 et
639 504 867 549 ridiculum
887 516 929 549 et
952 505 1143 549 notabile
1167 505 1258 548 suit.
1284 506 1465 548 Interim

64 577 215 622 Paullo
252 578 392 635 aliena
428 577 629 631 deliratio
661 577 931 639 aliquantum
965 579 1137 639 frigoris
1171 578 1331 621 attulit.
1358 581 1467 621 Tam

65 725 104 743 ex
116 711 233 744 schola
243 712 317 757 ejus
327 710 398 756 ipse
409 710 543 743 Salvius
553 710 711 743 Julianus
725 735 733 749 ‚

65 765 228 797 eximium
252 764 585 797 Jurisconsultorum
604 763 709 797 decus
724 788 732 803 ,

64 817 202 862 prodiit.
214 818 279 850 En.

116 891 156 895 -—-
179 873 307 914 Cogita,
339 872 395 912 qui
421 871 516 907 risus,
544 877 608 902 etc.
634 870 730 900 Rom.

73 923 216 968 “Cogita
231 949 239 963 ‚
260 923 320 969 qui
342 923 430 955 risus
453 921 633 954 hominum
647 946 654 960 ,
675 920 733 966 qui

60 976 131 1022 joci
151 987 158 1008 :
177 976 310 1021 quoties
327 975 468 1008 omnino
488 975 621 1007 Priscus
637 972 733 1005 haud

65 1027 178 1061 dubiae
197 1028 348 1061 sanitatis
367 1027 506 1060 interest
523 1035 637 1060 tamen
656 1026 733 1059 offi-

66 1081 138 1113 ciis.
149 1098 161 1108 u
182 1080 227 1113 H.

113 1133 145 1165 3.
165 1137 235 1164 Est.
255 1157 262 1164 .
278 1157 284 1163 .
301 1134 441 1164 ‚Priscus
455 1135 559 1165 dubiae
574 1134 732 1164 scmitatis.

65 1185 128 1217 Hic
155 1193 203 1218 est
227 1185 282 1217 ille
311 1185 427 1223 locus,
444 1185 488 1217 ob
516 1197 619 1230 quem
645 1184 735 1217 male

66 1249 169 1270 sanus
182 1236 297 1270 adhuc
318 1236 427 1269 audiit
441 1237 628 1270 Javolenus
646 1249 653 1269 ι
672 1250 735 1269 nu-

66 1302 128 1334 per
139 1300 296 1333 nugator,
313 1297 345 1322 et
360 1292 520 1328 mendax,
537 1297 568 1321 et
586 1292 735 1321 intolera-

66 1344 135 1374 bilis
149 1345 330 1374 ambitionis
347 1345 440 1374 homo
451 1368 460 1380 ,
482 1349 513 1374 et
529 1344 648 1385 nefizrii
665 1355 735 1373 con-

66 1397 216 1427 siliireus
228 1420 236 1434 ‚
250 1407 321 1427 esse
337 1395 436 1440 coepit
446 1394 588 1427 Plinius.
601 1394 735 1427 Scilicet

66 1446 193 1480 Plinius
212 1447 369 1480 Paullum
385 1447 510 1479 amavit
524 1475 530 1488 ,
544 1458 735 1491 praeconem

68 1511 135 1532 suae
146 1500 262 1544 gloriae
276 1512 283 1532 :
298 1499 457 1532 eumdem
473 1499 595 1531 fortius
613 1498 736 1531 amavit

66 1552 252 1585 Javoleuus
286 1552 377 1586 illius
400 1552 641 1585 amicissimus.
669 1553 736 1584 Ita-

67 1617 134 1649 que
160 1618 261 1651 quem
285 1618 303 1638 a
325 1605 445 1650 plagiis
473 1605 543 1638 suis
570 1604 736 1647 (Martiali

67 1658 169 1690 etiam
197 1657 370 1691 adcusatis
395 1659 450 1699 II,
489 1661 575 1701 20),
610 1658 737 1690 frustra

67 1709 182 1744 adhuc
206 1718 447 1750 revocaverat,
468 1723 547 1743 eum
563 1713 634 1756 jam
653 1710 738 1742 reei-

65 1771 140 1795 tare
160 1763 377 1808 incipientem
391 1789 399 1803 ,
421 1770 557 1808 captata
576 1770 737 1807 opportu-

69 1815 193 1855 nitate,
214 1816 302 1849 salse
328 1824 359 1848 et
383 1816 530 1861 graviter
555 1815 738 1859 reprehen-

68 1867 115 1900 dit
130 1880 137 1899 :
153 1868 247 1913 quod
260 1868 402 1913 indigne
417 1869 545 1901 ferebat
559 1867 738 1901 Secundus

68 1919 154 1953 adeo
166 1946 174 1960 ,
190 1928 225 1952 ut
237 1920 302 1953 hac
318 1921 459 1965 epistola
471 1920 625 1953 dolorem
637 1932 737 1952 suum

68 1968 302 2006 ulcisc'eretur.
317 1974 369 2006 Sic
384 1974 436 2007 vir
449 1972 571 2006 doctus
582 1998 590 2012 ‚
605 1972 666 2019 qui
679 1972 739 2004 «de

67 2025 182 2058 Prisco
209 2026 376 2059 Javoleno
406 2026 657 2059 Jurisconsulto
690 2025 740 2058 in-

69 2079 297 2123 comparabili
315 2087 347 2112 et
366 2080 540 2124 praecipuo
557 2078 671 2111 saeculi
686 2078 740 2110 sui

69 2139 274 2163 ornamento
295 2130 567 2164 dissertationem
580 2149 591 2159 »ι
620 2130 740 2172 Lipsiae

72 2183 181 2226 1734,
202 2182 311 2215 edidit
324 2209 332 2222 ‚
352 2183 395 2216 G.
416 2185 457 2216 A.
477 2184 653 2216 Ienichen.
674 2181 739 2216 Sed

68 2235 182 2280 posuit
193 2260 202 2275 ,
214 2248 282 2268 non
294 2236 449 2280 probavit
462 2261 469 2275 ,
485 2235 641 2269 Paullum
653 2236 741 2269 Mar-

69 2287 158 2319 tialis
188 2299 258 2320 esse
288 2296 472 2328 nostrum3
495 2296 532 2321 ut
558 2301 621 2321 neo
655 2288 741 2321 illud

68 2341 252 2385 probatum
285 2349 333 2373 est
346 2367 354 2381 ‚
382 2341 475 2387 quod
510 2349 649 2374 sumunt
678 2341 741 2373 viri

70 2391 183 2432 docti,
205 2406 221 2425 a
246 2393 413 2426 Juvenale
433 2406 511 2426 eum
532 2394 624 2438 tangi
642 2395 677 2433 I,
701 2407 716 2426 2
730 2418 738 2432 ‚

71 2452 103 2477 et
122 2446 193 2485 ΠΙ,
214 2447 247 2479 8.
269 2446 310 2477 Et
335 2446 388 2478 fac
411 2446 453 2478 ita
476 2458 548 2479 esse
562 2472 570 2487 ‚
591 2446 741 2479 Martiali

70 2497 104 2528 in
132 2498 249 2530 animo
282 2498 386 2530 fuisse
420 2498 616 2530 Plinianum
648 2498 739 2531 hunc

72 2548 229 2582 Paullum
247 2562 254 2582 :
270 2558 384 2582 utrum
397 2549 575 2582 credemus
586 2550 718 2583 facilius
729 2575 738 2589 ‚

72 2609 207 2645 poetam
226 2602 441 2636 maledixisse
461 2610 556 2647 part·
578 2602 591 2634 Ρ
609 2615 653 2635 an
673 2603 739 2635 Pli-

72 2653 169 2686 nium
180 2679 188 2694 ‚
211 2654 298 2688 adeo
313 2656 410 2688 illum
427 2657 522 2688 t'amae
538 2667 603 2687 suae
615 2681 623 2695 ,
637 2663 666 2688 et
681 2668 739 2700 op-

72 2705 162 2740 timis
183 2707 321 2752 quidem
348 2709 498 2748 artibus,
524 2708 737 2747 studiosum,

795 710 986 756 impudenti
1002 709 1186 744 mendacio
1203 722 1282 742 suos
1297 710 1373 742 illos
1385 711 1469 755 poli-

795 763 942 796 tissimos
971 763 1103 796 libellos
1130 772 1162 797 et
1191 763 1327 796 virtutis
1352 763 1468 796 colore

796 815 949 861 undique
962 816 1107 848 nitentes
1118 841 1126 854 ‚
1139 824 1267 848 temere
1282 814 1371 860 apud
1388 828 1468 847 con-

797 869 901 901 sciam
916 870 1057 900 Romam
1072 894 1080 908 ‚
1097 876 1128 901 et
1143 869 1261 901 orbem
1276 875 1444 900 terrarum
1458 893 1465 905 ‚

796 921 1008 953 maculasse?
1026 922 1067 953 Et
1090 934 1193 966 quam
1216 920 1356 953 tandem
1379 921 1467 965 inju-

796 973 883 1005 riam
912 974 990 1005 fecit
1014 973 1203 1006 Javoleno?
1222 973 1314 1005 Dixit
1334 985 1342 1005 :
1363 975 1467 1004 dubim

796 1028 943 1057 sauimcis
970 1039 1042 1058 esse
1065 1038 1071 1058 :
1091 1028 1312 1057 delirationem
1338 1025 1387 1057 illi
1412 1025 1467 1057 tri-

796 1078 882 1110 buit.
903 1078 1015 1110 Potuit
1035 1087 1147 1111 tamen
1169 1092 1229 1123 per
1249 1078 1396 1110 Plinium
1414 1078 1462 1109 vir

798 1129 1016 1164 doctissimus
1032 1131 1134 1162 fnisse
1148 1131 1333 1163 Javolenus
1349 1155 1357 1170 ‚
1376 1137 1406 1161 et
1418 1142 1468 1163 sa-

1491 522 1510 558 -ιὴ

799 1184 893 1229 piens
905 1209 912 1223 ‚
928 1192 960 1217 et
975 1185 1102 1230 probus
1120 1196 1127 1216 :
1147 1184 1225 1216 lieet
1246 1189 1467 1229 μελαγχολικῷ
1492 1180 1494 1182 ’

799 1237 948 1282 quodam
972 1240 1086 1274 πάθει,
1107 1236 1199 1282 quod
1223 1236 1356 1280 magnis
1376 1236 1467 1280 inge-

798 1290 860 1322 niis
888 1290 1041 1323 solemne
1072 1298 1121 1322 est
1139 1315 1147 1329 ‚
1167 1288 1347 1328 ‚interdum
1375 1297 1466 1320 extra

799 1342 888 1375 oleas
914 1344 1116 1375 auferretur.
1143 1342 1268 1374 Parum
1297 1340 1392 1373 novit
1417 1340 1469 1372 hi-

800 1395 938 1427 storiam
969 1395 1148 1427 hominum
1179 1393 1394 1426 eruditorum
1410 1418 1417 1431 ‚
1442 1392 1469 1424 si

800 1448 873 1491 quis
891 1456 987 1492 putat
1000 1473 1008 1487 7
1030 1447 1102 1479 lieri
1120 1460 1190 1479 non
1209 1458 1325 1491 posse,
1346 1446 1394 1477 uti
1414 1447 1470 1475 da-

801 1502 857 1530 bla·
876 1502 1023 1531 sanitatis
1047 1499 1168 1545 aliquis
1190 1498 1346 1531 videatur
1367 1499 1470 1530 iuter·

801 1551 881 1583 dum
894 1578 902 1591 ‚
935 1560 967 1584 et
999 1560 1112 1584 tamen
1142 1569 1154 1579 «
1166 1551 1290 1584 officiis
1317 1550 1447 1583 intersit
1462 1575 1469 1589 ‚

801 1605 950 1638 consiliis
973 1604 1179 1637 adhibeatur
1194 1629 1202 1642 ‚
1223 1605 1280 1649 jus
1299 1602 1398 1635 civile
1422 1615 1472 1634 rc—

802 1657 966 1702 spondeat
982 1683 990 1697 ,
1006 1674 1018 1686 n
1040 1657 1089 1689 vel
1106 1668 1351 1701 quameunque
1368 1654 1469 1687 aliam

802 1718 907 1742 uitem
940 1709 1153 1754 profiteatur.
1186 1709 1326 1740 Maneat
1357 1707 1473 1751 itaque

802 1775 859 1807 per
873 1775 935 1794 nos
949 1762 999 1794 vir
1018 1762 1130 1793 bonus
1148 1760 1275 1792 Plinius
1288 1785 1296 1798 ‚
1316 1759 1368 1792 vir
1386 1758 1474 1804 juris

802 1814 1074 1848 consultissimus
1103 1826 1182 1845 cuin
1202 1812 1383 1845 defensore
1412 1824 1473 1842 suo

801 1868 856 1900 Jax
865 1868 1002 1905 olenus,
1020 1865 1121 1899 laude
1135 1878 1195 1897 sua
1211 1877 1331 1896 omnes
1347 1863 1475 1907 dignis-

803 1920 890 1953 simi.
907 1919 1000 1960 Quid
1017 1919 1043 1951 si
1064 1919 1196 1951 Priscus
1212 1919 1335 1950 Noster
1349 1916 1473 1948 imitari

805 1973 908 2007 voluit
929 1972 1025 2004 illum
1038 1971 1240 2004 ‘l'rebatium
1258 1970 1380 2002 Horat.
1403 1970 1471 2002 Sat.

804 2026 857 2065 ΙΙ,
878 2038 906 2065 1,
930 2028 947 2059 5
961 2051 968 2065 ,
986 2038 1037 2070 sq.
1064 2024 1217 2069 Suscepit
1237 2023 1338 2068 igitur
1360 2035 1475 2067 perso-

804 2091 883 2111 nam
896 2077 1078 2110 ridiculam
1099 2092 1105 2109 :
1122 2077 1205 2109 laesit
1223 2076 1370 2108 amicum
1385 2100 1393 2114 ‚
1408 2082 1472 2107 etc.

806 2131 849 2163 G.
861 2152 905 2155 —
916 2133 1099 2173 Respondet.
1120 2130 1323 2162 potestatem
1340 2128 1476 2173 dejure

802 2185 928 2225 publice
943 2182 1172 2228 lespondendi
1187 2207 1195 2221 ‚
1216 2182 1297 2214 olim
1315 2180 1475 2213 omnibus

806 2236 1062 2268 Juriseonsultis
1075 2247 1293 2268 communem
1308 2259 1316 2273 ‚
1336 2233 1415 2265 inde
1433 2233 1476 2264 ab

806 2289 960 2333 Augusto
976 2289 1198 2333 imperatmes
1213 2300 1282 2320 non
1299 2287 1361 2318 nisi
1376 2287 1475 2319 certis

807 2340 885 2372 viris
909 2349 1174 2380 concesserunt,
1193 2351 1382 2383 eorumque
1404 2351 1476 2370 sen-

807 2393 929 2427 tentias
944 2394 1176 2439 sequebantur
1189 2391 1334 2437 judices,
1352 2391 1418 2422 lin.
1432 2410 1475 2418 <—

809 2449 876 2485 Quo
899 2449 1020 2490 magis,
1045 2454 1110 2479 cte.
1141 2444 1242 2487 Quod
1273 2443 1474 2475 sententiam

807 2512 904 2531 suam
920 2524 928 2538 ‚
944 2507 1108 2544 tanquam
1123 2497 1296 2531 adhibitus
1311 2494 1454 2528 consilio
1466 2520 1474 2533 ‚

805 2551 936 2591 dir-ere,
958 2552 1028 2585 sive
1048 2551 1090 2585 do
1109 2554 1185 2598 jure
1204 2547 1413 2593 respondere
1430 2547 1477 2579 vi-

805 2603 956 2637 deretur.
977 2598 1027 2637 S.⁴

852 2661 884 2697 fg.
901 2659 1109 2699 Aliquantum
1119 2656 1255 2698 frigoris
1276 2654 1393 2684 attulit.
1415 2652 1474 2683 Fe-

805 2710 848 2741 vit
861 2734 868 2747 ‚
883 2717 918 2741 ut
929 2709 1042 2741 minus
1054 2707 1204 2740 studiose
1220 2731 1228 2745 ,
1240 2706 1353 2738 minus
1366 2702 1465 2738 calith
