1742 2989
554 202 902 244 EPISTOLA
938 202 1135 244 XVIII.

1486 207 1547 265 49

142 296 240 326 mea
258 281 459 325 advoluta
474 282 680 344 genibus,
695 299 749 325 ne
764 299 936 343 agerem
957 283 1198 327 obsecrare.
1218 285 1275 326 Et
1289 300 1406 327 eram
1429 296 1546 330 actu-

144 371 217 398 rus
247 353 594 398 adolescentulus
624 355 794 411 adhuc3
831 372 948 399 eram
978 357 1022 399 in
1051 356 1328 417 quadruplici
1352 358 1546 418 judici03

140 442 260 470 eram
285 437 435 471 contra
461 429 786 487 potentissimos
812 430 1022 483 civitatis,
1047 439 1178 490 atque
1205 432 1334 474 etiam
1365 433 1545 475 Caesaris

139 500 302 543 amicos
320 516 328 543 :
345 517 440 560 quae
462 501 631 561 singula
654 511 859 545 excutere
877 513 1066 546 mentem
1084 504 1189 546 mihi
1210 514 1305 564 post
1322 514 1408 548 tam
1425 507 1547 549 triste

137 574 358 616 somnium
387 584 604 634 poterant.
631 577 712 635 Egi
739 585 884 619 tamen
902 612 912 630 ,
939 578 1200 639 λογισάμενος
1233 578 1364 635 illud,

209 684 278 736 Εἷς
305 686 438 737 οἰωνὸς
466 685 628 747 ἄριστος
645 723 656 743 ‚
681 689 904 747 ἀμύνασθαι
932 690 1020 749 περὶ
1044 692 1215 750 πάτρης.

136 789 247 831 Nam
275 788 383 831 mihi
411 790 575 849 patria,
608 798 651 832 et
678 790 711 832 si
743 789 847 849 quid
873 791 1015 834 carius
1042 794 1182 852 patria
1200 828 1210 844 ,
1238 794 1345 838 fides
1371 796 1539 841 videba-

136 870 220 904 tur.
248 863 462 921 Prospere
488 863 613 905 cessit
636 879 644 904 :
668 872 798 922 atque
825 862 933 906 adeo
960 863 1027 907 illa
1055 867 1168 908 actio
1195 867 1300 910 mihi
1324 884 1449 913 aures
1472 871 1544 914 110-

134 936 304 978 minum
321 971 332 991 ⁷
362 934 433 978 illa
455 936 635 995 januam
663 935 788 979 famae
813 936 1032 997 patefecit.
1054 939 1244 983 Proinde
1264 940 1428 1002 dispice
1447 979 1458 999 ,
1486 961 1541 988 an

133 1016 182 1050 tu
217 1023 391 1068 quoque
426 1008 506 1052 sub
540 1007 625 1052 hoc
659 1009 859 1070 exemplo
891 1012 1108 1055 somnium
1142 1013 1256 1057 istud
1294 1015 1337 1057 in
1373 1016 1541 1061 bonum

133 1090 275 1125 vertas
301 1098 311 1124 ε
339 1091 414 1125 aut
439 1083 472 1125 si
499 1083 635 1125 tutius
663 1092 790 1142 putas
814 1081 919 1126 illud
943 1085 1179 1128 cautissimi
1200 1087 1413 1148 cujusque
1433 1106 1542 1150 prae-

131 1164 308 1214 ceptum
327 1172 335 1198 :
352 1155 491 1213 Quod
504 1155 706 1209 dubitas,
728 1155 978 1214 rzeftcet²125;
998 1157 1042 1200 id
1060 1158 1202 1218 ipsum
1217 1161 1421 1206 rescribe.
1445 1165 1538 1225 Ego

129 1294 200 1332 pta.
215 1288 248 1321 S.
268 1307 313 1313 --
331 1292 369 1318 In
389 1289 594 1331 quadruplici
604 1290 745 1332 judicio.
763 1287 802 1319 ln

130 1353 198 1373 una
210 1341 349 1374 basilica
367 1349 516 1387 quatuor
533 1343 633 1374 simul
647 1341 800 1388 judicia,

126 1401 278 1438 quatuor
311 1394 496 1427 tribunalia
511 1420 519 1434 ‚
550 1395 609 1427 ubi
642 1408 708 1427 non
743 1395 801 1428 ad-

129 1446 384 1480 versariimodo
395 1473 404 1487 ‚
417 1446 478 1479 sed
492 1447 682 1481 vocaliores
696 1449 799 1481 etiam

127 1499 265 1544 patroni
279 1499 454 1533 metuendi
470 1508 578 1533 erant.
591 1501 668 1533 Jam
681 1498 799 1534 lauda-

125 1560 182 1585 tus
205 1552 280 1585 aliis
304 1553 511 1594 Quintiliani
534 1553 630 1586 locus
644 1554 731 1593 XII,
754 1555 796 1594 5,

125 1607 148 1638 6
166 1629 175 1644 ,
196 1604 238 1637 de
254 1605 442 1638 Trachallo
458 1617 466 1638 ε
490 1618 504 1633 ‘⁴
521 1606 639 1647 Quum
657 1606 691 1638 in
712 1607 798 1639 basi-

125 1655 191 1690 lica
213 1656 303 1690 Julia
324 1657 452 1692 diceret
471 1659 581 1703 primo
607 1659 795 1700 tribunali,

125 1717 275 1754 quatuor
301 1719 416 1744 autem
437 1711 589 1757 judicia,
619 1712 668 1745 uti
691 1713 796 1746 moris

126 1770 178 1794 est
194 1787 203 1802 ‚
222 1772 426 1808 cogerentur
445 1790 453 1804 ,
473 1773 576 1809 atque
595 1765 710 1798 omnia
729 1766 796 1799 cla-

125 1815 279 1848 moribus
312 1817 499 1850 fremerent
519 1829 528 1857 ;
568 1826 601 1851 et
638 1818 794 1851 auditum

124 1879 203 1900 eum
221 1877 253 1901 et
268 1869 482 1902 intellectum
500 1895 509 1909 ‚
529 1878 560 1902 et
579 1870 673 1916 quod
693 1883 795 1916 agen-

122 1920 213 1952 tibus
239 1922 366 1955 caeteris
385 1923 676 1956 contumeliosum
702 1924 765 1957 fuit
783 1948 792 1963 ‚

121 1971 303 2007 laudatum
328 1987 467 2020 quoque
494 1988 532 2008 ex
559 1984 714 2021 quatuor
738 1977 794 2010 tri-

122 2024 307 2060 bunalibus
327 2029 481 2062 memini.
501 2046 513 2058 n
536 2028 579 2062 G.

170 2086 202 2116 4.
219 2083 437 2127 Λογισάμενος
456 2084 547 2115 illud.
566 2083 605 2114 Ι11
620 2084 717 2115 Rom.
736 2083 792 2117 de-

122 2139 202 2163 sunt
225 2133 326 2166 etiam
347 2134 441 2174 haec,
466 2137 674 2181 λογισάμενος
697 2138 788 2170 illud.

120 2182 187 2216 Pro
209 2196 250 2217 eo
272 2194 350 2231 post
369 2187 529 2221 Graecum
549 2201 686 2221 versum
710 2189 791 2234 legi-

119 2242 176 2268 tur
192 2248 200 2268 :
216 2237 356 2271 «Animo
373 2248 535 2285 reputans
554 2241 661 2281 illud,
680 2254 789 2275 unum

118 2289 292 2322 somnium
319 2291 488 2336 optimum
505 2318 513 2333 ‚
544 2306 698 2338 pugnare
724 2308 789 2340 pro

117 2342 270 2386 patria.»
301 2343 342 2375 Iu
370 2343 551 2378 Homerico
577 2358 661 2379 vero
686 2360 788 2381 versu

117 2405 180 2439 pro
208 2397 388 2441 ἀμύνασθαι
413 2397 577 2442 scriptum
603 2407 651 2432 est
672 2402 787 2446 ἀμύνε-

118 2451 201 2482 σθαι.
215 2447 258 2480 Η.
269 2469 314 2472 -
324 2451 532 2496 λογισάμενος
543 2452 577 2484 in
588 2453 684 2486 Rom.
699 2454 787 2487 bene

117 2512 254 2534 versum
278 2504 386 2533 animo
411 2512 572 2546 reputans.
600 2505 686 2538 Mire
710 2505 788 2539 Gie-

116 2552 220 2598 rigius
242 2565 249 2586 ζ
271 2556 498 2587 ratiocinando
524 2558 557 2587 ιή
580 2570 628 2589 me
653 2560 786 2601 transfe-

116 2617 186 2637 rens
202 2620 213 2637 :
227 2608 401 2654 ἀμύνεσθαι
426 2607 504 2641 libri
521 2608 695 2643 Homerici
716 2611 785 2655 ple·

115 2657 213 2702 rique
225 2660 492 2694 omneshahent.
503 2661 537 2695 S.
550 2682 593 2686 ——
602 2658 653 2702 Εἷς
666 2665 780 2704 οἰωνὸς.

116 2707 158 2741 Il.
176 2726 200 2756 μ
213 2734 222 2751 ,
242 2713 306 2752 243
321 2737 330 2753 ,
345 2713 389 2746 G.
407 2734 452 2740 -
465 2716 569 2746 Fides.
588 2714 692 2756 Quod
708 2728 784 2762 pro-

285 2771 334 2812 I.

870 1290 1008 1324 miserat
1021 1291 1112 1324 Julio
1125 1293 1275 1333 Pastori,
1292 1296 1366 1340 ejus
1381 1307 1539 1330 caussam

868 1343 1052 1388 suscipere.
1076 1345 1141 1378 Sed
1165 1345 1405 1381 duriusculum
1429 1356 1460 1380 et
1485 1361 1538 1382 ar-

867 1396 1028 1429 cessitum
1049 1398 1133 1430 mihi
1150 1399 1286 1432 videtur
1299 1425 1308 1439 ‚
1329 1401 1424 1447 quod
1446 1402 1538 1436 hanc

855 1450 961 1493 fidem
981 1450 1098 1494 patriae
1123 1461 1315 1497 comparat.
1339 1454 1379 1486 E.
1401 1476 1446 1480 -——
1462 1456 1538 1489 Vox

864 1500 922 1534 illa
947 1514 1111 1547 generosa
1137 1504 1292 1539 Hectoris
1318 1506 1362 1539 ad
1387 1507 1535 1555 Polyda-

864 1563 1015 1588 mantem
1029 1559 1534 1608 ἀμύνεσθαιπερὶπάτρηςῂιῐκῒ.

863 1608 956 1649 Quid
980 1609 1084 1654 igitur
1103 1610 1228 1643 mirum
1247 1636 1256 1650 ‚
1278 1611 1384 1646 fidem
1403 1613 1459 1647 hic
1480 1628 1536 1660 pa-

862 1660 932 1693 triae
958 1663 1183 1707 comparari?
1203 1664 1306 1705 Quod
1327 1666 1391 1698 nisi
1408 1666 1505 1700 fieret
1524 1694 1532 1708 ‚

860 1715 974 1747 versui
990 1715 1172 1750 Homerico
1187 1717 1284 1750 locus
1299 1731 1368 1750 non
1384 1727 1482 1753 esset.
1497 1722 1532 1754 S.

908 1769 942 1800 6.
953 1771 1050 1811 Ego..
1059 1772 1180 1812 possis.
1197 1771 1294 1802 Rom.
1307 1774 1376 1814 Ego
1388 1775 1531 1815 aliquam

860 1823 996 1866 στροφὴν
1027 1822 1162 1866 [graecis
1196 1823 1318 1868 literis]
1349 1827 1529 1864 inveniam,

859 1886 1020 1916 agamque
1047 1888 1193 1906 caussam
1225 1886 1338 1916 tuam,
1369 1888 1403 1909 ut
1429 1881 1532 1921 ipsam

859 1939 953 1969 agere
982 1936 1014 1958 tu
1029 1953 1037 1964 ,
1066 1940 1162 1969 quum
1186 1931 1290 1966 voles,
1312 1932 1425 1972 possis.
1448 1932 1527 1964 Toti

858 1978 1009 2023 epistolae
1027 1979 1093 2012 1100
1112 1989 1383 2014 consentancum
1405 1992 1473 2019 est.
1495 1985 1528 2017 iu

858 2044 925 2077 qua
941 2033 1035 2065 nulla
1052 2034 1253 2067 necessitate
1269 2035 1423 2080 exigente
1435 2037 1529 2070 Grae-

856 2097 896 2118 ca
917 2094 1146 2130 asperguntur
1166 2099 1173 2119 ;
1195 2090 1304 2133 major
1325 2101 1464 2134 quoque
1480 2090 1528 2123 vis

857 2138 1049 2179 antithetis,
1073 2152 1131 2182 ego
1153 2147 1185 2172 et
1205 2150 1248 2172 tu.
1270 2141 1452 2175 Excusabo
1472 2151 1504 2175 te
1517 2169 1525 2183 ‚

855 2191 985 2236 inquit,
1004 2199 1040 2224 ut
1055 2205 1213 2226 caussam
1230 2206 1249 2226 a
1265 2200 1297 2225 te
1312 2203 1502 2240 susceptam
1517 2223 1525 2237 ‚

855 2256 924 2288 quo
954 2251 1069 2288 postea
1098 2245 1190 2278 voles
1216 2254 1371 2292 tempore
1391 2273 1399 2287 ‚
1423 2261 1526 2293 agei-c

854 2296 974 2341 possis.
991 2297 1182 2331 Cellariaua
1200 2299 1433 2344 interpretatio
1448 2302 1525 2334 alie-

853 2360 897 2381 na
917 2356 977 2381 est.
1010 2349 1053 2382 H.
1080 2371 1125 2374 —
1149 2353 1331 2394 Stropham.
1354 2352 1522 2386 Callidain

853 2402 1121 2435 excusationem.
1143 2404 1183 2435 In
1203 2405 1424 2448 sequentibus
1444 2418 1522 2439 acu-

852 2466 931 2486 men
956 2463 1004 2487 est
1025 2467 1063 2487 ex
1082 2454 1209 2500 dilogia
1233 2468 1240 2488 2
1268 2470 1348 2489 nani
1374 2471 1520 2491 caussam

851 2509 922 2549 agit
939 2510 1087 2546 alterius,
1111 2509 1171 2553 qui
1190 2509 1335 2542 alterum
1356 2521 1521 2545 excusare

851 2566 1015 2592 annititur
1037 2585 1044 2599 ,

849 2623 1005 2645 caussam
1031 2613 1201 2646 forensem
1231 2627 1292 2658 pro
1315 2615 1422 2649 altero
1445 2629 1518 2649 sus-

848 2664 946 2708 cepit.
971 2665 1011 2698 Ε.
1037 2686 1083 2690 -
1104 2667 1152 2699 De
1177 2669 1308 2709 scropha
1334 2668 1411 2701 vide
1436 2670 1517 2701 Bur·

850 2728 969 2751 mauu.
988 2717 1031 2751 ad
1050 2718 1182 2753 Phaedr.
1202 2720 1237 2760 I,
1262 2726 1320 2762 14,
1340 2727 1372 2761 4.
1392 2722 1424 2754 S.

1298 2781 1313 2804 s

1292 2800 1315 2831 ΑΙ

1082 2568 1113 2592 et
1149 2575 1295 2593 caussam
1332 2566 1426 2606 agit,
1460 2565 1519 2609 qui

1566 1176 1585 1207 6
