1742 2989
225 196 316 258 376
647 196 696 238 o.
733 195 951 238 PLINH
985 195 1109 237 ΜΒ.
1145 194 1228 237 vi.

221 279 417 323 hibueris
437 277 636 332 modum,
658 293 739 337 ego
765 275 994 319 adhibebo.
1010 276 1153 319 Etiam
1173 274 1259 317 tuis
1283 273 1536 317 denuntiavi
1554 308 1564 325 ,
1586 274 1621 316 si

180 364 197 394 3
222 367 372 395 rursus
410 362 496 394 tam
534 349 671 393 multa
708 348 993 404 adtulissent,
1029 348 1174 391 omnia
1209 346 1437 390 relaturos.
1468 346 1624 401 Dices,

222 434 425 485 oportere
450 439 519 466 me
546 423 631 466 tuis
662 422 790 465 rebus
818 431 866 466 ut
897 422 1001 465 meis
1027 422 1088 465 uti
1118 438 1126 465 :
1162 422 1314 475 etiani3
1338 420 1412 463 sed
1443 419 1624 481 perinde

221 498 305 542 illis
331 514 380 541 ac
406 497 512 540 meis
539 495 825 557 pa1·co.Vale.

271 644 302 664 2.
323 634 392 674 Ego
412 632 586 667 adhibebo,
615 638 679 663 etc.
700 631 798 662 Rom.
820 632 888 673 Ego
955 641 1002 660 co.
1028 627 1275 673 Frugalitatem
1296 626 1397 658 Plinii
1420 625 1535 670 plures
1559 625 1628 670 epi-

224 685 398 715 adhibebo:
415 686 475 715 tuis
492 685 685 715 denuntiavi.
703 682 746 715 H.
758 703 803 707 —-
814 686 891 713 Par·
957 680 1048 713 stolae
1064 687 1242 714 testantur.
1260 679 1323 711 En.

226 818 403 829 mmm
407 818 522 830 mus
526 814 1324 828 mmxummmsumwwwmmmm
1328 813 1508 824 mmm
1512 812 1569 823 ms
1573 812 1629 823 vus

800 947 1058 1004 XXIX.

257 1106 493 1153 Quadratum
518 1114 645 1142 monet
667 1113 746 1140 tum
769 1104 942 1140 Thraseae
966 1102 1066 1138 dicto
1080 1130 1088 1146 ‚
1111 1110 1190 1137 tum
1214 1113 1282 1137 suo
1305 1100 1501 1149 exemplo,
1524 1112 1606 1148 qua·

726 1180 866 1204 caussae
887 1166 1039 1216 agendae
1060 1165 1143 1201 sint.

488 1313 526 1341 c.
565 1311 795 1341 PLINIUS
830 1308 1138 1346 QUADRATO
1166 1291 1185 1309 *
1220 1307 1321 1336 on
1357 1308 1391 1335 s.

297 1440 490 1481 AVIDIUS
517 1437 748 1492 QUIETUS‚
776 1435 851 1495 qui
880 1450 949 1477 me
981 1434 1108 1476 unice
1140 1432 1312 1484 dilexit,
1339 1441 1405 1487 et,
1431 1447 1518 1490 quo
1547 1447 1636 1473 non

234 1512 380 1554 minus
399 1509 567 1569 gaudeo
581 1544 592 1564 ⁷
615 1509 834 1569 probavit,
855 1517 904 1550 ut
923 1506 1058 1549 multa
1077 1505 1160 1548 alia
1179 1506 1380 1548 Thraseae
1401 1503 1501 1564 (fuit
1521 1504 1637 1546 enim

235 1582 476 1641 familiaris)
497 1583 555 1624 ita
571 1582 655 1624 hoc
681 1597 791 1640 saepe
813 1579 1026 1623 referebat
1040 1613 1050 1629 ,
1074 1578 1306 1638 praecipere
1328 1577 1522 1630 solitum,
1543 1592 1639 1619 sus-

236 1655 457 1715 cipiendas
485 1670 573 1697 esse
603 1669 792 1706 caussas,
813 1662 886 1694 aut
910 1652 1150 1694 amicorum
1165 1685 1176 1705 ⁷
1195 1659 1269 1692 aut
1292 1649 1538 1703 destitutas,
1556 1658 1632 1691 aut

195 1739 209 1757 ³2
237 1728 289 1771 ad
309 1727 555 1787 exemplum
574 1727 852 1786 pertinentes.
870 1726 960 1768 Cur
980 1721 1246 1766 amicorum?
1264 1723 1364 1766 Non
1383 1730 1479 1782 eget
1499 1722 1631 1764 inter-

237 1803 491 1862 pretatione.
514 1797 886 1844 Cur'destitutas?
907 1797 1038 1853 Quod
1066 1797 1109 1839 in
1136 1795 1218 1839 illis
1247 1796 1433 1838 maxime
1460 1803 1502 1837 et
1527 1811 1632 1837 con-

237 1875 395 1918 stantia
421 1874 588 1935 agentis
615 1882 658 1915 et
683 1872 931 1915 humanitas
956 1878 1216 1917 cerneretur.
1247 1870 1338 1912 Cur
1367 1868 1635 1927 pertinentes

282 2006 412 2039 XXIX.
422 2006 436 2022 *
450 2008 617 2048 Quadrato
631 2004 680 2037 IX
692 2029 700 2044 ‚
723 2003 821 2049 epist.
843 2000 881 2035 13
895 2026 905 2041 ‚
970 2007 1074 2034 tatem
1091 2008 1123 2033 et
1140 2000 1206 2033 alia
1220 1997 1450 2032 incommoda.
1469 1997 1560 2042 Ergo
1575 1997 1635 2040 qui

238 2068 353 2092 narrat
376 2059 459 2104 quid
479 2059 514 2092 in
534 2057 684 2091 Helvidii
707 2068 827 2089 caussa
848 2067 905 2088 ac·
970 2053 1033 2086 has
1054 2052 1277 2086 nihilominus
1301 2051 1442 2096 suscipit
1455 2075 1463 2090 ,
1482 2059 1634 2081 constan-

238 2121 324 2145 tum.
344 2113 408 2144 En.
971 2108 1048 2138 tiam
1063 2105 1162 2138 simul
1177 2113 1209 2137 et
1222 2106 1452 2136 humanitatem
1467 2100 1614 2134 ostendit
1624 2125 1634 2140 ‚

288 2178 316 2198 1.
338 2167 468 2196 Avidius
489 2165 616 2205 Quietus
635 2162 784 2195 occurrit
803 2161 904 2194 etiam
970 2157 1062 2190 illam
1074 2183 1082 2198 ,
1094 2157 1174 2202 quia
1188 2157 1321 2190 nullum
1333 2154 1525 2201 periculum
1537 2178 1545 2194 ‚
1560 2153 1636 2186 nul-

239 2217 287 2250 IX
299 2242 308 2257 ‚
332 2217 428 2262 epist.
460 2217 498 2249 13
511 2241 519 2255 ,
545 2216 582 2248 15
598 2240 607 2254 ,
627 2215 685 2247 ubi
704 2215 739 2247 in
757 2212 905 2247 Helvidii
970 2211 1037 2244 lam
1057 2211 1249 2243 molestiam
1265 2209 1385 2242 metuit
1397 2233 1405 2248 ‚
1424 2208 1514 2240 hanc
1528 2231 1537 2246 ,
1555 2206 1636 2251 quia

238 2282 359 2303 caussa
389 2277 504 2302 censet
522 2269 555 2300 in
581 2267 725 2312 gratiam
748 2267 853 2300 Arriae
873 2273 906 2298 et
969 2271 1066 2309 putat
1085 2264 1211 2296 amicos
1235 2263 1320 2308 [non
1340 2261 1402 2294 hos
1421 2260 1533 2294 solum
1547 2284 1555 2299 ‚
1575 2257 1635 2291 sed

214 2042 229 2053 *τ’

238 2322 388 2355 Fanniae.
405 2322 472 2354 ΕΙ).
488 2341 533 2345 -
556 2324 597 2351 Ut
615 2322 714 2352 multa
734 2321 821 2357 alia,
838 2325 903 2351 etc.
971 2316 1111 2348 omnino
1130 2315 1232 2355 alios,
1251 2316 1304 2360 S.]
1327 2314 1429 2347 etiam
1451 2325 1530 2346 cum
1549 2311 1636 2344 invi-

240 2375 336 2407 Rom.
366 2391 378 2403 α
389 2374 437 2406 Ut
471 2373 579 2406 multa
609 2372 675 2405 alia
694 2374 705 2414 (
721 2372 784 2404 fuit
814 2371 905 2404 enim
971 2364 1635 2413 diaepericulo‚etcommodorumjactu-

239 2427 398 2461 Thraseae
418 2425 613 2469 familiaris)
630 2426 675 2457 ita
689 2425 755 2457 hoc
775 2437 897 2470 saepe.»
971 2433 1009 2453 ra
1022 2420 1256 2455 defendendos
1271 2429 1302 2453 et
1316 2417 1531 2467 adjuvandos
1549 2427 1633 2448 esse.

240 2480 282 2511 H.
295 2500 340 2504 -
355 2484 420 2511 Aue
438 2481 619 2517 destitutas,
641 2485 705 2510 etc.
727 2479 825 2510 Rom.
840 2481 908 2508 Aac
971 2473 1011 2506 E.
1025 2493 1071 2498 -
1083 2476 1138 2505 Ad
1154 2476 1330 2516 exemplum
1343 2473 1544 2515 pertinentes.
1563 2467 1636 2500 Hoc

240 2534 406 2563 destitutas
431 2535 476 2564 ad
497 2533 675 2574 exemplum
694 2532 902 2573 pertinentes,
972 2526 1288 2566 est‚ut'rleslecturis
1298 2521 1637 2558 velanditurisexem-

242 2584 312 2616 sine
340 2595 416 2623 aut,
446 2584 539 2630 quod
563 2597 644 2617 vero
674 2581 905 2615 necessarium
970 2579 1017 2624 pli
1037 2579 1154 2612 instar.
1170 2580 1266 2612 E.—-
1280 2580 1390 2610 Immo
1409 2576 1520 2620 majus
1533 2571 1635 2618 quid-

241 2645 301 2669 est.
326 2636 369 2669 H.
387 2657 432 2661 -—
448 2640 632 2669 Descitntas.
646 2634 855 2668 periculosas
876 2641 907 2666 et
973 2631 1052 2664 dam
1080 2630 1262 2664 indicatur.
1285 2628 1439 2674 Explicat
1462 2639 1541 2659 mox
1565 2626 1635 2671 ipse

241 2689 419 2722 derelictas
442 2690 484 2722 ab
505 2690 578 2722 aliis
597 2697 734 2734 propter
757 2686 906 2719 difficul-
976 2683 1111 2714 Plinius.
1130 2684 1161 2716 S.
