1742 2989
169 233 255 278 186
569 232 617 274 C.
658 230 874 273 PLINII
909 230 1034 272 LIB.
1074 230 1163 271 III.

162 315 282 359 tabat
299 325 342 358 et
359 314 494 367 filius,
510 322 692 373 uterque
707 309 948 365 mortifere,
963 319 1012 354 ut
1027 309 1259 353 videbatur
1275 324 1283 350 z
1300 305 1415 350 filius
1433 305 1572 348 deces-

163 388 242 442 sit,
269 388 427 431 eximia
450 385 800 447 pulchritudine,
825 385 920 444 pari
944 382 1227 437 verecundia,
1248 391 1292 425 et
1316 378 1572 441 parentibus

119 473 137 509 4
165 478 255 505 non
272 461 417 504 minus
432 460 487 503 ob
505 459 587 503 alia
604 475 729 503 carus
741 493 752 512 ⁷
766 474 898 519 quam
912 457 1031 518 quod
1049 457 1163 501 filius
1177 465 1282 499 erat.
1295 455 1410 498 Huic
1428 452 1498 496 illa
1513 453 1572 496 ita

166 534 297 578 funus
325 535 516 595 paravit,
539 534 599 577 ita
624 532 748 576 duxit
770 531 1019 592 exsequias,
1040 541 1090 575 ut
1116 532 1340 591 ignoraret
1365 527 1570 570 maritus:

172 609 279 669 quin
299 609 455 663 immo,
469 607 640 668 quoties
660 604 911 650 cubiculum
931 604 1024 665 ejus
1041 605 1241 657 intraret,
1254 603 1400 645 vivere
1416 599 1576 652 filium,

167 691 299 742 atque
321 683 452 725 etiam
473 679 816 724 commodiorem
838 695 926 722 esse
948 677 1203 732 simulabat3
1224 692 1274 720 ac
1299 689 1490 736 persaepe
1511 673 1576 715 in-

168 755 409 816 terroganti
425 790 436 808 .,
458 753 564 814 quid
588 762 735 814 ageret
760 769 891 813 puer,
908 750 1223 811 respondebat,
1242 751 1364 792 Bene
1386 748 1572 806 quievit,

123 829 142 862 5
170 827 361 873 libenter
377 827 531 871 eibum
550 830 758 888 sumpsit.
779 825 951 869 Deinde
970 840 1106 885 quum
1126 823 1201 866 diu
1221 820 1424 866 cohibitae
1445 818 1578 878 lacry-

170 919 251 946 mae
284 903 511 945 vincerent
546 908 1002 961 prorumperentque‚
1034 896 1356 959 egrediebatur.
1386 896 1499 937 Tum
1535 907 1579 935 se

171 974 310 1018 dolori
339 974 483 1017 dabat.
510 973 699 1026 Satiata.
726 973 848 1016 siccis
873 971 1031 1025 oculis,
1056 970 1299 1031 composito
1322 967 1447 1011 vultu
1469 965 1580 1009 redi-

125 1057 145 1087 6
171 1049 244 1092 bat
259 1083 269 1103 ‚
295 1058 506 1108 tanquam
531 1047 764 1090 orbitatem
786 1045 889 1088 foris
912 1044 1168 1105 reliquisset.
1191 1041 1455 1087 Praeclarum
1479 1039 1580 1100 qui-

171 1122 269 1166 dem
303 1120 407 1165 illud
440 1120 637 1181 ejusdem
655 1155 666 1173 ,
692 1119 857 1163 ferrum
883 1120 1121 1180 stringere,
1150 1115 1379 1179 perfodere
1406 1123 1581 1175 pectus,

173 1195 402 1238 extrahere
423 1194 662 1255 pugionem
676 1228 687 1247 ‚
706 1193 931 1253 porrigere
952 1193 1110 1236 marito
1123 1227 1134 1246 ‚
1154 1190 1312 1235 addere
1334 1204 1483 1232 vocem
1505 1188 1583 1230 im-

172 1268 403 1312 mortalem
435 1285 484 1312 ac
516 1284 638 1329 paene
667 1267 861 1311 divinam
875 1303 886 1321 ‚
924 1283 1091 1321 PAETE,
1127 1281 1234 1310 NON
1269 1278 1456 1308 DOLET.
1495 1259 1582 1305 Sed

174 1353 320 1387 tamen
358 1343 437 1386 ista
474 1341 650 1386 facienti
687 1341 938 1400 dicentique
974 1339 1111 1401 gloria
1153 1349 1195 1382 et
1231 1338 1448 1382 aeternitas
1483 1344 1584 1378 ante

175 1487 293 1515 Pcrcns.
316 1481 470 1514 Plurium
497 1482 651 1526 gentium
676 1480 846 1513 Romana-

173 1548 252 1568 rum
271 1545 463 1579 cognomen
478 1559 487 1574 ,
503 1533 606 1567 etiam
623 1533 778 1567 Caecinae.
797 1532 846 1564 Ex

176 1589 240 1620 hac
271 1588 375 1620 etiam
402 1588 441 1619 A.
466 1587 622 1625 Caecina,
647 1585 847 1617 Volaterra»

175 1654 240 1673 nus
253 1666 261 1675 .
281 1652 384 1685 quein
403 1639 524 1671 Cicero
543 1638 720 1677 defendit,
741 1645 773 1670 et
789 1638 848 1682 qui

176 1692 459 1725 criminosissimo
484 1691 600 1724 libello
630 1691 758 1723 famam
779 1690 846 1722 Jul.

177 1746 320 1779 Caesaris
329 1744 507 1777 laceravit.
520 1742 651 1776 Eadem
662 1754 745 1787 gens
754 1743 852 1773 Dem-

178 1799 281 1844 psteri
297 1797 412 1831 adhuc
426 1805 580 1841 tempore
592 1794 785 1827 volaterris
794 1793 852 1825 flo-

179 1852 288 1884 rebat.
301 1851 367 1882 En.
379 1870 425 1874 -—-
435 1851 514 1881 Pari
525 1849 735 1880 verecundia.
751 1848 849 1879 Rom.

180 1907 322 1947 Parique
336 1904 542 1934 verecundia.
558 1901 602 1934 Η.

228 1961 261 1996 4,
276 1958 359 1987 Huic
373 1958 428 1988 illa
441 1954 737 1998 itafimusparavit.
752 1953 851 1984 Rom.

184 2011 266 2040 Huic
282 2011 328 2040 ita
348 2008 514 2050 illusimus
526 2008 671 2050 paravit.
693 2004 736 2037 H.

232 2061 263 2093 5.
286 2065 360 2092 Tum
372 2073 403 2091 se
413 2061 519 2091 dolori
531 2062 643 2091 dabat.
654 2059 753 2090 Rom.
771 2060 855 2087 Tunc

183 2127 216 2145 se
231 2116 336 2145 dolori
354 2115 466 2145 dabat.
482 2112 526 2144 H.

231 2187 276 2190 -—
294 2169 459 2208 Tanquam
470 2190 477 2195 .
488 2190 494 2196 .
505 2189 512 2196 .
521 2166 705 2206 reliquisset.
722 2161 855 2195 Nollem

184 2218 257 2251 hacc
275 2217 440 2263 adjecisse
464 2216 624 2249 Plinium.
649 2216 761 2248 Habet
782 2227 857 2247 sen-

187 2271 292 2304 tentia
320 2270 486 2315 quiddam
523 2269 692 2302 acuminis
724 2267 834 2300 simile
848 2292 856 2305 ‚

187 2323 283 2368 quod
294 2323 327 2355 in
342 2322 494 2355 hocloco
508 2333 612 2366 prope
626 2321 780 2366 ineptum
795 2328 857 2352 est.

188 2378 266 2422 Ipse
292 2375 394 2408 etiam
420 2385 538 2407 seusus
565 2373 681 2418 friget.'
695 2373 748 2406 Sic
768 2372 859 2404 enini

189 2441 384 2473 quaeramns
397 2453 405 2467 ‚
425 2425 509 2472 quid
535 2426 578 2458 sit
596 2428 763 2457 orbitatem
774 2426 860 2469 sbris

191 2483 384 2523 relinquere,
405 2478 491 2512 nihil
508 2477 602 2523 quod
622 2486 712 2510 recte
737 2478 862 2521 cogite-

193 2546 268 2565 mus
286 2558 294 2569 .
321 2532 540 2577 relinquitur.
565 2531 605 2562 E.
628 2550 672 2554 -
691 2531 749 2561 Est
776 2530 797 2561 i.
824 2542 858 2574 q.

192 2595 357 2630 tanquam
390 2596 529 2617 omnem
561 2582 712 2615 maeroris
738 2595 775 2613 cx
802 2581 861 2613 {ilii

193 2646 303 2671 morte
328 2650 467 2671 sensum
494 2643 572 2669 ante
597 2634 748 2668 cubiculi
772 2634 861 2666 fores

195 2690 350 2723 exuisset.
365 2690 477 2735 Major
488 2697 603 2721 tamen
614 2688 664 2720 vis
678 2687 862 2719 verborum

196 2742 292 2774 Plinii
310 2756 315 2775 z
335 2742 368 2774 in
386 2742 511 2786 quibus
526 2740 609 2786 quid
629 2740 782 2784 ineptum
801 2738 840 2770 sit
853 2763 861 2777 ‚

912 1489 971 1514 aut
986 1481 1126 1527 frigeat,
1144 1493 1214 1514 non
1234 1478 1401 1524 intelligo.
1415 1478 1586 1510 Caeterum

914 1535 1030 1579 magni
1063 1546 1145 1566 sane
1177 1533 1269 1571 haec,
1303 1532 1409 1564 immo
1440 1529 1587 1575 ingentis

913 1586 1038 1626 animi,
1065 1598 1141 1631 quae
1166 1584 1224 1630 qui
1252 1597 1271 1616 a
1298 1583 1451 1629 qualibet
1478 1589 1588 1614 matre

913 1638 1083 1685 prudente
1103 1638 1137 1670 in
1161 1637 1261 1671 simili
1286 1649 1368 1669 casu
1394 1641 1585 1680 exspectat,

917 1705 969 1724 nae
1001 1691 1028 1724 is
1052 1691 1206 1723 humana
1235 1702 1357 1734 parum
1392 1686 1586 1733 pensitavit.

918 1743 1070 1777 Omnino
1079 1755 1153 1788 quae
1162 1741 1333 1786 Gierigius
1342 1741 1375 1772 in
1385 1746 1590 1784 argumento

917 1796 1020 1843 hujus
1047 1795 1198 1841 epistolae
1222 1793 1265 1827 de
1283 1805 1448 1839 generosa
1467 1791 1525 1824 illa
1543 1791 1590 1824 fe-

918 1850 1013 1882 mina
1027 1846 1283 1881 satismalediee
1296 1845 1448 1890 scripsit,
1462 1844 1591 1877 nollem

918 1903 992 1935 viro
1011 1901 1139 1946 optimo
1154 1898 1331 1933 excidisse.
1353 1899 1387 1931 S.

966 1957 1000 1988 6.
1024 1959 1127 1991 Poete,
1151 1966 1215 1984 non
1242 1954 1337 1983 dolet.
1363 1948 1533 1982 Martialis
1550 1949 1565 1980 I
1580 1973 1589 1986 ‚

920 2008 1036 2053 Epigr.
1060 2011 1097 2047 14
1111 2031 1119 2046 ,
1143 2004 1236 2037 malo
1256 2002 1381 2048 ingenii
1403 2001 1480 2034 lusu
1500 2000 1591 2033 hanc

920 2060 1117 2106 praeclaram
1135 2069 1253 2090 vocem
1268 2055 1314 2088 sic
1333 2054 1540 2088 deformavit
1558 2065 1565 2085 :

941 2130 1010 2155 Casta
1025 2137 1066 2153 suo
1077 2127 1184 2161 gladium
1198 2135 1267 2159 quum
1279 2125 1378 2149 traderet
1389 2124 1462 2148 Arria
1477 2123 1542 2147 Poeto
1552 2142 1557 2151 ,

975 2172 1050 2204 Qurm
1061 2170 1088 2193 de
1100 2168 1223 2192 visci-ribus
1235 2172 1338 2190 trumrrat
1347 2166 1397 2198 ipsa
1406 2165 1462 2191 suis,

939 2212 968 2236 Si
981 2220 1026 2244 qua
1041 2210 1112 2243 fides,
1126 2208 1218 2233 vulnus,
1232 2207 1355 2241 quodscci',
1367 2215 1413 2230 uon
1432 2204 1494 2228 dolet
1509 2205 1595 2238 inquit,

974 2252 1020 2276 Sed
1034 2251 1097 2285 quod
1112 2250 1229 2281 tnfiwscs,
1243 2248 1285 2272 leuc
1298 2247 1364 2275 milti,
1380 2247 1452 2274 Paele,
1464 2245 1534 2269 dole!-
1546 2245 1595 2269 En.

923 2317 1082 2347 —Rom.
1110 2317 1183 2345 Non
1208 2315 1315 2350 dolet,
1345 2316 1443 2342 Pa‘te.
1474 2309 1595 2342 Postea

925 2376 1039 2401 tamen
1065 2380 1100 2399 n.
1127 2367 1165 2399 13
1180 2391 1188 2406 ‚
1209 2372 1246 2397 ut
1268 2363 1456 2408 vulgatum.
1485 2361 1528 2394 H.
1549 2381 1595 2385 ———

924 2421 1058 2454 Vellem
1077 2427 1108 2452 et
1122 2419 1168 2451 ibi
1185 2421 1256 2449 Non
1274 2419 1376 2452 dolet,
1394 2420 1497 2450 Flete,
1514 2413 1593 2457 legi.

927 2470 1193 2520 slgs.<p7.·.·tz‹1'›·rspo;
1207 2470 1264 2502 hic
1282 2469 1469 2501 verborum
1488 2465 1595 2505 ordo,

927 2538 1078 2573 qnorum
1103 2524 1172 2556 vim
1197 2521 1375 2555 vocativus
1403 2518 1597 2564 praemissus

927 2579 1065 2611 videtur
1080 2575 1276 2609 retundere.
1295 2574 1330 2606 S.

974 2652 1019 2657 ——
1032 2629 1247 2673 Istafizcientz'
1256 2628 1445 2667 dicentique.
1460 2623 1596 2655 Corlius

929 2698 967 2718 cx
998 2684 1086 2717 libro
1118 2680 1271 2714 mediceo
1304 2677 1423 2710 ordine
1453 2675 1597 2709 meliore

926 2738 1061 2780 fitcieuti
1073 2738 1133 2767 ista
1147 2733 1336 2774 dicentique.
1353 2731 1385 2763 S.
