1742 2989
159 211 241 257 152

553 215 600 256 C.
638 210 865 254 PLINII
899 210 1024 253 LIB.
1064 211 1156 252 ΙΙΙ.

106 310 125 342 3
152 293 237 338 Sed
263 304 358 337 erat
382 311 480 338 acre
506 294 733 354 ingenium
749 327 759 346 ,
785 291 1039 335 incredibile
1063 290 1280 344 studium,
1305 305 1472 333 summa
1497 291 1557 333 vi-

152 367 346 429 gilantia.
374 368 629 412 Lucubrare
654 364 970 410 Vulcanalibus
996 365 1234 426 incipiebat
1250 399 1261 420 ,
1292 379 1382 406 non
1410 363 1559 423 auspi-

152 441 279 485 candi
305 458 455 485 caussa
472 476 482 495 ,
503 440 577 484 sed
600 438 827 494 studendi,
852 439 999 482 statim
1022 455 1045 482 a
1069 447 1197 482 nocte
1223 436 1361 480 multa
1385 454 1392 480 :
1416 436 1559 480 hieme

151 532 277 569 vero,
302 515 411 558 hora
444 515 650 575 septima,
675 512 743 556 vel
770 529 907 573 quum
938 512 1207 566 tardissime,
1237 520 1413 565 octava,
1449 525 1561 570 saepe

154 598 286 632 sexta.
320 590 428 631 Erat
457 604 559 632 sane
589 587 732 630 somni
763 586 1054 646 paratissimi,
1080 600 1401 645 nonnunquam
1427 583 1563 647 ,0113111

155 721 244 760 Qua.
260 742 266 749 .
283 742 290 749 .
306 731 404 760 .qua.
421 742 428 749 .
444 742 448 747 .
468 716 531 748 .Ut
558 714 758 761 exquisitius
772 739 780 755 ‚
806 726 826 747 a

151 769 255 803 Plinii
281 782 388 802 manu
413 769 621 814 profectum.
655 772 749 800 Tam.
765 792 772 799 .
789 793 796 801 .
813 793 819 800 .

154 837 269 866 quam.
282 849 289 855 .
301 848 308 855 .
318 835 380 868 pro
391 822 596 868 glossemate
606 820 810 854 habendum
819 846 827 860 ‚

155 874 252 921 quod
267 882 299 908 et
311 875 392 907 alibi
409 875 503 907 illam
522 875 672 907 formam
687 874 825 919 expulit.

154 928 244 961 Vide
259 928 435 961 Drakenb.
457 926 501 960 ad
516 927 655 961 Livium
669 926 749 959 libr.
771 927 805 958 II
818 951 826 965 ,

155 993 232 1026 cap.
255 981 295 1015 35
312 1006 321 1022 ,
342 982 376 1021 4.
393 981 428 1015 S.

203 1038 236 1067 8.
262 1036 502 1066 Vulcanalibus.
529 1033 614 1074 Quae
642 1030 802 1065 incidunt
818 1056 827 1071 ,

153 1086 376 1119 Kalendariis
396 1086 546 1131 antiquis
565 1085 727 1124 testibus,
748 1084 782 1116 in
798 1084 828 1116 X

154 1139 236 1173 Kal.
253 1140 345 1185 Sept.
364 1139 406 1172 G.
424 1159 469 1164 —-
483 1140 688 1181 [suspicandi
700 1150 827 1169 caussa.

154 1192 248 1225 Initii
267 1193 355 1224 hene
380 1190 522 1224 ominati
547 1189 716 1231 faciendi,
735 1188 830 1234 quod

155 1244 309 1277 Vulcani
323 1257 460 1278 sacrum
475 1251 632 1276 moneret
649 1243 809 1276 homines
820 1268 828 1283 ‚

155 1310 251 1330 nunc
268 1298 360 1343 ejus,
381 1297 448 1330 1100
465 1304 534 1336 est,
553 1296 642 1340 ignis
661 1295 831 1327 beneficio

156 1363 244 1395 opus
265 1363 337 1383 esse
356 1350 508 1395 incipere
527 1348 572 1381 ad
590 1347 753 1381 obeunda
771 1360 832 1380 ne-

157 1403 251 1447 gotia
269 1415 276 1435 :
299 1411 336 1435 ut
354 1402 528 1435 Januariis
547 1400 716 1434 Kalendis
738 1400 833 1445 (Ovi-

159 1454 217 1488 dio
231 1464 314 1489 teste
327 1457 420 1488 Fast.
436 1457 452 1487 Ι
465 1480 473 1495 ,
492 1457 582 1499 169).

196 1520 300 1553 Quisque
311 1529 364 1543 suas
377 1526 436 1543 artes
452 1519 481 1543 οἶ)
496 1519 556 1543 idi-m
569 1518 658 1542 delibat
672 1518 765 1551 agendo
774 1537 780 1547 ,

229 1561 279 1586 IVec
289 1560 346 1593 plus
357 1570 427 1593 quum
440 1559 534 1583 solitum
553 1560 689 1588 {ustificatur
703 1568 769 1592 opus.

158 1611 250 1645 Vide
274 1613 449 1658 Schoettg.
473 1611 517 1644 ad
537 1612 675 1644 Colum.
703 1612 772 1651 XI,
796 1625 832 1652 2,

159 1665 218 1708 98.
238 1666 329 1699 Nam
356 1666 458 1698 etiam
482 1664 601 1697 rustici
624 1667 836 1707 auspicantur

160 1718 240 1750 Kal.
264 1719 342 1751 Jan.
373 1718 417 1751 G.
444 1739 487 1743 —
508 1721 602 1749 Hora
627 1720 773 1760 septima..
800 1718 835 1751 Si

161 1771 341 1810 observes,
358 1783 434 1816 quae
451 1770 495 1803 ad
512 1771 565 1802 III
577 1794 586 1810 ‚
605 1782 636 1809 1,
655 1772 674 1803 8
688 1794 696 1809 ‚
715 1769 757 1802 de
779 1782 835 1802 ra-

162 1823 255 1856 tione
268 1823 435 1857 horarum
456 1823 549 1856 dicta
564 1830 644 1856 sunt
656 1848 664 1863 ‚
684 1823 835 1868 patebit,

163 1876 257 1911 circa
275 1878 437 1911 brumam
456 1884 555 1910 sextae
573 1877 735 1909 Romanae
755 1889 838 1909 0011-

164 1930 281 1964 venire
289 1931 399 1977 ipsam
408 1929 607 1963 nostramh.
622 1941 634 1962 1
644 1942 659 1961 2
670 1941 679 1969 3
689 1929 838 1975 septimae

164 1982 202 2016 h.
228 1995 265 2024 1,
286 1998 334 2017 111.
360 1997 420 2026 20,
438 1993 567 2017 octavae
585 1983 621 2015 h.
646 1996 662 2015 2
678 2009 687 2024 ,
708 1995 756 2016 m.
780 1989 836 2025 40.

166 2035 210 2068 G.
229 2056 275 2061 —
290 2040 379 2079 Saepe
404 2047 509 2068 sexta.
530 2036 607 2067 Duo
633 2035 737 2068 verba
757 2050 840 2079 sa‘pe

166 2099 273 2121 sexta.
303 2091 402 2122 Rom.
432 2088 570 2121 desunt.
599 2087 719 2121 Statim
748 2087 840 2121 idem

168 2140 253 2174 liber
275 2153 283 2173 z
311 2142 421 2174 «Erat
448 2153 528 2174 sane
557 2139 669 2172 somni
696 2141 841 2184 paratis-

168 2194 266 2234 simi,
277 2206 534 2239 nonnunquam
548 2193 651 2226 etiam
664 2193 752 2226 inter
764 2194 841 2240 ipsa

169 2246 281 2279 studia
301 2247 459 2279 instantis
479 2254 511 2279 et
530 2245 730 2279 deserentis.
744 2263 756 2275 n
778 2248 822 2280 H.

216 2320 261 2324 —
272 2302 487 2331 Paratissimi.
509 2299 577 2340 Qui
591 2308 717 2345 praesto
733 2309 839 2342 esset,

170 2365 382 2398 quocunque
417 2360 570 2397 tempore
605 2365 692 2398 opus
728 2361 815 2385 esset
831 2379 839 2394 ,

170 2405 258 2438 adeo
273 2413 311 2438 ut
326 2405 437 2438 somni
455 2417 575 2438 caussa
591 2405 841 2450 interrumpere

170 2459 325 2492 laborem
357 2458 446 2491 nihil
470 2469 556 2503 opus
585 2465 693 2500 esset,
720 2458 840 2504 cujus,

172 2524 381 2557 quocunque
391 2511 462 2543 otio
476 2523 511 2543 se
520 2510 687 2543 offerente
698 2535 707 2550 ,
720 2519 842 2556 parata

173 2572 261 2597 esset
275 2565 433 2597 facultas.
449 2563 615 2596 Firmavit
625 2563 715 2596 hanc
724 2563 842 2596 lectio-

174 2630 255 2650 nem
274 2618 430 2659 Cortius,
448 2617 641 2661 meritoque
660 2616 845 2659 alteripar-

174 2671 291 2702 cissimi
304 2669 517 2716 praeserenda
535 2668 695 2702 ostendit.
716 2671 844 2701 Parcis-

174 2725 245 2754 simi
260 2736 327 2756 non
344 2723 461 2757 dissert
473 2736 491 2757 a
507 2734 641 2757 summa
655 2721 841 2767 vigilantia.

891 716 1096 746 Paratissimi
1104 714 1207 747 etiam
1221 713 1425 757 Heusinger,
1437 712 1561 744 Emen.

891 767 947 809 II,
973 779 1036 808 10,
1063 779 1098 813 p.
1122 769 1185 812 276
1199 794 1208 809 ,
1229 779 1267 800 ex
1285 774 1352 800 vet.
1378 766 1467 798 libro
1486 777 1561 797 suo.

891 819 936 853 G.
952 821 1223 866 -Interpretes
1248 821 1284 853 h.
1314 821 1337 852 l.
1370 832 1441 852 non
1469 817 1564 852 vide-

891 880 974 905 runt
987 898 996 914 ‚
1014 886 1085 919 quo
1100 873 1244 906 consilio
1260 873 1390 906 Plinius
1406 872 1479 904 haec
1493 883 1565 913 ver-

891 926 935 959 ba
954 938 962 959 ζ
978 930 1063 958 Erat
1077 939 1170 958 sane.
1186 951 1193 957 .
1210 928 1413 964 .(leserentis,
1430 924 1566 972 adiece-

891 979 936 1012 rit
950 1007 958 1021 ,
975 980 1116 1013 minime
1132 987 1224 1013 certe
1240 979 1396 1012 omnium
1413 978 1461 1011 illi
1476 1003 1484 1018 ,
1505 978 1565 1023 qui

886 1034 1073 1075 parcissimi
1104 1031 1338 1064 defendebant
1355 1056 1364 1075 2
1397 1030 1492 1076 quod
1523 1030 1567 1062 ab

893 1084 960 1117 1100
981 1085 1057 1117 1000
1079 1085 1327 1118 alienissimum
1346 1091 1409 1116 est.
1429 1082 1568 1116 Laudat

894 1137 1023 1170 Plinius
1050 1137 1215 1170 avunculi
1240 1150 1397 1169 summam
1424 1138 1568 1180 vigilan-

896 1192 994 1228 tiam,
1031 1189 1127 1222 haud
1162 1189 1268 1222 dubie
1282 1214 1290 1229 ,
1324 1197 1362 1221 ut
1391 1189 1566 1221 virtutem.

896 1241 999 1282 Quod
1014 1242 1041 1275 si
1057 1251 1173 1275 autem
1191 1241 1370 1286 vigilantia
1382 1254 1454 1274 11011
1471 1249 1570 1274 natu-

895 1306 941 1326 rae
959 1294 1075 1339 aliqua
1092 1294 1329 1328 imbecillitate
1340 1319 1349 1334 ‚
1369 1294 1428 1327 sed
1443 1294 1570 1327 virtute

897 1354 1051 1387 constat,
1070 1360 1208 1381 necesse
1228 1354 1296 1388 est,
1321 1355 1357 1379 ut
1376 1359 1464 1392 saepe
1490 1359 1570 1379 cum

898 1412 1021 1433 somno
1048 1401 1258 1445 obrepente,
1281 1400 1430 1433 instante
1456 1407 1488 1432 et
1516 1412 1572 1432 ur-

898 1460 999 1497 gente
1024 1453 1229 1486 luctandum
1251 1454 1294 1485 sit
1308 1478 1316 1493 ,
1338 1461 1376 1485 ut
1395 1465 1474 1486 011111
1492 1465 1572 1486 0011-

898 1505 1051 1538 tentione
1087 1513 1120 1538 et
1158 1505 1333 1551 proposito
1367 1506 1505 1551 subigas
1540 1513 1573 1538 et

898 1557 1031 1591 vincas.
1060 1558 1108 1589 Ut
1131 1558 1236 1603 igitur
1261 1558 1364 1604 hujus
1390 1558 1572 1603 vigilantiae

898 1611 1047 1656 pretium
1079 1619 1111 1643 et
1148 1611 1313 1644 avunculi
1342 1611 1573 1644 constantiam

899 1662 1077 1703 declaret,
1106 1663 1189 1697 dicit
1214 1676 1294 1696 eum
1318 1664 1448 1709 alioqui
1471 1664 1574 1697 fuisse

900 1719 1229 1760 somniparatissimf,
1246 1717 1312 1749 hoc
1326 1725 1394 1757 est,
1409 1730 1479 1750 non
1494 1729 1575 1762 pro-

900 1781 987 1802 num
1002 1778 1128 1803 natura
1143 1769 1188 1803 ad
1202 1769 1417 1815 vigilandum
1431 1795 1439 1810 ,
1455 1769 1515 1802 sed
1529 1768 1575 1802 ad

903 1835 1065 1855 somnum
1075 1823 1193 1868 potius
1204 1848 1212 1863 ,
1224 1823 1285 1868 qui
1295 1823 1325 1855 ei
1333 1823 1475 1855 instaret
1488 1834 1576 1867 saepe

903 1876 992 1909 inter
1007 1875 1120 1909 studia
1137 1901 1146 1916 ‚
1162 1875 1222 1909 sed
1240 1883 1272 1909 et
1287 1889 1365 1909 eum
1382 1874 1553 1908 desereret
1564 1899 1573 1915 ,

904 1929 1016 1962 victus
1031 1942 1172 1974 nempe,
1192 1928 1298 1962 veluti
1312 1929 1452 1961 abactus
1467 1928 1577 1960 homi-

904 1982 957 2016 1115
989 1982 1202 2015 continentia
1232 1989 1264 2015 et
1294 1981 1426 2026 vigore.
1462 1980 1577 2013 Habet

906 2036 1010 2069 etiam
1036 2036 1153 2075 locus,
1179 2035 1245 2067 11151
1263 2046 1318 2067 1110
1335 2046 1433 2066 1110115
1457 2045 1577 2065 50115115

907 2089 996 2122 fallit
1012 2113 1021 2129 ‚
1035 2087 1228 2134 jucundam
1245 2086 1428 2132 imaginem
1448 2098 1487 2118 ex
1500 2098 1577 2130 pro-

905 2142 1088 2187 sopopoeia.
1125 2141 1274 2174 Somnus
1316 2138 1576 2184 vigilantissimo

905 2194 1040 2227 homini
1056 2193 1183 2234 adstat,
1199 2194 1298 2239 eique
1310 2194 1412 2225 instat
1425 2204 1513 2236 saepe
1526 2216 1535 2231 ,
1551 2191 1579 2224 si

907 2248 979 2294 ejus
997 2246 1211 2292 vigilantiam
1231 2258 1427 2291 expugnare
1444 2244 1550 2290 possit
1567 2255 1575 2275 :

907 2300 965 2333 sed
984 2299 1042 2332 illa
1059 2299 1243 2344 vigilantiae
1260 2299 1368 2332 virtus
1388 2298 1497 2343 major
1513 2304 1575 2329 est.
1617 2301 1619 2303 '

906 2352 1049 2394 Quoties
1068 2352 1171 2385 instat
1186 2363 1327 2385 somnus
1340 2375 1348 2390 ,
1367 2350 1466 2382 toties
1483 2347 1578 2381 velut

906 2405 1067 2439 remissus
1081 2413 1114 2437 et
1130 2404 1331 2450 repudiatus
1349 2401 1499 2435 eundem
1518 2400 1577 2433 de-

907 2458 1000 2491 serit.
1021 2458 1058 2490 E.
1076 2479 1121 2482 -—
1137 2457 1334 2498 Quominus
1350 2453 1495 2487 Ernestii
1522 2465 1578 2485 ra-

907 2512 1037 2544 tionem
1051 2535 1059 2549 ‚
1073 2510 1214 2543 solerter
1226 2509 1319 2542 illam
1332 2506 1472 2553 quidem
1483 2518 1579 2538 exco-

909 2564 1049 2609 gitatam
1067 2587 1075 2602 ,
1092 2575 1216 2608 sequar
1233 2586 1242 2601 ‚
1258 2558 1449 2605 impediunt
1473 2558 1579 2590 verba

910 2626 942 2648 et
966 2618 1146 2647 deserentis.
1175 2615 1249 2646 Hoc
1275 2612 1366 2645 0111111
1390 2610 1523 2643 Plinius
1552 2610 1579 2642 51

911 2669 1026 2702 dicere
1041 2669 1165 2707 voluit,
1186 2663 1352 2712 particula
1364 2689 1372 2703 ‚
1390 2676 1458 2696 11011
1473 2675 1579 2714 copu-

911 2723 1023 2762 lante,
1052 2721 1109 2755 sed
1143 2719 1345 2757 adversante
1370 2715 1419 2748 uti
1445 2715 1575 2748 debuit.
