1742 2989
607 228 655 270 C.
691 226 916 270 PLINII
953 228 1076 270 LIB.
1114 228 1198 270 lV.

205 307 416 351 intellexit
442 318 485 352 et
513 310 664 352 statuit
692 308 913 352 subsidere
940 309 1057 370 apud
1086 326 1130 353 se
1156 325 1246 352 non
1275 319 1490 369 oportere.
1521 312 1605 354 Ita=

203 398 288 441 que
306 398 523 436 reverSUS‚
544 384 779 435 Caesarem,
800 382 978 435 deinde,
998 385 1166 427 Caesare
1189 392 1387 436 auctore,
1408 394 1607 428 senatum

203 454 444 510 consuluit,
470 455 576 516 quid
606 455 699 499 fieri
729 455 782 499 de
812 454 968 499 salario
997 455 1136 500 vellet.
1165 458 1328 509 Parva,
1355 455 1430 500 sed
1460 466 1607 500 tamen

202 530 397 589 quaestio.
422 529 615 573 Heredes
642 529 792 573 scribae
817 529 922 583 sibi;
945 530 1133 590 praefecti
1154 530 1306 572 aerario
1329 528 1494 590 populo
1515 529 1606 572 vin-

203 601 421 646 dicabant.
444 604 553 646 Acta
572 619 722 646 caussa
739 612 803 645 est
822 620 829 645 :
850 602 960 645 dixit
979 602 1190 646 heredum
1210 602 1468 656 advocatus,
1488 602 1606 645 dein·

203 674 256 717 de
281 674 432 735 populi
461 693 469 718 :
494 685 679 736 uterque
701 674 1025 736 percommode.
1050 674 1248 719 Caecilius
1274 675 1432 734 Strabo
1454 676 1607 719 aerario

202 743 378 791 censuit
411 747 685 791 inferendum
717 762 727 792 t
759 748 928 791 Baebius
956 750 1106 792 Macer
1139 748 1373 792 heredibus
1400 747 1607 791 dandum.

204 820 411 864 Obtinuit
445 821 615 865 Strabo.
649 824 715 865 Tu
750 820 878 864 lauda
910 820 1242 874 Marcellinum,
1272 830 1320 864 ut
1350 837 1431 881 ego
1462 820 1608 864 statim

202 893 299 938 feci.
332 894 546 951 Quamvis
577 895 691 938 enim
722 894 896 938 abunde
931 894 1120 938 sufficiat
1154 893 1240 950 illi,
1268 893 1386 954 quod
1417 904 1482 937 est
1513 903 1556 936 ct
1585 910 1607 936 a

201 967 403 1028 principe
435 978 477 1011 et
506 984 531 1011 a
557 978 711 1011 senatu
736 968 970 1028 probatus,
1000 967 1208 1029 gaudebit
1233 977 1379 1011 tamen
1409 967 1608 1010 testiino-

202 1041 276 1084 nio
303 1050 393 1084 tuo.
418 1042 584 1085 Omnes
612 1042 754 1095 enim,
776 1042 852 1103 qui
877 1040 1015 1102 gloria
1037 1041 1238 1101 famaque
1263 1039 1505 1094 ducuntur,
1529 1039 1609 1107 nii-

206 227 295 270 230

202 1129 299 1156 rum
324 1114 368 1156 in
395 1113 574 1157 modum
601 1113 798 1158 adsensio
824 1124 866 1158 et
889 1114 1003 1168 laus,
1025 1131 1048 1157 a
1073 1113 1318 1158 minoribus
1346 1114 1478 1157 etiam
1504 1129 1606 1173 pro-

201 1185 312 1230 fecta
336 1222 347 1239 ,
383 1186 581 1231 delectat.
618 1190 680 1231 Te
714 1205 817 1232 vero
851 1187 1135 1232 Marcellinus
1176 1189 1235 1231 ita
1276 1197 1530 1241 reveretur,
1562 1196 1609 1229 ut

158 1271 172 1296 7
196 1258 364 1317 judicio
389 1269 466 1302 tuo
490 1260 731 1321 plurimum
761 1262 939 1305 tribuat.
973 1261 1148 1305 Accedit
1175 1261 1268 1316 his,
1294 1260 1440 1322 quod,
1469 1261 1502 1305 si
1535 1276 1607 1304 co-

202 1334 401 1393 gnoverit
429 1334 592 1378 factum
621 1352 747 1378 suum
772 1337 854 1379 isto
880 1352 1017 1396 usque
1040 1345 1309 1395 penetrasse,
1328 1351 1502 1378 necesse
1524 1343 1610 1386 est⁷

202 1405 340 1449 laudis
375 1424 461 1450 suae
492 1410 662 1468 spatio,
693 1418 736 1451 et
773 1425 927 1459 cursu,
962 1419 1005 1452 et
1044 1408 1396 1468 peregrinatione
1427 1406 1607 1450 laetetur.

203 1481 376 1522 Etenim
392 1516 403 1533 ,
425 1482 572 1524 nescio
603 1498 690 1541 quo
718 1491 870 1541 pacto,
890 1481 956 1524 vel
983 1481 1123 1541 magis
1151 1481 1347 1524 homines
1369 1480 1493 1539 juvat
1519 1478 1606 1540 glo-

201 1552 263 1594 ria
290 1551 398 1606 lata,
422 1569 554 1612 quain
582 1570 755 1613 magna.
777 1554 901 1598 Vale.

198 1688 373 1718 Subsidere.
392 1686 648 1731 Explicavimus
667 1686 711 1719 ad
728 1687 784 1726 II,
807 1689 845 1718 16
860 1712 868 1725 ‚

200 1743 231 1777 [4.
254 1737 299 1771 G.

245 1791 278 1824 3.
296 1795 403 1823 Parva
418 1793 475 1822 sed
486 1793 592 1823 tamen
610 1794 755 1834 quaestio.
768 1793 867 1824 Rom.

198 1846 353 1885 ECPCITVH
368 1845 499 1886 qllaestio
515 1846 594 1875 :Sed
606 1854 712 1876 talnell
724 1847 867 1887 tl'lfoestl'o.

196 1895 240 1927 H.
256 1916 301 1919 ——
317 1897 401 1940 Leg.
432 1900 537 1927 Parva
565 1899 721 1939 qaeestio,
743 1900 801 1928 secl
819 1907 870 1928 m-

197 1961 265 1979 men
292 1951 437 1990 quoeseio.
468 1949 608 1994 Optima
636 1949 709 1983 haec
744 1950 845 1982 lectio
860 1975 869 1988 ‚

196 2000 252 2032 cui
276 2001 405 2033 Barthii
434 2010 671 2035 commentum
698 2002 871 2036 Gesnerus

196 2054 359 2097 praeferre
371 2067 443 2087 non
455 2054 616 2088 debebat.
641 2056 676 2088 S.

242 2126 287 2130 -—
302 2108 453 2150 Proejecti
472 2110 590 2139 (erario
614 2112 736 2151 populo
761 2112 871 2141 vindi—

196 2162 324 2191 cabant.
342 2161 441 2192 Rom.
458 2162 609 2204 Proefecti
626 2164 738 2193 (erarii
746 2164 868 2204 populo

200 2213 422 2245 vindicabant.
436 2213 483 2245 Ut
490 2226 570 2246 vero
577 2216 674 2246 Rom.
688 2214 733 2246 ita
741 2214 867 2249 Medic.

197 2271 230 2296 et
245 2276 286 2296 ex
302 2277 342 2297 eo
361 2266 456 2298 Cort.
477 2267 548 2299 Nec
566 2266 777 2301 Gesneriana
788 2280 869 2301 con·

194 2318 329 2360 jectum
343 2330 414 2350 non
429 2319 565 2363 placere
577 2328 686 2364 potest
698 2347 706 2362 ,
723 2323 870 2364 pra‘fi’cti

196 2373 312 2402 (erario
338 2375 473 2413 populo.
502 2372 568 2405 Sed
586 2375 735 2417 pra’ficti
758 2376 872 2405 cerarii

195 2423 410 2468 frequentius
439 2423 537 2457 dixit.
571 2425 614 2458 H.
647 2446 691 2450 ———
723 2428 872 2470 Pmfi’cti

196 2479 313 2508 (erario
327 2484 375 2510 est
387 2477 488 2510 etiam
501 2490 626 2523 paneg.
636 2479 749 2517 XCII,
764 2491 775 2511 1
786 2506 792 2511 .
804 2480 868 2511 En.

984 1693 1016 1727 4.
1036 1689 1161 1718 Boebins
1181 1690 1309 1723 Macer,
1326 1698 1396 1719 cos.
1412 1685 1608 1730 designatus

937 1752 978 1771 eo
991 1747 1145 1784 tempore
1160 1765 1169 1779 ‚
1186 1752 1256 1784 quo
1271 1739 1366 1772 Bassi
1379 1750 1501 1771 caussa
1517 1745 1607 1778 acta,

937 1792 1001 1832 IV,
1019 1804 1071 1837 ep.
1092 1804 1112 1835 9
1127 1817 1136 1832 ‚
1158 1794 1210 1824 16.
1226 1792 1291 1824 ΕΙ).

984 1848 1018 1877 6.
1037 1849 1091 1876 Ita
1107 1854 1280 1881 reveretur,
1297 1854 1342 1876 ut.
1364 1845 1463 1876 Rom.
1483 1847 1538 1875 Ita
1551 1855 1607 1874 ‘ve-

937 1907 1039 1935 retur,
1061 1908 1104 1930 ut.
1122 1897 1166 1930 H.

985 1962 1017 1992 7.
1032 1953 1143 1991 Quod,
1158 1952 1186 1982 si
1199 1950 1389 1993 cognoverit.
1403 1949 1501 1980 Rom.
1515 1949 1610 1989 Quod

937 2004 965 2034 si
982 2004 1138 2046 cognorit.
1156 2002 1201 2035 Η.

984 2076 1028 2079 ——
1045 2058 1191 2093 Etenim,
1209 2056 1312 2085 nescio
1330 2066 1393 2096 (sno
1405 2062 1522 2095 pacm,
1540 2059 1605 2084 etc.

936 2110 1033 2141 Rom.
1049 2110 1164 2140 Nescio
1181 2108 1279 2144 enim,
1297 2119 1359 2148 quo
1370 2115 1470 2147 pacto
1486 2107 1543 2136 vel
1553 2106 1607 2135 ho-

936 2163 1034 2193 mines
1048 2163 1151 2204 magis
1158 2163 1257 2204 javat
1270 2160 1378 2202 glort'a
1401 2160 1482 2189 lata.
1499 2156 1545 2189 H.
1561 2177 1605 2181 —

938 2216 1051 2246 Gloria
1081 2216 1150 2245 Iaca
1166 2239 1173 2249 ,
1208 2225 1305 2255 quarn
1337 2223 1468 2254 magna.
1502 2213 1603 2245 Lata,

934 2278 1009 2312 quae
1035 2265 1080 2298 ad
1103 2265 1229 2298 multos
1248 2264 1414 2310 pervasit,
1438 2270 1477 2295 ut
1502 2262 1606 2294 etiam

934 2319 1056 2352 remoti
1070 2320 1227 2352 locorum
1241 2317 1430 2351 intervallis
1445 2314 1488 2348 de
1507 2313 1605 2346 nobis

936 2371 1099 2411 audiant3
1134 2385 1273 2415 magna,
1312 2382 1387 2415 quae
1419 2366 1604 2412 magnifica

935 2425 1037 2457 nobis
1068 2425 1179 2464 facta,
1203 2423 1261 2457 sed
1286 2423 1373 2456 inter
1397 2432 1524 2467 paucos
1549 2419 1605 2451 tri==

936 2478 1022 2511 buit.
1041 2477 1084 2510 G.

598 2621 1310 2641 .--.Q--
