1742 2989
585 219 932 264 EPisToLA
967 220 1083 264 v11.
1434 223 1526 278 403

119 316 200 360 pro
228 301 405 343 Vareno
430 298 641 342 hactenus
669 316 757 343 non
790 302 921 344 tacui.
959 300 1192 357 Consules,
1221 311 1268 345 ut
1299 303 1527 364 Polyaenus
1556 324 1597 358 14

118 372 387 433 postulabat,
408 372 555 415 omnia
574 372 743 434 integra
767 375 956 434 principi
978 384 1285 430 servaverunt3
1313 372 1436 436 cujus
1458 394 1527 421 co-

118 444 361 504 gnitionem
394 460 627 505 suspensus
658 456 876 507 exspecto.
913 449 1028 492 Nam
1060 447 1150 490 dies
1184 447 1254 490 ille
1289 449 1414 492 nobis
1447 467 1527 510 pro

116 518 294 560 Vareno
316 525 390 559 aut
416 517 693 561 securitatem
720 528 763 562 et
787 519 927 563 otium
953 519 1099 575 dabit,
1126 530 1201 562 aut
1228 521 1525 566 intermissum

116 587 311 633 laborem
340 600 548 634 renovata
577 590 869 635 sollicitudine
900 593 1111 653 injunget.
1138 592 1260 637 Vale.

168 723 222 756 13.
236 726 400 755 Hactenus
415 737 478 755 non
498 727 595 757 caeni.
615 723 708 757 Illud
723 738 787 757 non
853 738 922 771 qua
935 726 1069 759 ratione
1084 733 1205 759 contra
1217 724 1347 759 diceret
1365 726 1417 760 his
1429 752 1437 768 ,
1451 741 1527 773 quae

115 787 186 807 non
210 783 433 819 concoquunt
455 775 598 820 quidam
625 776 785 810 editores.
852 779 1099 823 praecesserint.
1116 777 1160 811 G.
1173 799 1217 803 -—
1231 779 1393 824 Suspicor
1406 805 1414 820 ‚
1440 793 1459 813 a
1473 782 1529 815 Sc-

115 826 182 860 Sed
206 827 331 872 reperit
358 828 392 860 in
418 828 556 873 optimis
593 829 787 874 quibusque
853 830 958 863 cundi
980 843 1084 864 manu
1107 831 1301 877 profecta-zm
1325 844 1396 864 esse
1412 857 1420 871 ‚
1442 836 1532 875 quod

116 879 253 914 Cortius
263 905 272 920 ‚
286 888 318 913 et
331 882 484 912 hactenus
497 880 671 926 adjectum
685 882 767 914 facit
778 907 786 922 ‚
846 897 909 926 pro
931 888 1056 915 Vareno
1079 885 1231 915 hactenus
1251 897 1314 915 non
1340 886 1398 927 egi.
1427 888 1529 917 Tacui

114 940 153 964 ut
178 932 298 965 eadem
322 945 428 978 prope
450 933 618 966 sententia
638 934 786 967 exsistat.
854 936 1022 981 glossator
1042 935 1179 969 videtur
1204 935 1444 981 adscripsisse,
1471 949 1527 970 ex-

114 985 264 1030 Nempe,
276 987 446 1024 hactenus,
464 986 593 1032 inquit,
610 1000 673 1018 non
686 989 784 1025 tacui,
853 988 988 1033 plicans
1005 989 1077 1029 iila,
1093 1002 1156 1021 non
1172 992 1231 1033 egi.
1253 990 1286 1023 S.

114 1045 152 1069 ut
172 1037 329 1083 loquerer
347 1038 496 1083 paucula
510 1038 566 1071 illa
579 1064 586 1077 ,
604 1051 679 1084 quae
693 1038 784 1078 dixi3
903 1047 955 1082 14.
977 1044 1128 1085 Princeps
1142 1049 1214 1074 tum
1238 1042 1367 1075 bellum
1387 1042 1527 1087 gerebat

114 1097 275 1123 caeterum
291 1090 393 1135 plane
410 1102 428 1123 a
448 1090 598 1124 dicendo
618 1092 783 1125 abstinui.
851 1093 885 1127 in
894 1094 1014 1134 Dacia,
1030 1103 1062 1127 et
1079 1107 1133 1127 res
1148 1102 1223 1127 acta
1240 1102 1289 1127 est
1304 1107 1334 1127 a.
1349 1095 1430 1127 Chr.
1451 1108 1525 1129 102.

115 1144 179 1179 Τὴν
193 1156 257 1175 non
274 1143 426 1177 omisisse
441 1144 591 1188 primum
608 1144 786 1184 videntur,
852 1146 918 1178 ΕΙ).
928 1151 1148 1190 ——Suspensus
1163 1160 1231 1179 ests.
1248 1147 1281 1179 Si
1296 1154 1333 1179 tu
1348 1147 1448 1180 etiam
1459 1173 1467 1187 ,
1484 1148 1529 1180 le-

114 1195 175 1241 qui
196 1197 348 1228 hactenus
375 1204 540 1242 ceperunt
567 1210 629 1242 pro
654 1200 760 1230 adhuc
776 1212 787 1230 .·
853 1198 1404 1245 otor,adiliujuslibriepistoiam
1420 1199 1525 1232 1o.G.

114 1327 251 1338 §ms-unt
255 1329 1079 1342 munuummmwsnmsnmmmsmvwsvw
1083 1332 1221 1342 smnus
1225 1332 1526 1343 xmsmwsuwww

745 1456 889 1512 VII.

113 1595 264 1633 Gaudet
291 1597 488 1634 Saturnini
517 1606 554 1634 et
582 1598 700 1635 Prisci
722 1599 1012 1648 conjunctione,
1041 1607 1077 1635 et
1110 1600 1210 1636 hunc
1236 1601 1283 1636 ad
1314 1614 1353 1637 se
1385 1602 1525 1645 reverti

166 1661 341 1697 satiatum
364 1661 460 1707 otio,
478 1663 594 1712 cupit.
616 1665 705 1699 Haec
728 1664 886 1712 epistola
907 1672 942 1699 et
959 1676 1119 1713 sequens
1140 1664 1238 1700 inter
1256 1677 1294 1700 se
1315 1664 1524 1711 cohaerent,

167 1737 394 1774 sensumque
415 1725 584 1775 produnt
601 1727 714 1762 trium
732 1728 941 1763 amicorum
963 1727 1280 1764 honestissimum.
1300 1731 1368 1765 En.

380 1861 420 1890 C.
458 1861 689 1890 PLINIUS
725 1861 1052 1891 SATURNINO
1088 1863 1190 1891 SUO
1227 1864 1259 1892 S.

177 1973 251 2015 ET
280 1972 479 2032 proxime
505 1972 652 2015 Prisco
678 1981 849 2026 nostro,
877 1982 919 2015 et
941 1989 1110 2026 rursus,
1127 1974 1229 2033 quia
1257 1975 1314 2017 ita
1336 1975 1521 2034 jussisti,

113 2045 275 2104 gratias
292 2046 383 2105 egi,
404 2044 687 2088 libentissime
706 2044 896 2105 quidem.
921 2047 997 2088 Est
1017 2046 1132 2089 enim
1155 2045 1262 2089 mihi
1283 2048 1522 2107 perjucun-

114 2116 244 2170 dum,
272 2118 391 2178 quod
419 2118 501 2161 viri
528 2119 682 2179 optimi
710 2119 906 2178 mihique
932 2119 1180 2162 amicissimi
1208 2119 1316 2163 adeo
1346 2121 1522 2164 cohaesi·

113 2191 206 2242 stis,
229 2200 277 2233 ut
297 2191 481 2235 invicem
503 2208 578 2235 vos
597 2190 781 2252 obligari
802 2192 975 2251 putetis.
994 2193 1107 2237 Nam
1127 2190 1196 2235 ille
1214 2209 1389 2252 quoque
1409 2209 1520 2253 prae-
1550 2220 1566 2241 ι,

113 2263 289 2322 cipuam
319 2280 362 2307 se
394 2264 664 2325 voluptatem
691 2281 742 2308 ex
770 2265 961 2308 amicitia
990 2275 1065 2308 tua
1091 2281 1248 2325 capere
1274 2265 1521 2325 profitetur,

114 2345 339 2397 certatque
366 2347 512 2381 tecum
532 2339 840 2382 honestissimo
866 2338 1103 2381 certamine
1129 2347 1290 2380 mutuae
1314 2338 1522 2391 caritatis,

113 2424 246 2468 quam
274 2409 415 2469 ipsum
441 2419 614 2470 tempus
640 2411 830 2471 augebit.
849 2413 911 2453 Te
937 2412 1123 2472 negotiis
1149 2411 1346 2454 distineri
1363 2411 1419 2453 ob
1438 2410 1521 2454 hoc
1547 2425 1565 2458 3

112 2480 292 2525 moleste
319 2482 435 2538 fero,
462 2483 581 2544 quod
607 2483 823 2527 deservire
849 2484 1003 2528 studiis
1028 2502 1115 2528 non
1142 2494 1274 2545 potes.
1301 2484 1345 2527 Si
1374 2495 1520 2527 tamen

112 2551 293 2597 alteram
320 2553 439 2599 litem
466 2572 544 2616 per
563 2556 778 2616 judicem,
804 2556 1009 2613 alteram,
1039 2569 1087 2602 ut
1111 2558 1196 2612 ais,
1229 2558 1318 2617 ipse
1343 2556 1519 2613 finieris,

114 2625 295 2687 incipies
333 2630 526 2688 primum
561 2629 648 2675 illic
677 2630 768 2675 otio
799 2629 910 2688 frui,
943 2631 1100 2677 deinde
1136 2631 1315 2676 satiatus
1350 2631 1405 2674 ad
1441 2646 1518 2674 nos

114 2702 289 2745 reverti.
316 2701 438 2747 Vale.

1234 2776 1291 2820 26
1310 2811 1313 2816 ⁷
