1742 2989
97 1035 135 1054 10

97 1189 130 1206 11

169 210 254 254 169.
560 200 1033 247 C.PLIN11LIB.
1071 199 1165 240 III.

163 294 342 336 sionem.
374 288 526 332 Plures
553 285 705 329 iisdem
736 284 779 326 in
804 282 909 326 locis
940 280 1061 324 villas
1091 279 1366 340 possidebat,
1392 278 1570 321 adama,

163 368 306 427 tisque
321 364 445 408 novis
458 398 469 417 ,
484 362 651 422 priores
666 356 928 417 negligebat.
946 354 1141 399 Multum
1157 354 1321 414 ubique
1336 352 1548 396 librorum
1564 388 1573 405 ,

162 438 350 483 multum
365 445 632 485 statuarum,
649 430 839 474 multum
861 429 1125 488 imaginum,
1151 443 1258 488 quas
1274 443 1364 469 non
1384 426 1573 469 habebat

161 512 315 564 modo,
345 525 498 553 verum
529 506 662 549 etiam
694 502 987 546 venerabatur
1014 518 1022 544 :
1057 499 1233 560 Virgilii
1266 508 1367 542 ante
1399 514 1573 550 onmes,

163 585 292 645 cujus
316 580 506 626 natalem
530 578 800 638 religiosius,
828 591 960 635 quam
991 590 1141 627 suum,
1165 571 1439 627 celebrabat,
1461 573 1577 615 Nea-

161 657 251 719 poli
290 656 499 707 maxime,
525 651 599 695 ubi
622 649 946 693 monimentum
971 647 1064 706 ejus
1098 645 1240 699 adire,
1263 654 1312 688 ut
1338 643 1576 704 templum,

161 730 341 774 solebat.
369 731 422 772 In
444 727 526 769 hac
546 721 865 783 tranquillitate
894 736 1060 763 annum
1099 719 1304 778 quintum
1332 728 1376 761 et
1403 726 1576 777 septua-

162 805 377 865 gesimum
396 798 577 844 excessit
593 832 603 849 ,
621 795 809 840 delicato
831 795 969 854 magis
992 809 1199 853 corpore,
1222 808 1353 852 quam
1375 791 1574 834 infirmo:

162 887 299 937 utque
325 872 588 917 novissimus
609 885 633 913 a
658 870 839 913 Nerone
862 867 1002 911 factus
1025 875 1089 910 est
1114 864 1296 920 consul,
1323 866 1383 908 ita
1410 873 1577 925 postre-

160 966 258 992 mus
286 964 338 990 ex
370 944 601 997 omnibus,
635 958 744 1002 quos
783 943 904 986 Nero
932 938 1132 984 consules
1165 938 1347 994 fecerat,
1380 938 1575 981 decessit.

160 1020 274 1065 Illud
300 1019 431 1063 etiam
459 1015 679 1069 notabile3
703 1013 883 1057 ultimus
906 1030 958 1056 ex
987 1012 1251 1056 Neronianis
1277 1011 1579 1055 consularibus

161 1095 296 1146 obiit,
327 1108 416 1152 quo
445 1087 623 1134 consule
654 1089 775 1131 Nero
805 1087 962 1147 periit:
990 1084 1110 1145 quod
1144 1100 1213 1127 me
1249 1083 1578 1136 recordantem,

162 1165 410 1228 fragilitatis
439 1165 644 1207 humanae
673 1160 896 1203 miseratio
927 1158 1055 1202 subit.
1081 1156 1202 1214 Quid
1231 1156 1350 1199 enim
1381 1165 1471 1199 tam
1497 1155 1578 1199 cir-

161 1240 426 1291 cumcisum,
463 1246 552 1279 tam
589 1235 744 1287 breve,
784 1249 914 1293 quam
946 1231 1137 1275 hominis
1169 1230 1256 1273 vita
1292 1228 1580 1289 longissima?

161 1331 216 1357 an
252 1328 341 1355 non
375 1309 548 1352 videtur
585 1307 663 1349 tibi
704 1307 823 1350 Nero
858 1304 990 1348 modo
1031 1303 1185 1355 fuisse,
1231 1319 1365 1363 quum
1403 1303 1578 1345 interim

208 1450 240 1480 ὃ.
261 1449 370 1478 Plures
387 1446 498 1476 iisdem
513 1445 544 1473 ιἰι
562 1444 639 1474 locis
653 1443 751 1473 villas
760 1454 836 1484 pos-

159 1503 293 1533 sidebac.
314 1500 413 1531 Rom.
435 1497 541 1527 Pluris
558 1497 669 1526 iisdem
683 1495 760 1525 locis
774 1496 836 1525 vil-

159 1558 206 1585 las
215 1553 414 1595 possidebat.
431 1549 484 1581 Ita
501 1547 618 1592 paullo
637 1553 716 1591 post
732 1556 739 1577 ε
763 1547 834 1576 Vir-

154 1608 230 1649 gilii
253 1613 329 1636 ante
350 1603 452 1634 omnis
482 1601 565 1645 [pro
588 1598 715 1642 omnes]
745 1600 834 1640 cnjus

157 1660 301 1690 natalem
314 1655 490 1698 religiosius
502 1679 511 1691 ‚
528 1665 625 1695 quam
640 1664 731 1682 snam
741 1676 749 1687 ,
771 1650 833 1694 [fe-

157 1711 241 1743 min.
254 1708 390 1754 genere]
407 1708 590 1738 celebrabat
599 1704 644 1736 H.
659 1724 703 1728 —-
719 1704 831 1735 Etiam

158 1761 337 1796 Ciceronis
344 1757 513 1805 praedium
521 1755 731 1802 possidebat.
740 1755 833 1787 Mar-

157 1815 228 1848 tial.
246 1814 316 1853 XI,
337 1820 393 1855 49.
414 1815 534 1853 Jugera
543 1810 688 1852 fitcmzdi
711 1809 768 1850 qui
784 1809 833 1838 Ci-

160 1869 282 1899 ceronis
301 1867 405 1897 habet.
420 1864 485 1895 En.

207 1940 253 1944 -
274 1919 421 1961 Virgilii.
437 1940 444 1946 .
461 1939 467 1946 .
478 1917 634 1946 natalem.
653 1911 782 1956 Religio
797 1924 836 1944 ea

160 1978 361 2017 tempestate
381 1967 546 2002 solennis.
567 1965 719 1999 Martial.
744 1965 811 1997 XII
826 1990 835 2004 ‚

162 2026 206 2058 68
234 2036 241 2056 ε
272 2041 284 2052 «
299 2022 467 2056 Octobres
491 2020 591 2052 Maro
622 2018 837 2051 consecravit

162 2076 256 2109 Idus.
271 2075 355 2108 Idus
373 2085 460 2118 saepe
471 2072 564 2105 colas
575 2079 607 2102 et
619 2070 683 2103 has
697 2078 729 2102 et
740 2070 815 2102 illas
826 2095 835 2110 ‚

161 2129 232 2170 Qui
248 2127 365 2171 magni
377 2125 529 2159 celebras
541 2123 695 2155 Maronis
711 2121 808 2156 Idus.
825 2140 838 2151 »

164 2182 219 2216 Sic
228 2179 367 2226 Epicuri
375 2178 526 2210 natalem
537 2176 589 2208 sui
600 2175 823 2208 celebrabant
832 2189 840 2211 ς

164 2234 211 2267 sic
227 2257 235 2274 ,
252 2241 289 2265 ut
303 2233 337 2264 in
354 2230 462 2276 poetis
476 2239 680 2260 maneamus
697 2252 705 2266 ‚
726 2227 841 2272 splen—

165 2286 348 2320 didissimo
363 2282 516 2316 carmine
528 2281 621 2324 (silv.
642 2281 701 2312 lib.
720 2281 775 2318 11,
793 2283 840 2324 7).

165 2339 301 2372 Lucani
314 2335 470 2370 defuncti
490 2334 638 2366 natalem
655 2333 839 2365 celebravit

166 2390 342 2437 PapiniuS.
364 2388 471 2422 Simili
491 2398 613 2420 caussa
628 2385 722 2418 ducti
741 2384 840 2418 Chri-

164 2444 264 2478 stiani
279 2469 287 2483 ‚
312 2444 438 2475 natales
457 2447 650 2484 martyrum
674 2450 815 2470 suorum
830 2462 838 2476 ,

164 2498 232 2530 hoc
244 2495 389 2535 cst‚dies
404 2493 528 2539 quibus
544 2491 589 2524 ad
604 2491 711 2524 vitam
723 2490 841 2522 melio-

166 2563 240 2582 rem
256 2562 317 2594 per
332 2547 524 2580 cruciatum
540 2543 745 2577 transierant
760 2568 768 2582 ,
787 2556 841 2575 co-

167 2603 236 2634 lere
264 2600 484 2633 instituerunt
510 2609 517 2629 :
545 2594 839 2642 quemadmodum

168 2654 269 2686 etiam
291 2652 334 2685 ad
364 2650 578 2683 monimenta
599 2660 717 2681 eorum
747 2656 777 2679 ct
797 2648 841 2678 ci-

168 2718 266 2737 neres
296 2703 390 2737 adire
419 2715 488 2735 non
517 2700 644 2745 dispari
675 2698 840 2741 religione

904 1446 1094 1483 coeperunt.
1103 1436 1187 1469 Vid.
1200 1449 1287 1482 quos
1298 1436 1354 1469 hic
1367 1435 1488 1469 laudat
1500 1436 1582 1469 Cor-

901 1492 979 1523 tius.
1002 1491 1047 1523 G.
1071 1510 1115 1514 -—
1138 1491 1290 1531 Neapoli.
1311 1489 1381 1521 Ubi
1406 1496 1579 1534 repertum

902 1543 1118 1589 epitaphium
1158 1554 1196 1574 ex
1227 1541 1424 1574 mabillonii
1454 1542 1579 1574 Museo

900 1596 978 1629 Ital.
999 1608 1032 1640 p.
1058 1607 1118 1627 112
1136 1620 1144 1635 ‚
1178 1603 1349 1626 memorat
1375 1594 1543 1627 Cellarins
1565 1607 1572 1627 ε

899 1660 1025 1681 SISTlTE
1072 1659 1239 1680 VIA'roREs
1257 1672 1265 1686 ,
1294 1659 1409 1686 QUAEso
1426 1672 1434 1686 ,
1469 1659 1578 1680 Pauci

899 1712 1042 1740 LEGITE3
1068 1711 1124 1732 mc
1137 1712 1235 1733 MARO
1253 1712 1345 1732 SITUS
1358 1711 1431 1732 Es'r.
1445 1699 1490 1732 G.

931 1758 1024 1784 —Ut
1036 1755 1195 1796 templum.
1208 1752 1261 1785 Sic
1272 1752 1412 1791 Statius,
1424 1752 1503 1785 Silv.
1513 1753 1579 1791 IV,

901 1810 920 1845 4
933 1831 942 1846 ,
962 1809 1004 1846 54
1019 1831 1027 1845 ,
1051 1809 1242 1837 Maroneum
1270 1808 1437 1848 templum,
1458 1805 1579 1838 eodeni

904 1858 1057 1891 Cellario
1070 1865 1234 1890 monente
1247 1882 1255 1897 ‚
1273 1857 1368 1890 dixit.
1386 1857 1430 1890 G.

951 1923 985 1954 9.
1003 1915 1042 1942 Itz
1057 1913 1120 1943 lzac
1133 1912 1370 1953 tranquillitate
1383 1936 1390 1945 ‚
1409 1920 1467 1942 etc.
1483 1910 1580 1942 Simi-

904 1965 981 1997 liter
1010 1976 1115 2009 supra
1142 1963 1199 2001 II,
1230 1975 1261 2002 1,
1291 1967 1331 2002 4,
1355 1962 1398 1995 de
1413 1962 1580 2006 Verginio

901 2018 1017 2050 Rufo:
1042 2018 1212 2049 «Annum
1248 2015 1386 2048 tertium
1421 2022 1453 2046 et
1490 2021 1582 2046 octo-

903 2070 1074 2115 gesimum
1094 2068 1239 2101 excessit
1254 2067 1287 2099 in
1306 2067 1470 2099 altissima
1490 2074 1581 2098 tran-

905 2123 1149 2167 quillitate....
1172 2120 1263 2153 Usus
1289 2128 1338 2152 est
1364 2120 1465 2152 firma
1488 2118 1580 2151 vale-

906 2174 1038 2207 tudine.
1058 2190 1071 2202 »
1098 2174 1131 2206 S.

956 2228 1181 2259 10.Miseracio
1195 2227 1288 2257 subit.
1300 2226 1399 2257 Rom.
1412 2226 1580 2256 Miseratio

907 2280 1001 2310 subit.
1023 2278 1066 2310 H.
1082 2278 1194 2309 —Ita
1215 2290 1355 2317 omnes,
1379 2277 1521 2321 opinor,
1544 2276 1579 2307 li-

905 2329 1124 2363 bri.Vi(letur
1143 2329 1316 2374 scripsisse
1329 2355 1338 2370 ‚
1353 2337 1413 2362 aut
1430 2328 1580 2362 scribere.

906 2383 1055 2416 voluisse
1092 2382 1326 2427 Heusingerus
1355 2394 1363 2414 :
1394 2395 1435 2413 m.
1468 2382 1577 2412 subiit.

905 2436 999 2469 Talis
1025 2436 1115 2469 enim
1148 2435 1327 2467 fluctuatio
1358 2433 1576 2466 librariorum

906 2489 941 2520 in
968 2488 1166 2533 compositis
1193 2487 1287 2520 verbi
1313 2500 1349 2519 eo
1376 2485 1581 2530 frequentis-

907 2541 1005 2574 sima.
1027 2542 1061 2574 S.

958 2607 970 2625 1
983 2607 1011 2626 1.
1030 2597 1116 2624 Nero
1135 2592 1347 2634 modofitisse.
1370 2588 1457 2622 Cod.
1476 2589 1579 2621 Arnz.

909 2650 1067 2678 ..Neronem
1095 2646 1189 2677 modo
1208 2645 1324 2686 sitisse.
1351 2643 1429 2674 Non
1458 2641 1549 2674 male
1572 2653 1578 2672 ;

907 2710 1108 2742 quanquam
1128 2695 1283 2740 exempla
1301 2695 1407 2739 hujus
1428 2701 1581 2725 constru—
