1742 2989
239 182 328 225 236

653 183 702 222 C.
740 179 955 221 PLINII
989 180 1111 222 LIB.
1148 181 1201 223 V.

171 284 210 304 220
234 262 470 321 adjacentis
485 260 762 322 hippodromi
781 275 932 302 nemus
946 276 1174 320 comasque
1187 269 1445 320 prospectat.
1459 261 1622 305 Contra

234 335 418 379 mediam
440 334 527 378 fere
550 333 764 394 porticum
789 332 913 375 diaeta
934 332 1124 392 paullum
1145 333 1327 387 recedit3
1345 334 1480 394 cingit
1500 350 1622 377 areo-

233 408 339 462 lam,
359 424 453 468 quae
476 416 664 468 quatuor
688 405 870 466 platanis
896 406 1180 449 inumbratur.
1205 408 1324 449 Inter
1342 406 1419 450 has
1442 423 1624 450 marmo-

234 498 308 525 reo
351 481 472 524 labro
513 496 623 540 aqua
661 479 873 533 exundat,
910 479 1290 540 circumiectasque
1327 479 1549 539 platanos,
1581 489 1622 523 et

233 556 424 615 subjecta
452 554 637 614 platanis
662 552 747 596 leni
777 552 1029 612 adspergine
1056 552 1179 596 fovet.
1207 555 1281 597 Est
1308 554 1351 595 in
1385 553 1466 596 hac
1498 552 1624 596 diaeta,

233 629 536 672 dormitorium
561 625 808 670 cubiculum
821 661 831 679 ,
848 625 963 685 quod
981 624 1110 678 diem,
1130 625 1360 669 clamorem
1381 641 1622 685 sonumque

169 571 206 592 21

170 860 208 879 22

233 702 446 756 excludit3
465 703 703 761 junctaque
729 698 980 759 quotidiana
1006 698 1242 741 amicorum
1268 699 1464 742 coenatio.
1484 699 1622 741 Areo-

235 775 317 818 lam
348 774 463 817 illam
492 774 682 833 porticus
712 772 815 826 alia,
837 771 1071 832 eademque
1089 772 1260 827 omnia,
1285 789 1380 832 quae
1404 771 1619 831 porticus,

235 848 429 908 adspicit.
451 849 529 889 Est
554 855 596 889 et
618 844 736 888 aliud
759 843 1007 888 cubiculum
1026 861 1048 887 a
1070 845 1267 905 proxima
1291 844 1468 904 platano
1488 843 1624 886 viride

234 997 421 1040 adjacentis.
442 994 484 1026 H.
503 1015 548 1018 —
568 995 787 1036 He'ppodromi.
815 994 897 1037 Spa-

234 1050 348 1081 tiosior
359 1048 452 1080 locus
464 1071 472 1086 ‚
484 1046 547 1079 viis
560 1046 736 1078 latioribus
746 1071 755 1085 ,
768 1045 897 1090 longio-

234 1102 328 1134 ribus
342 1126 350 1140 ‚
385 1099 673 1133 semicircularem
702 1098 895 1131 anfractum

235 1154 440 1187 habentibus
480 1152 657 1185 distinctus
671 1176 679 1191 ‚
715 1151 897 1183 umbrosus

235 1207 313 1240 item
327 1232 335 1247 ,
354 1207 459 1240 verbo
476 1206 520 1238 ita
537 1204 710 1237 institutus
726 1228 735 1243 ‚
758 1211 793 1235 ut
808 1203 842 1235 in
858 1215 897 1235 eo

234 1273 303 1293 non
318 1260 414 1293 molli
428 1258 532 1292 modo
547 1258 737 1304 gestatione
756 1256 823 1296 uti,
838 1255 897 1288 sed

234 1314 268 1346 in
294 1326 383 1359 equo
402 1312 503 1345 etiam
530 1311 660 1344 moveri
681 1310 801 1342 fortius
814 1333 823 1348 ‚
843 1308 897 1341 vel

231 1366 357 1412 junctis
378 1366 480 1398 etiam
503 1364 598 1409 equis
622 1370 759 1407 raptare
781 1374 840 1406 per
859 1373 897 1393 ea

235 1419 340 1463 spatia
361 1430 499 1451 currum
526 1416 645 1462 possis.
672 1416 745 1448 Hoc
770 1427 897 1447 nomen

235 1470 357 1510 docet,
383 1471 509 1503 Graecis
536 1471 723 1507 usitatum3
747 1468 813 1499 hoc
841 1467 900 1501 de-

235 1524 371 1568 scriptio
385 1524 507 1568 ingcrit
521 1548 529 1562 ‚
546 1535 650 1568 quam
670 1521 824 1553 latiorem
840 1519 900 1552 ha—

234 1577 289 1609 bet
308 1577 337 1618 5.
365 1576 405 1608 32
422 1600 430 1614 ,
448 1588 522 1620 sqq.
544 1575 755 1617 Hippodromi
772 1572 899 1604 habent

233 1630 322 1674 typis
339 1628 469 1672 vulgati
485 1653 493 1667 ‚
514 1636 551 1659 ut
570 1626 673 1660 credo
692 1651 700 1666 ‚
720 1637 839 1658 omnes
858 1637 899 1657 ex

234 1682 325 1715 MSS.
338 1681 456 1727 procul
470 1680 576 1712 dubio
589 1692 596 1719 ;
611 1683 642 1710 H
644 1680 823 1721 ippodromi
830 1678 900 1709 Me-

234 1734 350 1767 (liceus
362 1759 370 1773 ,
385 1746 454 1778 quo
470 1745 549 1765 usus
563 1739 611 1764 est
624 1731 757 1764 Cortius
768 1755 776 1769 ‚
788 1742 898 1774 neque

235 1788 414 1832 quisquam
434 1785 476 1818 (le
489 1784 678 1817 mutatione
697 1782 875 1827 cogitasset
888 1807 897 1823 ‚

233 1840 297 1872 nisi
305 1840 378 1872 Jac.
389 1837 573 1872 Sirmondo
585 1863 593 1877 ‚
602 1837 675 1869 viro
685 1835 897 1875 doctissimo,

235 1893 277 1926 ad
292 1892 412 1927 Sidon.
426 1892 459 1923 It
469 1916 477 1931 ,
493 1904 509 1923 2
522 1916 530 1930 ‚
543 1891 578 1922 111
592 1897 740 1924 mentem
754 1889 899 1921 venisset

235 1948 473 1988 Ιιζνμοᾶνοιηιιηι
488 1943 692 1977 substituere
705 1966 714 1981 ,
735 1949 767 1974 et
794 1942 898 1974 inter-

234 1999 358 2042 pretari
374 2007 489 2029 tectam
507 1997 749 2039 longitudinem,
768 2002 799 2027 et
813 1998 899 2026 clau-

233 2065 300 2082 sum
310 2053 521 2092 undequaque
531 2051 787 2080 deambulacrum
799 2073 806 2083 ‚
823 2059 898 2091 quae

234 2102 373 2148 quidem
399 2103 469 2146 ipsa
496 2103 744 2143 cryptoporticus
775 2099 897 2132 defini-

236 2157 282 2189 tio
297 2164 345 2188 est
362 2180 370 2194 ‚
387 2163 418 2187 et
443 2154 628 2186 clarissime
646 2161 813 2197 repugnat
833 2152 898 2184 Pli-

235 2209 343 2242 nianae
374 2205 595 2250 descriptioni
627 2207 656 2247 5.
688 2206 741 2237 32.
771 2205 899 2236 Mirum

235 2270 305 2300 est,
328 2273 433 2306 quam
457 2259 562 2291 multa
594 2257 852 2291 committantur
879 2268 898 2288 a

234 2315 313 2347 viris
337 2313 439 2346 etiam
463 2310 667 2343 doctissimis
689 2310 722 2342 in
747 2317 898 2342 veterum

234 2368 401 2400 librorum
411 2364 464 2397 vel
478 2362 715 2396 emendatione
726 2362 779 2395 vel
795 2362 898 2394 inter-

235 2420 425 2467 pretatione
443 2429 481 2450 ea
498 2428 637 2455 caussa,
657 2415 749 2461 quod
766 2427 834 2446 non
851 2423 898 2447 to-

234 2482 287 2506 tos
301 2473 419 2517 legunt
433 2495 440 2509 ‚
453 2482 539 2514 quos
553 2481 674 2501 curare
689 2468 826 2506 volunt,
838 2466 897 2499 sed

237 2526 325 2558 utin
351 2534 521 2569 quemque
549 2522 660 2554 locum
681 2520 895 2559 inciderunt,

236 2579 301 2617 ita,
318 2577 453 2621 iugenio
469 2587 529 2608 suo
546 2574 665 2606 confisi
682 2573 828 2613 scilicet,
849 2585 898 2605 sa-

234 2643 317 2665 nare
331 2630 427 2662 illum
441 2629 555 2661 locum
568 2625 824 2672 aggrediuntur,
841 2637 897 2657 co-

236 2693 315 2718 natu
325 2683 477 2728 specioso
488 2706 496 2721 ,
510 2689 543 2714 et
553 2681 607 2713 cui
617 2679 791 2725 plausores
801 2685 895 2710 tanto

964 993 1075 1025 minus
1092 992 1233 1032 desunt,
1253 1005 1321 1037 quo
1342 992 1519 1037 pauciores
1538 993 1623 1025 serio

963 1053 994 1079 et
1013 1054 1100 1079 totos
1115 1047 1232 1090 legunt
1247 1045 1351 1077 libros
1371 1052 1541 1085 veterum3
1565 1045 1623 1078 sed

962 1099 1089 1132 infelici
1104 1110 1188 1143 saepe
1202 1109 1373 1131 successu.
1388 1097 1432 1131 G.

1012 1165 1061 1185 20.
1088 1154 1194 1183 Diaeta
1210 1154 1356 1195 paullum
1373 1153 1501 1182 recedit.
1524 1151 1622 1183 Rom.

964 1208 1066 1237 Diaeca
1072 1217 1190 1248 parum
1202 1205 1329 1235 recedit.
1340 1203 1448 1248 Prope
1461 1202 1540 1235 inde
1551 1215 1559 1235 :
1572 1219 1585 1231 «
1593 1210 1625 1235 et

964 1258 1110 1303 subjecta
1131 1257 1276 1302 platanis
1293 1256 1361 1289 leni
1379 1255 1557 1300 aspergine
1576 1256 1626 1288 so-

964 1319 1029 1343 vet.
1047 1326 1058 1338 »
1077 1310 1120 1342 H.

1012 1375 1064 1395 21.
1086 1365 1260 1394 Clamorem
1281 1373 1454 1403 sonumque
1473 1362 1623 1392 excludit.

962 1417 1015 1450 Sic
1035 1423 1066 1448 et
1079 1417 1173 1448 Rom.
1192 1414 1235 1447 H.

1008 1490 1052 1493 —
1069 1471 1218 1499 Areolam
1231 1469 1334 1498 illam.
1351 1491 1358 1497 .
1374 1492 1381 1498 .
1397 1490 1403 1496 .
1413 1467 1556 1508 adspicit.
1571 1465 1625 1498 Sic

963 1529 995 1553 et
1012 1523 1107 1553 Rom.
1122 1520 1166 1551 H.
1179 1540 1222 1543 —
1233 1521 1418 1561 Eademque
1432 1520 1539 1549 omnia
1554 1531 1625 1559 quae

958 1575 1110 1616 porticus.
1125 1574 1248 1603 Eadem
1258 1571 1410 1616 porticus
1424 1596 1432 1609 ‚
1451 1573 1547 1617 cujus
1569 1570 1625 1602 1110

964 1638 1042 1658 011111
1059 1624 1171 1657 areola
1188 1624 1394 1656 mentionem
1408 1623 1506 1662 facit,
1519 1625 1625 1665 adspi-

963 1681 1023 1716 cit,
1046 1677 1111 1710 hoc
1133 1684 1203 1717 est,
1229 1677 1262 1708 in
1290 1684 1472 1720 conspectu
1498 1675 1623 1716 habet,

964 1733 1092 1768 omnia,
1114 1743 1185 1773 qltoe
1201 1731 1341 1771 porticus
1360 1728 1417 1761 illa
1436 1728 1590 1773 superior
1605 1740 1625 1761 a

963 1784 991 1826 5.
1022 1784 1059 1816 15
1075 1807 1083 1821 ,
1108 1781 1290 1827 descripta.
1311 1781 1353 1813 G.
1377 1799 1421 1805 -—
1449 1780 1625 1813 Mediceus

964 1837 1047 1869 liber
1062 1848 1068 1868 :
1082 1854 1096 1864 «
1106 1860 1203 1868 .....
1213 1835 1355 1867 coenatio
1366 1859 1374 1873 ‚
1386 1845 1460 1879 quae
1473 1833 1625 1866 areolam

962 1889 1056 1922 illam
1069 1914 1077 1928 ‚
1096 1889 1265 1934 porticum
1293 1886 1390 1921 aliani
1407 1911 1416 1926 ‚
1435 1886 1625 1931 eademque

963 1942 1077 1975 omnia
1093 1969 1101 1983 ‚
1132 1954 1206 1986 quae
1232 1941 1383 1987 porticus
1396 1963 1405 1978 ‚
1436 1938 1624 1983 adspicit.»

962 1994 1111 2027 Adscivit
1128 1995 1217 2027 hanc
1237 1993 1412 2025 lectionem
1434 1990 1599 2033 Gierigius
1613 2014 1622 2029 ‚

963 2047 1185 2092 eamdemque
1200 2046 1361 2091 probabat
1380 2043 1554 2076 Einestius
1565 2068 1573 2082 ‚
1589 2044 1623 2075 in

961 2101 1074 2133 locum
1104 2107 1190 2131 notae
1216 2098 1356 2131 Gesnrri
1381 2097 1469 2128 hanc
1498 2095 1625 2127 adscri-

962 2161 1101 2198 pturus:
1123 2152 1232 2183 «Hanc
1249 2151 1430 2183 lectionem
1446 2147 1533 2181 Cod.
1554 2149 1625 2180 Me-

962 2204 1028 2237 dic.
1050 2205 1151 2237 etiam
1172 2204 1288 2236 Cortio
1303 2203 1480 2248 probatam
1495 2226 1503 2240 ‚
1525 2208 1557 2233 et
1575 2212 1625 2233 re-

962 2265 1094 2302 ceptam
1119 2269 1137 2289 a
1166 2256 1314 2301 Gierigio
1329 2281 1338 2295 ‚
1368 2266 1528 2287 revocare
1554 2266 1624 2286 non

963 2309 1134 2348 dubitavi,
1151 2309 1275 2354 quippe
1287 2307 1458 2340 intellectu
1474 2305 1621 2338 facilem.

962 2364 1086 2395 Sensus
1102 2361 1157 2393 1110
1178 2369 1225 2393 est
1242 2372 1249 2392 :
1266 2359 1407 2392 coenatio
1425 2359 1560 2399 adspicit
1577 2357 1623 2389 fe-

962 2414 1084 2447 nestris
1098 2414 1313 2447 interioribus
1325 2412 1471 2445 areolam
1485 2411 1624 2442 exterio·
1635 2406 1641 2417 ”

960 2468 1053 2500 ribus
1065 2469 1224 2509 porticum
1246 2465 1336 2498 illam
1349 2490 1356 2503 ‚
1372 2463 1414 2496 de
1431 2474 1498 2508 qua
1517 2462 1544 2503 5.
1564 2462 1603 2494 31
1616 2487 1624 2501 ,

962 2522 1134 2561 eademque
1148 2520 1271 2555 omnia,
1289 2529 1360 2559 quae
1366 2517 1507 2558 porticus
1518 2513 1621 2557 prior.

961 2572 1112 2604 Pristinae
1131 2569 1270 2605 Gesneri
1295 2568 1457 2601 editiones
1472 2574 1547 2611 post
1560 2579 1621 2597 σιε-

962 2627 1049 2656 natio
1059 2623 1356 2668 interpungebant.
1368 2619 1497 2652 Deinde
1506 2630 1624 2663 seque-

963 2678 1086 2709 bantur
1096 2676 1168 2708 haec
1178 2687 1185 2708 ε
1196 2674 1365 2707 «Areolam
1375 2672 1466 2705 illam
1474 2671 1623 2717 porticus
