1742 2989
637 187 980 230 EPISTOLA
1019 187 1050 227 I.
1457 184 1544 228 320

166 348 762 362 t25uzmmmmmmmm
768 349 1544 367 mmmsxsmumusmnumfflwwum

385 563 751 641 LIBER
810 563 1308 642 SEXTUS.

808 908 852 960 I.

134 1066 338 1110 Hortatur,
376 1075 419 1101 ut
452 1066 491 1102 in
526 1065 660 1103 urbem
698 1066 851 1112 redeat,
889 1068 976 1117 quia
1011 1068 1250 1118 impatienter
1286 1068 1532 1105 desideretur.

183 1130 348 1166 Multum
376 1131 582 1167 teneritatis
608 1139 645 1168 et
671 1131 919 1168 mollitudinis
947 1132 1109 1169 effusum
1134 1141 1189 1169 est
1211 1146 1279 1183 per
1307 1142 1423 1170 totam
1449 1133 1533 1183 epi—

184 1194 327 1231 stolam.
349 1197 418 1231 En.

1008 1320 1027 1338 4

426 1333 465 1362 C.
503 1333 736 1363 PLINIUS
770 1335 971 1363 TIRONI
1062 1334 1161 1364 SUO
1196 1335 1231 1363 S.

190 1449 424 1505 QUAMDIU
455 1466 536 1511 ego
573 1460 693 1494 trans
721 1450 913 1505 Padum,
939 1461 987 1494 tu
1019 1452 1062 1494 in
1094 1453 1282 1507 Piceno,
1309 1454 1454 1496 minus
1485 1464 1526 1497 ῐε·

124 1523 426 1582 requirebam3
450 1534 681 1584 postquam
707 1541 788 1585 ego
814 1525 858 1567 in
882 1525 1010 1579 urbe,
1031 1535 1079 1569 tu
1105 1526 1247 1568 adhuc
1274 1526 1317 1568 in
1339 1527 1524 1579 Piceno,

123 1595 261 1640 multo
298 1598 435 1658 magis
469 1614 478 1640 :
513 1615 587 1641 seu
620 1597 737 1658 quod
777 1599 867 1658 ipsa
908 1597 1022 1652 loca,
1054 1598 1098 1641 in
1129 1599 1287 1659 quibus
1317 1615 1407 1642 esse
1438 1616 1524 1643 una

97 1668 329 1725 (solemus,
349 1672 491 1714 acrius
509 1688 577 1714 me
599 1674 661 1715 tui
684 1682 963 1716 commonent
986 1689 995 1714 :
1017 1689 1091 1715 seu
1116 1672 1234 1732 quod
1260 1671 1521 1716 desiderium

89 1720 366 1789 ,labsentium
395 1743 504 1787 nihil
530 1743 711 1803 perinde
738 1760 787 1787 ac
813 1744 1010 1788 vicinitas
1037 1745 1153 1787 acuit
1182 1762 1190 1787 2
1218 1761 1393 1804 quoque
1418 1761 1521 1804 pro-

118 1814 216 1873 pius
243 1816 472 1859 accesseris
493 1816 548 1859 ad
573 1833 693 1876 spem
717 1816 909 1871 fruendi,
929 1817 1012 1860 hoc
1039 1817 1336 1877 impatientius
1358 1834 1518 1861 careas,

118 1887 347 1948 Quidquid
376 1889 420 1931 in
447 1906 620 1945 caussa,
647 1891 765 1950 eripe
797 1907 865 1933 ine
895 1891 996 1934 huic
1023 1900 1254 1934 tormento.
1277 1891 1414 1943 Veni,
1445 1900 1519 1934 aut

118 1975 198 2020 ego
222 1960 345 2017 illuc,
370 1962 485 2006 unde
506 1962 750 2007 inconsulte
774 1964 1027 2023 properavi,
1048 1973 1258 2017 revertar,
1274 1962 1338 2006 vel
1360 1963 1415 2006 ob
1436 1963 1520 2007 hoc

117 2031 256 2076 solum
273 2069 284 2089 ‚
314 2044 362 2077 ut
388 2037 609 2095 experiar,
638 2053 691 2080 an
717 2036 851 2091 mihi,
877 2053 1014 2096 quum
1040 2037 1131 2080 sine
1158 2053 1226 2079 me
1251 2039 1402 2080 Romae
1429 2053 1515 2079 coe-

114 2107 230 2165 peris
261 2124 374 2164 esse,
398 2109 556 2153 similes
581 2109 649 2153 his
676 2108 878 2170 epistolas
903 2111 1063 2153 mittas.
1083 2109 1205 2153 Vale.

159 2237 266 2271 I.*De
278 2238 579 2276 Calc-strioTirone
593 2241 783 2276 dictumest
847 2255 923 2275 rum
939 2268 947 2283 ‚
980 2256 1047 2276 non
1074 2244 1139 2276 nisi
1168 2243 1303 2278 Sabinis
1335 2243 1516 2289 interjectis

113 2289 130 2321 Ῑ
140 2313 149 2329 ’
169 2302 224 2334 ΕΙ)-
252 2303 263 2323 1
273 2304 303 2324 2·
320 2292 385 2325 ED·
847 2295 1035 2341 diremptus
1048 2304 1119 2330 erat
1132 2309 1149 2329 a
1162 2297 1274 2329 Latio.
1288 2296 1350 2327 En.
1360 2297 1515 2327 -Acrius

163 2353 193 2373 1.
214 2345 315 2374 ⁴Multo
336 2347 452 2387 magis,
475 2352 539 2378 etc.
557 2348 655 2380 Rom.
678 2351 780 2380 IlIulco
845 2362 894 2380 me
918 2351 966 2381 cui
985 2360 1193 2382 commonent.
1213 2349 1266 2383 Sic
1287 2355 1318 2380 et
1341 2349 1513 2380 Romanus

114 2395 214 2436 magis
229 2407 270 2425 ex
281 2408 343 2437 quo
365 2398 434 2438 ipsa
459 2400 546 2436 loca,
563 2411 641 2432 cum
664 2401 780 2433 multis
844 2401 916 2435 MS.
936 2402 980 2435 H.

112 2444 251 2489 qnideffl
263 2471 272 2487 ›
289 2447 349 2480 sed
367 2447 422 2481 hic
439 2461 562 2494 parum
576 2450 777 2486 emendatis.
895 2468 926 2488 2.
941 2457 1029 2487 Unde
1043 2458 1217 2487 inconsulte
1222 2456 1401 2497 properavi.
1414 2454 1509 2486 Rom.

113 2495 156 2529 H.
170 2501 358 2532 -Picemes
380 2513 473 2546 ager,
499 2501 543 2535 ad
568 2516 661 2537 mare
680 2516 780 2550 supe·
848 2509 937 2539 Unde
949 2511 1090 2540 consulto
1102 2509 1284 2551 properavi.
1306 2506 1349 2538 Π.

514 2621 604 2624 „
659 2612 1004 2637 ἤωωῦ.
1023 2626 1027 2630 .
1072 2628 1148 2631 ff„
