1742 2989
190 228 275 274 170
587 214 634 255 C.
672 211 899 255 PLINII
934 211 1058 254 LIB.
1096 213 1194 254 ΙΙΙ.

183 293 344 347 riosas,
386 292 452 336 his
485 292 659 353 quidem
699 292 843 336 verbis
872 309 880 335 :
911 295 965 336 Io
1000 297 1071 347 io,
1105 293 1216 337 liber
1250 292 1318 335 ad
1349 302 1391 335 te
1426 297 1585 337 venio:

168 366 275 423 jam
303 370 549 410 sestertium
577 365 853 427 quadragies
876 366 1049 428 redegi,
1073 376 1211 428 parte
1235 364 1422 409 vendita
1446 368 1588 410 Βατί-

119 452 156 488 14
181 455 349 485 corum.
375 441 504 483 Circa
526 439 775 500 Hispanum
801 448 844 482 et
866 439 1060 482 Probum
1086 437 1275 482 multum
1295 437 1487 481 sudoris:
1506 439 1587 481 ho-

182 530 280 556 rum
310 523 546 573 antequam
584 513 770 557 crimina
800 512 1078 573 ingrederer,
1102 512 1393 556 necessarium
1424 511 1589 555 credidi

183 587 407 630 elaborare
423 622 434 643 ,
463 597 510 630 ut
536 595 758 631 constaret
775 621 786 641 ,
813 586 1105 630 ministerium
1129 587 1295 630 crimen
1320 601 1410 629 esse
1433 602 1442 628 :
1470 585 1589 645 quod

119 668 156 701 15
185 662 266 705 nisi
289 661 526 705 effecissem
544 697 554 715 ,
579 662 740 706 frustra
760 661 982 704 ministros
1004 660 1271 721 probassem.
1300 660 1456 719 Neque
1473 659 1590 701 enim

181 735 242 778 ita
261 734 611 779 defendebantur
624 771 635 789 ,
661 744 709 779 ut
728 744 967 795 negarent,
993 734 1067 778 sed
1088 743 1136 777 ut
1153 732 1397 777 necessitati
1416 733 1590 775 veniam

184 818 471 867 precarentur
497 824 507 851 ε
547 824 637 851 esse
682 808 799 851 enim
842 824 886 851 se
926 806 1240 868 provinciales,
1286 815 1328 849 et
1366 805 1420 848 ad
1461 821 1591 847 omne

120 888 158 916 ¹6
184 881 498 941 proconsulum
522 882 756 942 imperium
778 891 900 925 metu
925 882 1037 942 cogi.
1062 880 1182 925 Solet
1206 880 1350 924 dicere
1380 877 1590 923 Claudius

184 955 428 999 Restitutus
441 990 452 1007 ,
478 955 553 1016 qui
573 955 680 999 mihi
696 954 944 1016 respondit,
959 956 1025 997 vir
1045 954 1307 998 exercitatus
1323 962 1367 996 et
1386 950 1593 1012 vigilans,

184 1037 227 1071 et
253 1027 496 1088 quamlibet
520 1028 675 1072 subitis
700 1038 878 1089 paratus
893 1063 903 1082 ,
927 1043 1159 1088 tamquam
1180 1026 1269 1070 sibi
1290 1036 1462 1070 tantam
1477 1025 1592 1067 cali-

179 1105 326 1162 ginis,
366 1112 541 1146 tantum
561 1102 921 1164 perturbationis
950 1101 1148 1160 (ffilszcm
1163 1133 1174 1154 ,
1202 1115 1339 1159 quam
1368 1114 1505 1159 quum
1538 1113 1594 1140 ea

175 1186 410 1236 prcerepla
438 1187 484 1220 et
505 1187 689 1221 extorta
713 1175 965 1234 defhnsioni
988 1190 1086 1218 sace
1114 1183 1335 1227 cerneret,
1364 1175 1411 1215 in
1435 1169 1595 1230 quibas

123 1272 157 1304 ¹7
185 1250 601 1307 onzlzem‘ficlzcciam
633 1248 887 1311 reponebat.
926 1246 1111 1292 Consilii
1139 1246 1277 1289 nostri
1307 1246 1448 1288 exitus
1476 1242 1559 1286 fuit
1584 1259 1593 1284 :

187 1324 316 1366 Bona
343 1323 552 1376 Classici,
579 1339 684 1383 qace
710 1321 939 1366 habuisset
966 1332 1073 1364 ante
1088 1323 1373 1382 provinciam
1388 1352 1400 1372 ,
1430 1316 1594 1377 placuit

185 1396 353 1438 senatui
374 1411 404 1438 a
422 1396 606 1455 reliquis
621 1399 848 1456 separari,
869 1395 950 1438 illa
954 1395 1106 1452 filice,
1130 1394 1227 1437 lzcec
1244 1393 1451 1454 spolians
1467 1390 1596 1433 reliti-

184 1472 303 1527 qui:
331 1468 528 1511 additum
555 1479 640 1524 est,
670 1479 717 1512 zet
730 1472 966 1530 pecunia),
996 1484 1111 1528 quas
1142 1465 1434 1510 creditoribus
1455 1465 1596 1507 solve-

184 1552 282 1595 rat,
310 1553 635 1586 revocarentur.
660 1543 882 1602 Hispanus
908 1551 950 1584 et
978 1541 1147 1584 Probus
1171 1541 1215 1582 in
1240 1538 1595 1600 quinquennium

186 1613 393 1675 relegati:
426 1614 534 1658 adeo
557 1632 687 1676 grave
710 1615 851 1658 visum
879 1624 965 1668 est,
988 1614 1108 1674 quod
1135 1614 1261 1656 initio
1290 1611 1596 1664 dubitabatur,

122 1695 161 1727 18
187 1703 243 1730 an
272 1688 457 1731 omnino
488 1689 655 1731 crimen
681 1685 810 1731 esset!
841 1689 943 1731 Post
969 1703 1133 1748 paucos
1159 1686 1251 1729 dies
1276 1684 1475 1729 Clavium
1504 1686 1596 1727 Fu-

187 1776 307 1804 scum
328 1794 338 1815 ,
359 1760 539 1804 Classici

233 1902 277 1906 ——
297 1885 334 1913 Io
360 1884 408 1919 io,
431 1883 509 1913 liber
527 1883 574 1912 ad
599 1891 628 1912 te
649 1882 757 1913 venio.
778 1881 858 1912 AEre

187 1934 320 1973 alieno,
341 1933 436 1980 quod
458 1946 497 1966 ex
520 1933 635 1978 praeda
660 1932 858 1979 provincia-

188 1986 271 2018 lium
291 1987 389 2019 facile
408 1985 607 2019 dissolvam.
630 1989 668 2017 Io
689 1987 719 2017 io
735 1984 858 2016 trium-

187 2038 295 2083 phum
310 2038 407 2084 quasi
421 2051 438 2071 e
454 2038 634 2084 provincia
650 2037 857 2082 reportantis

187 2104 250 2123 vox
268 2099 331 2124 est.
348 2092 393 2124 G.

239 2148 292 2183 14.
310 2145 413 2174 Sudor
431 2155 501 2175 non
528 2142 641 2174 omnis
661 2142 781 2182 labor,
799 2141 859 2176 sed

189 2209 307 2229 eorum
325 2196 473 2228 maxime
487 2220 495 2234 ‚
512 2195 572 2240 qui
587 2220 596 2235 ,
615 2195 795 2241 quomodo
811 2196 860 2229 ef-

188 2250 307 2283 ficiant
324 2273 332 2288 ‚
362 2247 457 2293 quod
483 2247 628 2287 volunt,
655 2261 726 2280 non
759 2248 860 2281 facile

186 2301 377 2347 reperiunt.
404 2300 469 2332 El).
491 2320 536 2324 ——
562 2303 655 2331 Circa
678 2303 859 2343 Hispanum

189 2364 222 2386 et
240 2357 390 2385 Probum.
416 2354 514 2385 Rom.
535 2355 654 2384 Contra
679 2355 860 2395 Hispanum

189 2417 219 2438 et
237 2409 388 2438 Probum.
404 2405 448 2437 H.
464 2425 508 2430 ——
521 2402 712 2438 Glossema.
732 2405 859 2438 Passim

190 2459 241 2490 hae
276 2457 533 2504 praepositiones
561 2470 578 2489 a
602 2457 751 2490 librariis
778 2471 858 2491 con—

190 2511 397 2543 funduntur.
419 2509 503 2542 Vid.
524 2509 698 2542 Drakenb.
721 2509 764 2542 ad
783 2510 857 2542 Liv.

192 2563 376 2602 XXXVII,
404 2563 442 2596 15
456 2587 464 2601 ‚
487 2573 519 2605 7.
543 2561 577 2593 S.
596 2581 640 2585 —
660 2565 857 2603 Ingrederel·.

190 2627 350 2647 accusare
372 2615 571 2659 inciperem.
596 2613 660 2645 En.

238 2670 380 2707 —Quod
389 2669 450 2698 m'si
459 2668 641 2709 effecissent.
654 2667 751 2698 Rom.
768 2669 863 2706 Quod

194 2721 426 2761 nisisi’cisseui,
451 2720 549 2751 bene.
571 2717 613 2750 Π.
635 2739 678 2743 -—-
700 2720 859 2750 Jliniscrm

565 1777 799 1821 generum,
821 1770 864 1803 et
886 1759 1140 1804 Stillonium
1166 1760 1364 1803 Priscum
1381 1792 1392 1811 ,
1417 1757 1493 1818 qui
1522 1757 1598 1800 tri-

918 1882 1118 1922 probassem.
1135 1879 1373 1911 Ministrorum
1390 1877 1533 1910 crimina
1551 1877 1599 1909 in-

923 1944 1057 1977 gressus
1070 1943 1192 1965 essem.
1209 1930 1288 1963 Vid.
1310 1930 1355 1963 ad
1376 1942 1430 1963 12.
1445 1931 1479 1964 S.

974 1987 1026 2017 16.
1062 1988 1198 2016 Tantum
1218 1985 1473 2026 perturbationis
1486 2007 1494 2020 ‚
1529 1989 1596 2014 etc.

923 2038 1021 2069 Rom.
1035 2034 1171 2068 Tantum
1172 2036 1426 2079 perturbationis
1438 2035 1577 2078 officsum
1586 2059 1595 2071 ‚

923 2099 1079 2132 quantum
1091 2097 1357 2131 quumpra’cepca
1367 2097 1399 2118 et
1407 2096 1537 2118 extorta
1546 2099 1599 2118 ar-

920 2151 1074 2184 gumenta
1092 2142 1270 2184 defensioni
1285 2152 1352 2171 suae
1368 2148 1519 2171 cerneret.
1538 2139 1599 2171 Re-

925 2202 979 2227 cte
1008 2203 1166 2236 quantum.
1190 2199 1267 2237 post
1294 2201 1418 2223 tantum
1430 2217 1438 2229 ‚
1472 2190 1536 2223 etsi
1561 2189 1597 2223 id

924 2245 1035 2279 rarius
1063 2245 1167 2277 etiam
1195 2258 1293 2287 quam
1321 2243 1486 2289 sequitur.
1507 2241 1598 2276 Vide

925 2299 1114 2330 Burmann.
1134 2295 1179 2329 ad
1199 2296 1346 2337 Quintil.
1369 2308 1424 2341 ep.
1446 2294 1490 2328 ad
1507 2295 1597 2341 Try-

925 2351 1032 2395 phon.
1050 2361 1128 2394 pag.
1147 2363 1163 2382 2
1177 2373 1185 2388 ‚
1198 2349 1333 2393 Dialog.
1346 2347 1390 2380 de
1403 2347 1596 2380 oratoribus

926 2404 966 2436 C.
982 2403 1034 2434 VI
1045 2427 1053 2441 ,
1071 2410 1103 2439 4.
1119 2401 1342 2434 Lactantium
1355 2401 1424 2432 VII
1438 2424 1447 2439 ‚
1471 2408 1511 2438 24
1524 2425 1533 2439 ,
1559 2412 1594 2443 7,

926 2456 986 2487 ubi
999 2463 1115 2487 tamen
1130 2454 1163 2486 in
1177 2453 1297 2487 codice
1309 2453 1416 2486 Goth.
1432 2459 1481 2485 est
1495 2465 1596 2495 quan-

927 2519 971 2540 to.
995 2508 1038 2540 H.
1065 2505 1309 2539 -Add.VV.
1340 2506 1415 2537 DD.
1440 2503 1486 2537 acl
1516 2504 1593 2537 Liv.

928 2560 1063 2599 XXVI,
1089 2571 1118 2598 1,
1139 2559 1170 2591 3.
1190 2559 1223 2591 S.

978 2613 1030 2644 18.
1054 2616 1131 2643 Posc
1146 2624 1269 2653 paucos
1294 2612 1380 2647 dies,
1409 2616 1473 2641 etc.
1494 2610 1593 2641 Rom.

931 2670 1133 2707 l'ostpaucos
1144 2665 1209 2694 dies
1221 2665 1305 2694 Clcw.
1318 2665 1451 2693 Fuscum.
1466 2662 1596 2694 Classici

925 2730 1073 2758 generum
1099 2726 1128 2747 v!
1149 2716 1327 2747 Clzilom'um
1344 2716 1496 2746 Priscum.
1515 2713 1558 2745 Η.
