1742 2989
590 213 639 255 C.
678 209 906 255 PLINII
939 210 1068 253 LIB.
1105 209 1171 252 ΙΙ.

789 495 974 551 XIII.

529 649 741 687 Voconium
761 650 976 685 Romanum
995 643 1243 682 commendat.

492 790 528 819 C.
578 786 808 817 PLINIUS
852 784 1057 814 P'RISCO
1101 782 1205 812 SUO
1252 781 1286 810 S.

244 917 310 958 ET
337 923 386 957 tu
411 912 659 957 occasiones
678 906 901 969 obligandi
925 922 994 949 me
1020 903 1265 948 avidissime
1291 899 1589 962 amplecteris,

139 1001 155 1020 2
182 998 225 1032 et
255 1004 336 1048 ego
361 985 527 1029 nemini
552 983 759 1028 libentius
785 981 936 1024 debeo.
961 979 1146 1023 Duabus
1172 993 1276 1038 ergo
1302 975 1355 1019 de
1381 975 1542 1019 caussis
1563 989 1588 1016 a

181 1070 223 1104 te
247 1059 522 1121 potissimum
537 1066 684 1118 petere
704 1053 936 1109 constitui,
962 1051 1082 1112 quod
1102 1052 1385 1111 impetratum
1400 1048 1589 1091 maxime

180 1134 326 1194 cupio.
349 1132 482 1193 Regis
502 1129 742 1174 exercitum
763 1125 1101 1187 amplissimum3
1123 1123 1228 1167 hinc
1254 1122 1334 1166 tibi
1359 1120 1591 1165 beneficio-

181 1223 280 1250 rum
306 1205 427 1266 larga
455 1202 662 1257 materia,
686 1200 868 1261 longum
888 1207 1098 1259 praeterea
1128 1206 1302 1256 tempus
1318 1231 1329 1251 ‚
1359 1211 1446 1256 quo
1477 1193 1590 1237 ami-

137 1290 156 1322 3
180 1296 253 1323 cos
278 1288 375 1322 tuos
397 1292 608 1321 exornare
627 1273 820 1335 potuisti.
838 1274 1103 1317 Convertere
1124 1269 1179 1313 ad
1198 1279 1392 1323 nostros,
1410 1283 1490 1311 nec
1510 1267 1591 1310 hos

179 1351 354 1395 multos.
389 1349 543 1394 Malles
572 1358 621 1392 tu
658 1346 835 1408 quidem
867 1344 1049 1398 multos,
1080 1343 1155 1387 sed
1187 1359 1294 1387 meae
1320 1339 1591 1386 verecundiae

180 1424 343 1468 sufficit
371 1440 487 1466 unus
519 1430 594 1465 aut
624 1419 755 1474 alter,
780 1435 830 1463 ac
857 1418 1003 1479 potius
1032 1430 1172 1462 unus:
1199 1416 1233 1460 is
1264 1416 1348 1460 erit
1364 1414 1591 1459 Voconius

139 1506 158 1541 4
182 1500 421 1542 Romanus.
452 1498 583 1539 Pater
608 1495 647 1538 ei
683 1494 727 1536 in
759 1492 948 1553 equestri
980 1489 1119 1552 gradu
1145 1489 1312 1544 clarus,
1341 1488 1500 1532 clarior
1524 1487 1591 1530 vi-

185 1572 344 1624 tricus,
380 1571 468 1613 imo
494 1578 619 1629 pater
643 1566 751 1610 alius
775 1583 783 1609 :
814 1582 918 1608 nam
948 1564 1052 1607 huic
1090 1578 1266 1624 quoque
1300 1560 1470 1604 nomini
1495 1559 1592 1620 pie-

183 1654 270 1688 tate
303 1643 508 1688 successit
530 1650 697 1686 :mater
728 1656 751 1683 e
782 1639 934 1700 primis
969 1637 1183 1681 citerioris
1210 1634 1445 1695 Hispaniae.
1476 1632 1594 1685 Scis,

182 1718 302 1780 quod
323 1717 539 1778 judicium
566 1714 800 1776 provinciae
825 1711 962 1768 illius,
994 1720 1159 1771 quanta
1186 1709 1240 1753 sit
1264 1707 1467 1768 gravitas.
1492 1703 1593 1747 Fla-

138 1800 157 1834 5
182 1809 284 1836 men
311 1791 509 1852 proxime
539 1789 637 1832 fuit.
672 1791 803 1831 Hunc
829 1802 933 1846 ego,
965 1800 1101 1845 quum
1135 1780 1263 1826 simul
1294 1778 1592 1831 studeremus,

183 1874 301 1909 arcte
332 1862 692 1921 familiariterque
727 1858 857 1902 dilexi
886 1875 895 1902 :

241 1998 341 2030 XIII.
372 1995 544 2040 Inscripta
573 1995 672 2026 Rom.
707 1993 851 2024 Cornelio

184 2052 292 2081 Prisco
306 2075 315 2088 ,
338 2061 435 2081 secus
453 2073 461 2088 ‚
483 2060 589 2092 quam
608 2044 853 2090 interpretibus

184 2102 300 2136 adhuc
315 2102 440 2134 visum.
452 2099 543 2133 Vide
556 2100 617 2131 lib.
629 2099 676 2138 V,
693 2097 779 2142 epist
798 2109 853 2135 20,

185 2166 218 2199 7.
234 2154 278 2187 H,
297 2175 343 2178 —
366 2154 491 2185 Putant
517 2154 660 2183 Priscum
686 2150 856 2181 Neratium

184 2209 372 2238 ,Marcellum
388 2205 491 2237 fuisse
505 2229 513 2243 ‚
532 2217 552 2236 a
566 2217 635 2248 quo
650 2209 765 2235 noster
775 2202 857 2235 Sue-

183 2259 278 2292 tonio
290 2259 521 2291 Tribunatum
539 2256 801 2301 impetraverat,
825 2261 858 2286 et

184 2324 288 2357 quem
330 2310 431 2343 unice
471 2308 637 2353 diligebat
669 2308 854 2353 Trajanus.

184 2364 296 2397 Etiam
325 2363 359 2396 in
384 2361 566 2395 pandectis
591 2360 752 2393 Neratius
782 2360 857 2392 Pri-

185 2429 262 2449 scus
277 2441 286 2456 ‚
317 2415 404 2461 juris
441 2413 713 2447 consultissimus
727 2437 736 2453 ‚
769 2425 856 2458 saepe

184 2468 359 2502 laudatur.
378 2468 443 2499 ΕΙ).

238 2522 270 2554 3.
295 2523 422 2553 Malles.
450 2520 533 2564 Leg.
561 2526 644 2563 puto
669 2520 769 2549 malis.
789 2517 833 2549 H.

233 2578 266 2613 4.
284 2574 455 2605 Citerioris.
476 2572 535 2604 Est
552 2568 716 2615 Hispania
733 2570 856 2602 Tarra-

187 2625 342 2659 conensis
353 2650 362 2665 ‚
378 2637 486 2670 quum
501 2625 631 2656 ulterior
643 2621 803 2654 Baeticam
825 2629 857 2654 et

189 2678 399 2713 Lusitaniam
415 2677 711 2722 complecteretur.
730 2673 795 2706 Ed.

236 2732 439 2762 „dladicium
448 2730 632 2773 provinciam
643 2728 756 2768 Quam
767 2735 856 2760 recte

925 1856 995 1901 ille
1035 1872 1157 1900 meus
1188 1849 1236 1898 'in
1270 1854 1401 1908 urbe,
1441 1851 1513 1895 ille
1546 1851 1592 1893 in

919 1997 952 2023 et
978 1989 1162 2022 salubriter
1185 1987 1228 2021 de
1249 1987 1430 2019 honestate
1447 2009 1456 2025 ‚
1483 1982 1591 2016 felici-

919 2049 989 2075 tate
1003 2068 1011 2083 ‚
1027 2041 1143 2074 officio
1157 2066 1165 2083 ,
1178 2040 1335 2087 judicent
1351 2037 1442 2070 illius
1455 2035 1592 2082 provin-

921 2095 980 2127 ciae
996 2094 1167 2127 homines.
1189 2093 1233 2126 G.

966 2168 1011 2172 —-
1021 2150 1151 2179 Flamen
1169 2147 1319 2189 proxime
1329 2145 1408 2188 sicit.
1424 2142 1479 2177 Sic
1492 2143 1591 2174 Rom.

921 2200 1048 2233 omisso
1063 2225 1071 2239 ‚
1087 2197 1181 2244 quod
1196 2198 1300 2243 vulgo
1317 2194 1479 2242 praecedit
1491 2220 1499 2235 ,
1514 2197 1590 2237 ipse.

922 2253 964 2286 Id
981 2253 1016 2284 in
1031 2253 1128 2283 Rom.
1145 2250 1189 2283 ad
1205 2260 1338 2282 manem
1353 2248 1526 2294 adjectum
1544 2253 1593 2280 est

923 2306 967 2338 ita
983 2316 990 2337 ε
1004 2308 1111 2336 Macer
1130 2316 1146 2334 e
1157 2305 1270 2346 primis
1285 2304 1354 2345 ipsa
1367 2303 1519 2333 citerioris
1535 2303 1566 2331 H
1568 2301 1592 2331 ι’-

923 2360 1056 2401 spanioe.
1077 2357 1184 2389 Paulo
1208 2363 1287 2388 ante
1309 2355 1454 2388 alterum
1477 2355 1536 2385 scis
1557 2351 1591 2383 in

923 2412 1021 2444 Rom.
1042 2409 1136 2442 deest
1150 2434 1158 2449 ‚
1178 2409 1236 2441 ubi
1256 2407 1424 2452 scriptum
1440 2430 1449 2446 ,
1460 2406 1593 2448 provin-

922 2466 980 2495 cioe
1007 2465 1089 2494 illius
1100 2488 1110 2501 ‚
1141 2471 1264 2505 quanta
1285 2461 1439 2503 gravitas.
1469 2457 1514 2489 H.
1547 2476 1593 2480 —

922 2516 1039 2561 Vulgo
1053 2526 1060 2547 :
1076 2517 1152 2552 scis,
1170 2522 1293 2556 quanta
1308 2513 1348 2543 sit
1356 2512 1510 2553 gravitas.
1526 2507 1591 2542 Sed

922 2568 1043 2614 optimi
1062 2566 1141 2599 libri
1161 2565 1305 2599 alterum
1330 2562 1397 2605 hoc
1415 2564 1474 2594 scis
1493 2561 1590 2606 igno-

922 2628 1014 2654 rant.
1035 2620 1069 2654 S.

969 2674 1001 2707 5.
1030 2674 1162 2704 Studes-e
1177 2697 1184 2706 ,
1211 2668 1310 2702 Plinii
1340 2675 1438 2701 aetate
1455 2692 1464 2707 ,
1499 2664 1589 2699 idem

923 2725 1015 2772 quod
1030 2724 1150 2757 litteris
1165 2721 1313 2756 studere.
1333 2721 1397 2753 En.
