1742 2989
179 202 233 255 34
659 207 705 246 t).
744 205 966 249 PLINII
1002 208 1129 250 LIB.
1166 210 1198 249 l.

126 302 150 331 6
177 295 368 330 suentem
392 288 558 331 viribus
585 288 720 330 animi
747 289 1003 333 sustinebat.
1023 292 1175 346 Quum
1199 290 1375 350 quidem
1399 292 1583 336 incredi—

175 360 280 404 biles
309 361 527 405 cruciatus
556 371 597 404 et
628 361 929 421 indignissima
959 371 1179 406 tormenta
1207 373 1432 423 pateretur
1467 364 1578 425 (jam

173 435 290 477 enim
323 434 448 478 dolor
483 451 572 478 non
606 434 790 495 pedibus
825 434 948 491 solis,
976 445 1024 479 ut
1055 437 1198 496 prius,
1232 437 1475 494 insidebat,
1504 438 1578 482 sed

172 510 319 553 omnia
356 509 552 552 membra
589 508 958 569 pervagabatur),
984 510 1083 553 veni
1114 510 1168 553 ad
1199 528 1299 553 eum
1334 512 1578 555 Domitiani

126 594 145 626 7
173 583 471 643 temporibus,
507 583 550 625 iu
595 582 852 625 suburbano
883 583 1116 642 jacentem.
1156 584 1277 626 Servi
1315 600 1338 626 e
1377 584 1578 628 cubiculo

171 666 440 700 recesserunt
470 675 478 700 :
510 656 701 700 habebat
731 657 848 699 enim
877 656 960 701 hoc
986 658 1141 712 inori53
1171 657 1343 717 quoties
1375 657 1579 701 intrasset

170 729 339 774 fidelior
363 732 546 775 amicus.
577 731 698 786 Quin
726 730 857 773 etiam
889 746 1022 783 uxor⁷
1047 746 1314 791 quamquain
1341 730 1483 773 omnis
1509 747 1576 774 se-

123 822 140 848 s
168 806 275 847 creti
301 805 610 866 capacissima,
637 804 976 865 digrediebatur.
1003 803 1289 848 Circumtulit
1312 803 1486 857 oculos,
1511 813 1575 855 et,

169 880 279 932 Cur,
310 879 479 939 inquit,
503 895 571 922 me
583 889 727 939 putas
752 878 834 921 hos
860 889 1011 922 tantos
1038 877 1215 920 dolores
1241 876 1412 921 tamdia
1440 880 1573 920 susti-

165 952 302 993 nere?
331 963 381 995 ut
404 953 574 995 scilicet
593 955 670 995 isti
689 952 878 1005 latroni,
901 951 978 995 vel
1001 967 1090 994 cmo
1116 950 1208 1004 die,
1236 954 1465 1012 supersim.
1488 951 1575 993 De.-

163 1023 296 1067 disses
339 1024 442 1068 huic
482 1025 630 1068 animo
667 1040 749 1085 par
785 1040 971 1084 corpus;
1011 1023 1182 1067 fecisset
1223 1023 1342 1084 quod
1379 1023 1573 1084 optabat.

162 1096 315 1140 Adfuit
340 1107 486 1140 talnen
513 1097 619 1140 deus
640 1107 767 1153 voto⁷
788 1099 913 1156 cujus
940 1096 1009 1140 ille
1036 1113 1214 1157 compos
1231 1133 1242 1152 ‚
1268 1107 1317 1140 ut
1334 1097 1426 1157 jam
1455 1113 1575 1141 secu-

161 1187 233 1212 rus
272 1169 469 1231 liberque
505 1170 747 1213 moriturus
769 1205 780 1225 ‚
821 1169 958 1212 inulta
1002 1169 1072 1213 illa
1105 1170 1226 1225 vitae,
1261 1169 1335 1213 sed
1372 1170 1573 1225 minora,

111 1263 131 1293 ς)
159 1244 401 1287 retinacula
429 1244 618 1304 abrupit.
644 1246 898 1288 Increverat
918 1243 1144 1299 valetudo,
1168 1260 1300 1304 quam
1328 1252 1574 1305 temperan-

158 1317 217 1359 tia
254 1317 458 1377 mitigare
501 1316 720 1373 tentavit3
760 1327 1114 1377 perseverantem
1161 1318 1408 1361 constantia
1447 1317 1572 1378 fugit.

201 1467 232 1496 6.
244 1467 318 1495 Non
326 1465 460 1506 pedibus
474 1465 560 1500 solis,
576 1465 719 1505 atprins.
729 1463 827 1494 Rom.

152 1529 216 1547 non
234 1518 368 1559 pedibus
388 1518 488 1547 solum
503 1541 509 1549 .
536 1525 571 1546 uc
584 1517 685 1557 prius.
712 1514 756 1547 H.
784 1535 827 1538 —<

151 1569 278 1601 Similis
293 1576 326 1601 et
344 1567 624 1613 frequentissima
642 1567 677 1599 in
693 1567 828 1599 Graeco-

152 1635 229 1655 rum
249 1622 343 1655 libris
362 1622 521 1658 confusio
535 1633 661 1654 vocum
681 1623 773 1667 μόνος
795 1628 827 1653 et

151 1678 258 1721 μόνον.
282 1675 315 1708 S.

200 1741 229 1768 7.
243 1731 393 1760 Habebat
411 1730 493 1759 enim
512 1729 572 1758 lzoc
589 1728 696 1758 moris.
718 1729 824 1757 lIabe-

151 1783 229 1812 bant
248 1783 330 1812 enim
347 1783 406 1812 hoc
422 1782 519 1812 moris
532 1781 633 1812 Rom.
651 1786 683 1810 et
697 1779 823 1811 Venet.

148 1845 400 1866 cxoccccuxxv
415 1858 424 1872 ‚
444 1845 515 1865 non
544 1833 684 1863 habebat
698 1856 706 1868 ,
729 1829 824 1875 quod

149 1885 258 1918 Aldus
283 1885 408 1918 maluit
422 1910 430 1924 ,
454 1896 558 1930 quem
583 1896 655 1917 non
684 1895 822 1928 sequor.

151 1939 198 1970 De
211 1939 315 1972 servis
330 1939 484 1983 loquitur
498 1945 619 1982 sponte
631 1935 824 1981 digredien-

148 1991 251 2024 tibus.
263 1992 307 2024 H.
322 2012 368 2017 —-
382 1990 449 2025 Sed
464 1990 574 2023 malui
592 1991 742 2021 habebat.
756 1989 821 2021 En.

196 2047 225 2076 8.
233 2046 431 2076 Circumtulit
443 2046 564 2075 oeulos.
573 2042 621 2074 Ut
632 2041 764 2075 videret
775 2042 824 2073 ni-

148 2096 275 2129 mirum
291 2121 299 2137 ‚
316 2108 482 2130 omnesne
496 2094 621 2128 remoti
636 2093 755 2126 arbitri
775 2107 823 2126 es-

147 2158 221 2182 sent
235 2175 243 2190 ,
257 2162 301 2183 ne
315 2149 392 2195 quis
403 2150 515 2194 legere
531 2159 726 2181 sermonem
741 2158 822 2179 cum

146 2202 301 2247 periculo
319 2202 465 2235 dicentis
486 2200 727 2245 audientisque
742 2212 822 2244 pos-

149 2262 211 2288 sut,
226 2255 270 2288 G.
289 2276 334 2280 —
351 2257 411 2287 Isti
430 2255 562 2286 latroni.
582 2252 647 2285 Hic
663 2252 739 2296 quis
758 2251 818 2291 sit,

146 2320 189 2341 ne
208 2308 426 2353 ignoraretur
440 2331 448 2347 ,
471 2317 578 2351 supra
602 2304 733 2337 dixerat
753 2303 820 2335 Pli-

146 2362 249 2402 nius,
272 2373 306 2394 se
335 2359 380 2393 ad
412 2358 603 2392 Corellium
630 2356 819 2390 Domitiani

144 2414 358 2459 temporibus
382 2411 527 2445 venisse.
550 2408 685 2442 Callicle
711 2421 817 2448 vero,

145 2475 179 2498 et
196 2475 341 2500 venuste
355 2466 361 2498 !
383 2466 424 2498 E.
444 2485 489 2489 ψ-
502 2463 569 2496 Vel
583 2462 664 2495 hinc
678 2461 790 2494 discas
807 2486 816 2501 ,

145 2519 248 2562 quale
258 2519 361 2552 fuerit
374 2515 758 2551 contumeliosissimum
771 2523 817 2547 at-

145 2585 212 2617 que
235 2572 498 2606 acerbissimum
521 2567 817 2602 adclamationum

145 2638 252 2668 genus
270 2652 278 2666 ,
311 2638 381 2671 quo
410 2631 549 2658 senatus
579 2620 817 2654 Domitianum

147 2686 319 2711 mortuum
341 2677 504 2710 laceravit
520 2701 528 2715 ,
549 2683 632 2707 teste
652 2673 816 2706 Suetonio

144 2730 331 2762 Domitian.
348 2741 377 2761 (“.
395 2730 456 2761 ull.
474 2730 507 2761 S.
524 2750 535 2752 -
549 2749 567 2751 ν-
586 2728 728 2757 Dedisses
744 2727 816 2755 sinii:

897 1464 1018 1494 animo.
1035 1462 1208 1495 „Iudicium
1223 1462 1323 1495 Plinii
1339 1462 1382 1496 de
1396 1463 1547 1496 Corellio
1561 1476 1567 1495 :

896 1528 959 1559 pro
984 1519 1012 1547 si
1036 1518 1186 1548 dedisses.
1214 1515 1410 1549 Illustravit
1435 1516 1569 1562 ellipsin

894 1570 984 1600 lianc
999 1569 1162 1613 exemplis
1178 1569 1317 1601 Cortius
1332 1568 1375 1601 ad
1392 1569 1472 1602 Sall.
1488 1569 1568 1614 Jug.

893 1622 1022 1662 LXIV,
1033 1623 1049 1655 5
1058 1648 1064 1654 .
1075 1621 1118 1653 G.
1128 1642 1173 1646 »-
1182 1624 1316 1654 Fecisset*
1326 1624 1567 1664 quodoptabat.

894 1675 1160 1707 Interfecturuin
1180 1674 1285 1707 fuisse
1308 1675 1480 1720 αὐτόχειρα
1499 1674 1568 1706 Do-

893 1727 1077 1760 mitianum
1089 1753 1097 1767 ‚
1117 1726 1214 1760 haud
1234 1727 1380 1759 obscure
1396 1725 1563 1758 innuitur.

892 1780 1054 1813 Ceterum
1066 1779 1172 1813 verba
1189 1791 1196 1811 :
1210 1781 1355 1811 Dedisses
1364 1802 1371 1808 .
1384 1804 1391 1810 .
1403 1802 1409 1809 .
1419 1781 1564 1821 optabat,

891 1832 926 1865 in
959 1832 1111 1865 editione
1142 1831 1252 1865 Cortii
1283 1830 1394 1863 verbis
1426 1830 1565 1864 Corellii

891 1886 1151 1918 continuantur.
1173 1883 1297 1917 Melius
1316 1883 1501 1916 GesneruS.
1528 1883 1562 1916 S.

890 1958 935 1962 ——
946 1940 1064 1981 Adsidc
1077 1947 1182 1969 tamen
1198 1939 1274 1968 cleas
1287 1946 1377 1968 moto.
1389 1935 1565 1980 Superfuit

890 1990 1060 2023 Corellius
1080 1989 1280 2022 Domitiano
1295 2014 1303 2028 ‚
1324 1996 1356 2021 et
1380 2000 1493 2033 usque
1519 1988 1563 2022 ad

888 2042 1034 2089 Trajani
1048 2051 1204 2087 tempora
1215 2041 1337 2074 vixisse
1347 2039 1495 2073 videtur.
1507 2041 1562 2074 Cf.

888 2095 952 2140 Ep.
970 2096 1035 2136 IV,
1061 2108 1120 2139 17,
1142 2098 1174 2127 8.
1195 2114 1241 2118 --
1265 2093 1351 2134 Quae
1370 2100 1563 2138 sequuntur

888 2150 966 2180 victe
991 2150 1191 2185 retinacula,
1217 2145 1339 2178 eadem
1364 2153 1466 2186 sunt,
1487 2158 1562 2191 quae

889 2212 994 2245 supra
1005 2202 1115 2243 pretia
1130 2200 1262 2231 vivendi
1277 2197 1421 2231 dixerat.
1449 2198 1489 2231 E.
1516 2218 1561 2222 »—

888 2255 1031 2285 Minora.
1049 2251 1148 2284 Talia
1163 2250 1372 2283 videbantur
1389 2249 1538 2283 Corellio
1549 2274 1557 2287 ‚

887 2304 943 2337 cui
970 2303 1169 2350 reipublicae
1192 2303 1285 2335 salus
1307 2302 1468 2336 omnibus
1490 2300 1558 2333 suis

887 2357 999 2389 carior
1025 2363 1111 2388 esset
1127 2380 1135 2394 ,
1164 2363 1202 2387 ut
1226 2353 1358 2386 Plinius
1383 2352 1473 2385 infra
1501 2365 1555 2386 11.

885 2409 977 2442 Male
1003 2409 1208 2447 Catanaeus,
1235 2418 1385 2451 eumque
1410 2417 1556 2452 sequens

886 2461 1090 2495 novissimus
1107 2459 1232 2493 editor.
1252 2460 1286 2493 S.

931 2528 963 2555 9.
976 2519 1230 2546 perseverantem
1254 2513 1437 2544 constantia
1451 2513 1553 2556 ficgit.

884 2567 1053 2600 Corellius
1070 2566 1231 2598 morbum
1247 2589 1255 2603 ‚
1275 2564 1335 2609 qui
1354 2563 1501 2608 mitigari
1521 2577 1555 2596 se

882 2632 953 2653 non
973 2631 1093 2664 passus
1108 2626 1194 2651 esset
1208 2642 1217 2657 ,
1235 2617 1395 2648 morbum
1411 2616 1552 2662 inquam

884 2680 916 2704 et
940 2672 1044 2704 vitam
1067 2670 1174 2709 adeo,
1195 2669 1388 2702 constantia
1408 2681 1469 2701 sua
1486 2693 1495 2708 ‚
1518 2668 1550 2700 id

884 2732 931 2755 est
950 2750 958 2762 ‚
992 2724 1165 2757 constanti
1196 2730 1226 2755 et
1252 2720 1455 2755 immutabili
1482 2733 1552 2752 mo-
