1742 2989
605 196 638 235 E
655 196 899 238 i‘ISTOL
916 198 942 238 Α
984 199 1063 239 iv.
1442 200 1528 261 397

132 276 1406 336 naussss‚luecmuSffln.legebanun-n1Issuuennn01nssfi
1434 281 1531 324 hbn

133 351 272 394 Asinii
284 349 398 395 Galli
412 349 465 393 de
476 350 804 409 comparatione
815 350 949 411 patris
965 359 1007 393 et
1019 350 1242 394 Ciceronis
1256 368 1265 393 z
1279 352 1428 396 incid-it
1439 356 1533 414 epi-

134 439 329 484 gramma
346 423 571 467 Ciceronis
592 422 636 465 in
654 423 861 466 Tironem
879 439 1018 466 suum.
1039 423 1176 477 Dein,
1202 440 1337 484 quum
1356 425 1534 468 meridie

134 497 255 557 (erat
282 497 398 539 enim
432 495 580 556 aestas)
610 496 881 539 dormiturus
908 512 977 539 me
1001 497 1276 556 recepissem,
1302 514 1382 541 nec
1404 498 1534 541 obre-

133 578 258 628 peret
272 584 449 611 somnus
460 603 470 620 ,
497 569 606 627 coepi
623 579 826 628 reputare
837 603 847 620 ,
873 569 1083 612 maximos
1097 579 1291 613 oratores
1306 571 1389 614 hoc
1402 572 1532 614 studii

134 657 269 701 genus
282 676 293 694 ,
316 651 359 684 et
377 642 420 683 in
435 640 798 685 oblectationibus
818 641 1043 694 habuisse,
1063 652 1107 685 et
1121 643 1164 685 in
1182 642 1307 686 laude
1325 645 1531 704 posuisse.

131 713 306 757 Intendi
321 713 535 767 animum,
550 723 789 774 contraque
804 715 1058 774 opinionem
1074 732 1234 770 meam,
1249 726 1347 776 post
1360 716 1534 778 longam

133 785 464 829 desuetudinem
478 820 488 839 ,
535 803 748 847 perquam
792 788 948 830 exiouo
988 790 1196 848 temporis
1236 800 1459 833 momento
1494 792 1533 833 i‹l

863 822 886 847 z>

135 859 298 919 ipsum,
318 858 437 919 quod
457 875 526 902 me
546 859 598 902 ad
621 859 899 903 scribendum
919 859 1244 917 sollicitaverat,
1262 862 1327 905 his
1344 865 1536 907 versibus

133 933 329 975 exaravi:

239 1042 367 1085 Quum
387 1038 505 1074 libros
525 1038 624 1075 Galli
643 1038 827 1087 legerem,
849 1039 986 1088 quibus
1006 1040 1069 1075 ille
1090 1041 1237 1089 parenti

237 1107 363 1139 Ausus
383 1102 431 1138 de
451 1103 634 1139 Cicerone
655 1102 745 1138 dare
767 1111 821 1138 cst
841 1105 1082 1153 palmamque
1103 1104 1315 1153 decusque,

238 1166 437 1202 Lascivum
458 1166 586 1203 inveni
605 1167 729 1202 lusum
750 1167 964 1212 Ciceronis,
987 1176 1023 1203 et
1044 1168 1109 1203 illo

239 1229 494 1279 Spectandum
514 1230 664 1279 ingenio
677 1259 687 1276 ,
707 1243 783 1279 quo
806 1231 903 1266 scria
926 1231 1115 1276 condidit,
1137 1239 1173 1266 et
1193 1244 1269 1280 qno

238 1293 422 1330 Humanis
444 1293 584 1330 salibus
598 1322 607 1338 ,
626 1294 745 1330 multo
764 1294 949 1343 varioque
969 1294 1100 1343 lepore

239 1361 466 1406 Magnorum
483 1357 648 1393 ostendit
666 1365 808 1393 mentes
828 1357 993 1407 gaudere
1012 1357 1193 1394 virorum.

238 1425 335 1457 Nam
355 1421 546 1470 queritur,
569 1421 672 1469 quod
695 1420 827 1457 fraude
846 1421 943 1457 mala
964 1421 1164 1457 frustratus
1181 1430 1366 1458 amantem

239 1485 405 1520 Paucula
425 1492 572 1520 coenato
591 1483 663 1519 sibi
683 1482 810 1520 debita
829 1484 960 1520 suavia
977 1484 1068 1521 Tiro

238 1551 429 1597 Tempore
451 1556 639 1583 nocturno
661 1547 920 1584 substraxerit.
946 1548 1012 1584 His
1035 1560 1104 1597 ego
1128 1549 1252 1593 lectis,

136 1647 288 1681 sitiorein
300 1671 309 1686 ‚
334 1645 529 1691 praeferam.
551 1645 585 1678 S.
604 1665 649 1669 -—
665 1647 805 1677 Natalis.

137 1701 254 1745 Turpe
267 1699 422 1744 sphalma
437 1697 571 1730 obsidet
581 1697 734 1741 exempla
744 1697 808 1730 Ge-

138 1751 318 1791 snerianae,
328 1753 497 1782 naturalis.
510 1751 544 1783 S.
554 1769 598 1774 —
609 1753 669 1780 Hae
676 1762 806 1781 caussoe.

140 1805 218 1837 Una
233 1803 337 1836 modo
351 1815 470 1836 caussa
486 1809 710 1840 memoratur,
725 1801 808 1834 reci-

139 1857 223 1889 tatio
238 1856 407 1889 librorum
423 1854 527 1887 Galli.
546 1854 684 1886 Praestat
703 1853 808 1898 igitur

140 1909 245 1943 Cortii
260 1911 328 1941 lzoec
339 1921 454 1940 caussa
467 1918 521 1939 est.
537 1908 701 1940 Nostrum
716 1905 808 1938 unde

140 1969 261 1995 natum
287 1961 345 2000 sit,
367 1960 466 1992 facile
486 1967 641 2005 apparet.
672 1958 809 1991 Etenim

148 2014 295 2048 «vocula
314 2023 360 2045 esc
384 2024 470 2057 saepe
496 2012 596 2045 unica
623 2011 719 2043 litera
739 2024 755 2041 e
775 2010 809 2042 in

141 2066 384 2111 manuscriptis
399 2064 575 2097 brevitatis
589 2075 709 2097 caussa
728 2063 809 2095 scri-

142 2121 264 2152 bitur.-
279 2118 452 2151 Drakenb.
475 2117 517 2150 ad
535 2117 610 2149 Liv.
630 2117 660 2155 I,
678 2129 697 2160 9
728 2118 761 2148 (5.
774 2117 808 2148 S.

190 2177 223 2212 4.
240 2172 289 2204 De
310 2173 422 2203 Asinio
447 2172 592 2203 Pollione
614 2169 683 2202 vid.
708 2167 752 2200 ad
774 2170 810 2207 Ι,

143 2225 242 2270 epist.
260 2237 316 2264 20,
331 2229 351 2264 4
365 2234 373 2262 ;
388 2223 475 2263 etV,
490 2222 587 2267 epist.
604 2223 637 2262 3,
659 2222 690 2255 5.
705 2221 812 2253 Filius

144 2279 219 2323 ejus
239 2277 295 2310 hic
318 2276 455 2308 Asinius
479 2275 621 2313 Gallus,
643 2283 762 2306 orator
781 2281 812 2306 et

146 2331 216 2375 ipse
232 2329 344 2362 clarus
357 2353 364 2368 ,
376 2328 435 2373 qui
449 2340 480 2360 a.
495 2326 578 2360 Chr.
596 2326 652 2368 55,
669 2333 816 2371 egestate

144 2383 213 2417 cibi
226 2389 423 2428 peremptus
438 2388 499 2414 est.
512 2380 675 2412 En.-De
687 2391 817 2421 compa-

145 2438 272 2467 ratione
292 2436 409 2477 μαινίς.
438 2434 518 2474 Quo
544 2432 652 2471 libro,
679 2439 716 2463 ut
739 2444 817 2463 niox

145 2488 332 2527 docemur,
353 2486 504 2531 palmam
528 2483 610 2517 dare
630 2484 718 2529 patri
739 2496 819 2515 con-

148 2549 198 2573 tra
225 2541 428 2573 Ciceronem
451 2549 555 2570 ausus
583 2544 645 2568 est.
671 2535 815 2576 Quintil.

148 2594 234 2633 XII,
254 2605 284 2632 1,
308 2606 360 2625 22.
380 2588 566 2635 Respondit
589 2588 635 2621 illi
656 2588 821 2621 Claudius

150 2647 350 2691 imperator,
361 2643 524 2677 Suetonio
541 2649 623 2674 teste
639 2653 715 2686 cap.
730 2641 820 2673 XLI.

149 2697 286 2731 Rustico
305 2705 423 2729 eontra
446 2694 537 2727 silius
555 2693 621 2727 stili
640 2692 821 2725 Claudiani

873 1645 1039 1690 injuriam
1053 1645 1260 1690 pugionibus
1272 1646 1387 1679 ulcisci
1401 1654 1544 1679 conatus

875 1705 943 1736 est,
964 1697 1059 1742 quod
1084 1706 1202 1730 narrat
1226 1698 1317 1731 idem
1345 1699 1437 1731 Suet.
1464 1711 1541 1743 cap.

873 1749 972 1781 XIII.
1011 1750 1178 1782 Caeterum
1210 1750 1377 1795 objecisse
1408 1750 1544 1783 videtin·

873 1801 988 1833 Tullio
1011 1801 1147 1834 Asinius
1171 1801 1363 1846 impudicos
1389 1802 1424 1834 in
1447 1803 1544 1834 Tiro-

875 1866 954 1886 nem
965 1866 1067 1886 suum
1086 1866 1218 1886 amores
1233 1879 1241 1894 ,
1261 1855 1403 1900 ejusque
1419 1855 1469 1886 rei
1485 1854 1544 1886 de-

874 1906 1045 1942 clarandae
1072 1918 1190 1939 caussa
1210 1907 1422 1951 epigramma
1449 1907 1544 1940 Cice-

874 1958 969 1991 ronis
988 1959 1184 2003 protulisse.
1197 1958 1241 1991 G.

923 2013 955 2043 6.
975 2015 1077 2054 Quum
1098 2014 1191 2043 libros
1214 2014 1310 2043 Galli.
1328 2012 1546 2056 Quacunqw·

876 2063 944 2095 alia
968 2064 1001 2095 in
1026 2076 1063 2095 re
1085 2063 1237 2096 imitatus
1260 2075 1348 2096 esses
1367 2063 1544 2096 Tullium.

876 2115 1045 2149 Secunde.
1057 2115 1123 2149 Sed
1135 2115 1200 2148 hoc
1214 2115 1352 2160 quidem
1365 2115 1546 2148 adsecutus·

878 2180 932 2207 ες,
951 2175 985 2200 nt
1009 2181 1079 2201 non
1104 2169 1217 2200 minus
1241 2168 1330 2201 male
1344 2169 1547 2213 processisse

878 2220 937 2252 tibi
968 2232 1127 2260 carmen,
1154 2221 1323 2260 sciamus,
1351 2233 1454 2265 quain
1488 2228 1547 2252 tuo

879 2273 1078 2318 archetypo.
1100 2273 1232 2305 Verum
1256 2273 1342 2305 bene
1364 2281 1431 2312 est,
1453 2273 1547 2317 quod

884 2338 963 2357 vera
999 2325 1090 2357 illius
1115 2325 1241 2358 decora
1274 2325 1416 2357 feliciter
1448 2337 1549 2357 aenin-

882 2377 971 2409 latns
991 2390 1045 2417 es,
1065 2390 1134 2423 quo
1159 2378 1293 2409 facilins
1311 2377 1370 2408 tibi
1395 2377 1455 2410 lias
1478 2377 1549 2409 ini·-

884 2430 971 2474 ptias
983 2454 991 2468 ,
1004 2429 1067 2461 nisi
1081 2428 1223 2461 modicae
1234 2437 1346 2462 essent
1357 2454 1365 2468 ‚
1379 2428 1549 2462 condonat

884 2482 1077 2527 posteritas.
1092 2483 1135 2514 G.
1146 2502 1191 2506 ——-
1205 2486 1322 2513 Ausus.
1340 2507 1346 2512 .
1363 2506 1369 2512 .
1386 2483 1480 2512 ‚dare
1495 2493 1549 2513 est.

885 2538 1015 2566 Rursus.
1032 2559 1038 2565 .
1055 2559 1061 2565 .
1079 2537 1186 2566 ,ἅτινα
1203 2533 1384 2578 legendum
1405 2534 1449 2566 ait
1467 2535 1553 2566 Bur-

887 2599 1034 2619 mannus
1054 2586 1095 2619 ad
1115 2586 1234 2630 virgil.
1255 2586 1379 2630 Georg.
1400 2586 1452 2625 ll,
1475 2590 1551 2620 250.

888 2640 974 2672 Nam
996 2640 1079 2672 alias
1100 2651 1238 2684 qnoque
1257 2639 1320 2671 lior
1342 2638 1459 2671 fecisse
1478 2639 1558 2671 Gal-

890 2692 972 2724 lum.
993 2693 1036 2724 G.

1559 298 1576 332 -l

1564 724 1580 754 U!
