1742 2989
245 176 337 229 414

635 180 684 222 C.
722 179 951 224 PLINII
985 181 1113 226 LIB.
1150 183 1268 227 VII.

251 315 917 329 mnsmmmmmmmmus
923 317 1217 331 wtmvvbmum
1224 320 1642 338 mmmmm-,mm

880 447 1019 504 XV.

281 595 376 629 Rem
396 591 589 643 publicam
613 607 655 630 ac
677 595 885 632 amicorum
907 609 1042 633 curare
1062 597 1367 637 honestissimum
1389 614 1469 639 esse
1492 603 1614 642 docet.

474 733 514 761 C.
554 734 790 762 PLINIUS
826 735 1154 765 SATURNINO

1190 722 1210 741 ⁴²
1246 739 1348 768 suo
1384 741 1417 769 s.

304 852 596 904 REQmms,
623 851 731 912 quid
757 868 899 912 agam.
928 853 1034 909 Quo
1056 855 1192 911 nosti,
1217 855 1458 919 distringor
1480 860 1651 905 officio:

242 924 390 968 amicis
404 923 626 968 deservio:
645 924 799 968 studeo
814 925 1059 981 interdum3
1079 926 1197 986 quod
1213 944 1299 970 non
1318 930 1537 975 interdum
1550 967 1560 986 ‚
1579 933 1654 976 sed

240 995 380 1040 solum
410 1013 668 1057 semperque
692 997 834 1041 faeere
849 1033 860 1053 ,
884 1015 973 1042 non
998 998 1138 1043 audeo
1159 999 1302 1045 dicere
1327 1003 1512 1059 rectius,
1536 1016 1655 1050 certe

199 1090 215 1111 ει
240 1070 411 1114 beatius
425 1080 530 1114 erat.
545 1073 605 1114 Te
619 1070 702 1114 alia
718 1072 884 1127 omnia,
901 1089 1032 1132 quam
1047 1089 1143 1133 qua:
1158 1073 1262 1117 velis
1276 1110 1287 1129 ,
1308 1091 1454 1135 agere,
1473 1077 1654 1122 moleste

240 1143 398 1188 ferrem
411 1180 421 1196 ,
442 1145 525 1188 nisi
545 1160 593 1188 ea
606 1179 616 1198 ,
635 1161 731 1205 quae
753 1146 844 1205 agis
857 1181 868 1200 ,
887 1155 1031 1189 essent
1044 1145 1367 1191 honestissima.
1386 1149 1498 1193 Nam
1515 1160 1557 1194 et
1573 1151 1653 1193 rei-

241 1217 425 1278 publieae
450 1219 611 1262 servire
632 1219 843 1279 negotiis,
865 1229 905 1262 et
926 1218 1168 1280 disceptare
1189 1220 1303 1263 inter
1333 1222 1495 1265 amicos
1524 1222 1653 1267 laude

195 1295 213 1328 3
240 1292 545 1353 dignissimum
558 1301 636 1336 est.
655 1293 792 1336 Prisci
806 1292 944 1336 nostri
959 1292 1301 1337 contubernium
1311 1293 1557 1353 jucundum
1573 1295 1651 1338 tibi

236 1364 438 1410 futurum
467 1366 673 1410 sciebam.
702 1367 921 1410 Noveram
948 1365 1272 1427 simplicitatem
1302 1368 1413 1428 ejus,
1444 1384 1652 1412 noveram

239 1439 490 1482 comitatem
505 1457 513 1482 :
528 1438 730 1482 eumdem
744 1456 836 1483 esse
847 1476 858 1493 ‚
873 1439 989 1500 quod
1005 1440 1148 1483 minus
1163 1457 1317 1483 noram
1329 1476 1340 1492 ,
1357 1439 1650 1500 gratissimum

239 1512 463 1571 experior,
484 1528 622 1572 quum
641 1522 730 1556 tam
747 1512 943 1572 jucunde
961 1511 1205 1556 officiorum
1223 1522 1478 1557 nostrorum
1494 1514 1650 1556 memi-

238 1583 351 1627 nisse
379 1600 478 1627 eum
503 1585 677 1628 scribas.
706 1584 831 1628 Vale.

273 1714 563 1748 XV.*Saturnimzs
575 1717 663 1750 forte
670 1729 809 1749 rursum
820 1720 913 1748 Pom-

230 1771 323 1810 peius
341 1772 548 1808 Saturninus,
570 1768 613 1803 de
634 1781 704 1815 quo
721 1769 757 1810 Ῑ,
778 1781 832 1816 ep.
857 1772 910 1804 16.

236 1820 337 1854 Certe
351 1821 443 1854 idem
458 1822 503 1855 ad
522 1835 626 1868 quem
641 1836 744 1869 supra
761 1823 859 1869 epist.
877 1836 910 1869 7,

235 1881 268 1906 et
286 1873 329 1907 de
347 1887 417 1920 quo
435 1888 490 1921 ep.
508 1876 540 1908 8.
564 1876 627 1910 ΕΙ).

282 1947 327 1953 —-
342 1932 383 1960 Te
397 1931 466 1960 alia
481 1931 608 1968 omnia,
625 1937 690 1962 etc.
706 1930 783 1963 Non
799 1930 845 1963 ita
857 1930 913 1963 Se-

236 1981 383 2015 cundus.
393 1983 515 2016 Voluit
526 1983 618 2015 enim
629 1983 843 2029 reipublicae,
855 1996 911 2016 vo-

235 2033 298 2067 luit
326 2035 444 2068 amicis
475 2036 621 2077 servire,
646 2037 709 2070 etsi
732 2036 862 2070 beatius
881 2036 910 2070 ei

235 2086 417 2121 videbatur
443 2088 621 2123 literarum
648 2089 769 2123 studiis
796 2090 910 2125 solum

235 2151 439 2187 semperque
471 2143 648 2189 occupari.
681 2144 773 2177 Bene
804 2145 909 2191 igitur

234 2190 308 2225 haec
322 2205 399 2226 cum
417 2195 700 2229 antecedentibus
716 2197 888 2231 cohaerent
898 2224 907 2239 ‚

234 2255 297 2277 nec
322 2245 479 2292 indigent
506 2247 701 2294 Gierigiana
729 2248 907 2297 διορθώσει.

236 2291 404 2328 Caeterum
417 2297 485 2327 alia
505 2298 615 2329 omnia
632 2296 783 2330 solennis
799 2297 886 2331 ordo
897 2324 906 2339 ‚

977 1717 1034 1749 cui
1055 1715 1207 1750 demiror
1226 1717 1381 1750 Cortium
1402 1716 1548 1750 alterum
1560 1743 1568 1757 ,
1583 1731 1650 1750 om-

977 1772 1033 1802 m‘a
1053 1773 1140 1809 alia,
1160 1771 1321 1815 praeferre
1339 1770 1502 1816 potuisse.
1524 1770 1556 1804 S.

1023 1842 1069 1847 —
1079 1825 1270 1867 Reipublicae
1279 1825 1393 1856 servire
1405 1824 1549 1866 negotiis.
1570 1823 1651 1856 Cor-

976 1875 1044 1909 tius
1059 1889 1098 1909 ex
1108 1876 1264 1911 Mediceo
1281 1878 1462 1919 reipublicae
1476 1888 1542 1907 suoe
1557 1888 1650 1919 nego-

978 1931 1022 1960 cia
1045 1942 1177 1968 curare,
1210 1940 1240 1962 ec
1266 1932 1453 1972 disceptare.
1475 1927 1651 1962 Sententia

978 1980 1111 2014 eadem.
1130 1981 1174 2014 G.

1025 2034 1056 2067 3.
1077 2037 1248 2078 Experior.
1274 2034 1354 2067 Non
1381 2034 1471 2067 exuit
1494 2033 1551 2066 hic
1575 2032 1646 2066 vim

975 2099 1073 2120 suam
1090 2088 1236 2120 verbum
1255 2086 1321 2120 hoc
1338 2098 1345 2119 ε
1362 2098 1432 2119 uon
1450 2084 1649 2130 simpliciter

974 2139 1160 2185 significat,
1169 2142 1280 2177 audio,
1291 2140 1464 2182 comperit&
1475 2136 1534 2170 sed
1544 2136 1589 2170 ad
1598 2149 1648 2170 ex-

973 2193 1205 2237 perimentum
1214 2192 1352 2238 proprie
1368 2190 1499 2224 dictum
1511 2216 1519 2231 ,
1538 2201 1647 2236 quum

973 2244 1048 2290 quis
1064 2244 1107 2278 de
1122 2257 1159 2278 re
1176 2257 1237 2280 sua
1254 2252 1381 2279 eventu
1395 2243 1469 2289 ipso
1487 2243 1641 2280 docetur,

972 2297 1123 2343 respicit.
1143 2297 1187 2331 G.
