1742 2989
179 289 218 309 ιο
245 280 343 307 reos
380 262 511 306 dedit.
538 263 694 305 Postea
724 271 863 306 mater
890 261 999 304 adiit
1027 261 1273 323 principem

180 499 216 520 11

180 862 217 883 12

178 1071 217 1103 13

244 186 334 236 402
636 183 683 223 G.
721 180 945 224 PLINII
978 181 1101 224 LIB.
1138 182 1253 224 VII.
1494 236 1499 242 .

1302 279 1309 305 :
1337 261 1585 307 adfirmavit
1609 281 1653 309 se

244 353 378 381 novas
405 336 686 397 probationes
717 335 944 378 invenisse.
965 336 1236 396 Praeceptum
1264 345 1326 379 est
1346 336 1577 393 Serviano,
1606 347 1654 381 ut

243 419 419 454 vacaret
442 410 611 452 smitam
633 424 831 452 caussam
854 409 1130 463 retractanti,
1150 409 1183 452 si
1203 408 1309 469 quid
1330 409 1431 452 novi
1448 409 1653 454 adferret.

245 483 409 527 Aderat
433 482 562 526 matri
583 480 722 526 Julius
745 481 1002 535 Africanus,
1027 498 1163 542 nepos
1185 481 1288 525 Julii
1312 483 1520 538 oratoris,
1546 482 1654 544 (quo

245 556 419 611 audito,
440 556 668 599 Passienus
689 555 871 615 Crispus
897 554 1022 608 dixit,
1049 556 1182 609 Bene,
1211 571 1279 598 me
1303 555 1499 611 hercule,
1523 555 1654 599 bene:

242 627 328 672 secl
342 644 432 687 quo
454 640 547 673 tam
568 627 735 687 beneP)
758 627 890 687 hujus
907 643 1062 687 nepos,
1083 628 1258 687 juvenis
1279 628 1554 689 ingeniosus,
1580 628 1655 672 sed

243 717 402 761 parum
421 700 624 757 callidus,
644 717 778 761 quum
795 699 932 743 multa
948 699 1145 754 dixisset,
1166 700 1531 762 adsignatumque
1548 710 1657 745 tem-

243 790 325 834 pus
360 773 606 834 implesset,
635 775 788 834 Rogo,
824 773 989 834 inquit,
1015 775 1248 829 Serviane,
1275 779 1524 836 permz'tlas
1550 774 1660 818 milu·

244 863 379 890 luzum
395 862 580 891 versum
599 846 807 905 adficere.
828 849 941 890 Tum
960 862 1041 907 ego
1053 881 1064 900 ,
1082 863 1219 906 quum
1239 863 1388 891 omnes
1404 864 1493 903 me,
1513 857 1562 891 ut
1581 847 1657 891 diu

243 936 580 980 responsurum,
630 921 929 974 intuerentur,
973 919 1333 980 Respondissem,
1374 920 1579 979 inquam,
1617 924 1660 963 si

244 1009 378 1036 zmmn
414 993 537 1036 illum
574 1008 745 1037 versum
782 993 1036 1050 Afi'l‘ccuzus
1071 992 1330 1050 adjecisset,
1368 996 1414 1036 z'tz
1445 1009 1534 1054 quo
1565 1008 1656 1036 non

242 1065 402 1110 dubito
440 1070 593 1110 omnia
629 1081 748 1110 nova
772 1066 942 1125 ficisse.
978 1066 1078 1110 Non
1114 1064 1238 1109 facile
1272 1081 1341 1108 me
1374 1074 1524 1125 repeto
1558 1073 1656 1108 tan-

241 1148 336 1182 tum
357 1149 680 1200 consequutum
708 1138 939 1182 adsensum
967 1137 1159 1199 agendo,
1187 1147 1402 1198 quantum
1434 1147 1539 1182 tunc
1565 1154 1656 1182 non

242 1212 427 1272 agendo.
450 1212 660 1256 Similiter
680 1228 798 1255 nunc
813 1221 854 1255 et
872 1211 1107 1271 probatum
1123 1220 1166 1254 et
1179 1220 1413 1271 exceptum
1428 1220 1491 1254 est
1505 1246 1516 1267 ,
1537 1210 1656 1271 quod

243 1382 347 1415 quem
362 1381 370 1410 3
388 1369 444 1403 hic
464 1381 546 1403 vero
563 1369 719 1414 quaestiO.
743 1367 917 1401 Nimirum

243 1423 331 1454 servi
355 1423 391 1455 in
418 1421 644 1468 quaestionem
665 1429 917 1454 tormentorum

243 1473 315 1507 dati
329 1500 337 1515 ,
360 1487 421 1509 sua
448 1475 664 1508 confessione
687 1487 765 1508 reos
792 1475 917 1507 libera-

242 1535 337 1560 runt.
355 1527 399 1560 G.

295 1592 347 1613 10.
363 1582 523 1612 Serviano.
541 1582 707 1611 Suburano
721 1578 805 1624 legit
820 1591 861 1611 ex
880 1579 917 1610 li-

242 1632 313 1665 bris
326 1631 462 1665 Cortius
474 1631 531 1664 hic
548 1638 581 1664 et
599 1632 706 1673 mox§
722 1644 733 1662 1
745 1642 774 1663 1.
794 1630 861 1664 Sed
876 1632 917 1664 si-

242 1685 386 1717 lentium
398 1685 523 1729 primo,
536 1691 568 1716 et
578 1695 783 1729 responsum
791 1682 917 1716 deinde

243 1738 343 1770 Plinii
357 1736 459 1770 valde
478 1737 717 1782 importunum
735 1735 918 1769 videbatur

243 1790 328 1822 mihi
350 1790 506 1822 futurum
536 1789 642 1821 fuisse
653 1814 661 1828 ‚
688 1788 712 1821 si
741 1788 828 1821 alius
842 1789 915 1835 jam

241 1843 374 1889 judicio
393 1841 608 1888 praesideret,
632 1854 737 1887 quam
763 1849 864 1874 antea
881 1842 916 1873 in

243 1896 354 1941 prima
374 1896 522 1928 actione.
542 1895 619 1927 Jam
638 1897 824 1926 Servianum
843 1894 917 1926 sine

245 1947 544 1981 animadversione
557 1948 661 1980 habet
677 1949 695 1990 ς
707 1948 740 1985 8,
753 1946 825 1992 ipse
835 1946 918 1980 Cor-

244 2000 323 2034 tius.
340 2001 449 2046 Igitur
462 2001 549 2034 nihil
562 2000 707 2034 mutavi.
719 1999 763 2032 G.

290 2056 445 2086 —Julius
458 2056 644 2098 Africanus,
656 2061 774 2086 orator
787 2052 915 2092 clarus,

245 2105 395 2138 Domitio
403 2107 486 2138 Afro
495 2106 645 2151 aequalis.
659 2106 747 2137 Eum
758 2104 916 2150 aliquan-

245 2156 291 2191 do
306 2161 475 2190 Passienus
491 2161 616 2200 Crispus
633 2157 786 2196 audivit,
799 2164 917 2189 orator

246 2219 279 2244 et
295 2211 366 2256 ipse
386 2211 530 2256 insignis
542 2236 550 2250 ,
565 2223 667 2255 quem
684 2223 718 2243 se
733 2222 839 2255 puero
858 2222 918 2242 no-

245 2263 348 2297 bilem
371 2277 432 2308 pro
446 2263 625 2295 Voluseno
647 2263 770 2296 Catulo
793 2263 917 2296 oratio-

244 2328 326 2349 nem
347 2316 507 2349 habuisse
528 2316 672 2357 Quintil.
695 2323 826 2349 narrat.
850 2316 915 2349 El).

245 2388 290 2394 -—
302 2373 416 2400 Versus
429 2369 571 2402 omnino
585 2369 779 2400 membrum
795 2369 919 2401 oratio-

245 2421 300 2454 nis
314 2429 383 2461 est,
396 2422 466 2454 sive
481 2421 666 2459 scribatur,
682 2421 753 2454 sive
764 2434 919 2466 pronun]-

245 2474 362 2507 tietur.
379 2474 450 2508 Cic.
471 2475 569 2507 Orat.
588 2476 649 2505 61:
674 2474 918 2508 Demosthenes

246 2539 370 2558 summa
381 2540 463 2559 'voce
474 2539 583 2558 versus
598 2530 711 2559 multos
728 2540 790 2559 uno
807 2529 917 2565 spiritu

242 2583 456 2622 pronunciare
472 2582 704 2612 consuescebat.
721 2581 784 2613 Fn.

301 2644 309 2663 ι
322 2644 335 2664 1
345 2658 352 2664 .
363 2635 451 2673 (Quo
462 2634 574 2664 audito
584 2656 683 2664 .....
694 2635 769 2664 bene
780 2637 812 2673 ᾗ)
826 2633 918 2665 Bene

247 2684 471 2728 parenthesin
483 2685 573 2719 hanc
583 2685 775 2720 observavit
789 2712 797 2726 ,
810 2692 842 2718 et
856 2697 918 2730 pro

982 1371 1085 1400 Julius
1096 1369 1202 1411 Nepos
1213 1367 1351 1414 scripsit
1363 1369 1456 1411 hujus
1469 1380 1565 1411 nepos
1576 1368 1659 1402 Cor-

983 1421 1063 1454 tius.
1077 1420 1252 1453 Nimirum
1266 1419 1346 1452 Julii
1366 1420 1420 1453 avi
1436 1420 1565 1453 mentio
1586 1432 1658 1452 mo-

981 1473 1058 1505 nuit
1069 1472 1268 1506 Secundum
1279 1480 1450 1512 nostrum,
1459 1481 1496 1505 ut
1507 1472 1658 1505 Passieni

982 1523 1025 1557 de
1050 1524 1110 1557 illo
1137 1525 1394 1570 apophthegma
1421 1533 1631 1571 proponeret
1646 1552 1655 1566 ,

982 1589 1052 1621 quo
1067 1577 1175 1617 facto,
1197 1576 1284 1610 redit
1298 1576 1341 1609 ad
1362 1585 1521 1622 nepotem
1534 1602 1543 1617 ‚
1561 1590 1656 1611 more

982 1629 1047 1662 sibi
1064 1637 1228 1664 consueto
1244 1654 1252 1670 ,
1280 1631 1375 1674 hujus
1389 1630 1491 1671 Julii,
1518 1629 1560 1664 de
1586 1642 1656 1675 quo

982 1682 1086 1716 modo
1101 1682 1186 1723 dixi,
1198 1696 1306 1726 nepos,
1323 1690 1387 1716 etc.
1398 1682 1589 1722 G.-—Bene,
1608 1696 1657 1715 me

982 1737 1116 1768 hercule.
1128 1735 1147 1768 J
1152 1735 1267 1768 udicat
1281 1735 1469 1780 eleganter,
1482 1743 1654 1776 accurate,

982 1787 1083 1821 docte
1093 1813 1101 1828 ‚
1117 1787 1268 1820 studiose
1279 1812 1288 1827 ‚
1300 1786 1414 1821 dicere
1428 1787 1560 1820 Julium
1572 1813 1580 1828 ‚
1597 1787 1657 1821 sed

982 1840 1016 1872 in
1039 1853 1160 1874 caussa
1174 1865 1182 1880 ‚
1205 1852 1281 1886 quae
1305 1841 1497 1886 simplicius
1520 1840 1575 1886 agi
1596 1852 1657 1886 po—

983 1901 1110 1934 sceret,
1131 1900 1161 1926 et
1176 1893 1282 1926 nimia
1298 1892 1475 1939 diligentia
1497 1905 1655 1926 corrum-

981 1955 1133 1992 peretur.
1148 1947 1192 1979 G.

1033 2012 1046 2032 1
1056 2013 1086 2032 2.
1099 2002 1134 2031 Si
1141 2023 1242 2032 .....
1251 2000 1429 2042 adjecisset,
1444 1998 1522 2030 Non
1536 2009 1656 2043 passus

983 2052 1084 2095 igitur
1100 2053 1141 2085 sit
1154 2058 1288 2097 oportet
1299 2050 1482 2084 Servianus
1500 2049 1588 2082 ultra
1609 2056 1657 2083 at·

982 2106 1149 2138 tributum
1162 2105 1225 2137 sibi
1238 2111 1372 2148 tempus
1386 2102 1499 2135 dicere
1510 2102 1652 2135 Julium.

982 2157 1083 2190 Plinii
1097 2170 1160 2190 vox
1182 2169 1252 2189 non
1272 2154 1376 2188 modo
1396 2153 1483 2187 illud
1502 2153 1653 2194 indicat,

983 2210 1076 2256 quod
1097 2209 1243 2242 maxime
1264 2209 1327 2241 fuit
1346 2208 1382 2240 in
1406 2219 1525 2240 caussa
1540 2232 1549 2247 ,
1568 2206 1654 2239 nihil

982 2263 1065 2295 novi
1078 2262 1222 2295 allatuin
1239 2262 1282 2294 ab
1299 2268 1414 2293 actore
1429 2272 1437 2299 ;
1453 2259 1513 2292 sed
1529 2260 1602 2304 ejus
1617 2259 1655 2291 il-

983 2315 1056 2347 lum
1077 2314 1224 2347 stultitiae
1246 2321 1405 2353 accusat,
1425 2324 1500 2357 quae
1523 2311 1655 2344 ridetur

983 2367 1018 2399 in
1038 2367 1115 2407 illo,
1138 2367 1199 2412 qui
1217 2365 1327 2400 redux
1346 2378 1364 2399 e
1382 2365 1512 2404 Gallia,
1531 2365 1565 2397 in
1585 2377 1653 2408 qua

984 2421 1051 2454 XII
1071 2433 1181 2453 annos
1200 2425 1434 2453 commoratus
1454 2417 1585 2455 fuerat,
1604 2417 1655 2449 iu-

984 2480 1178 2518 terrogante
1195 2472 1347 2519 quodam
1360 2497 1368 2511 ‚
1384 2470 1506 2515 ecquid
1521 2469 1654 2503 Gallice

983 2526 1181 2572 loqueretur
1196 2551 1204 2565 ‚
1236 2524 1403 2571 drjeravit
1416 2549 1426 2563 ‚
1458 2523 1485 2555 si
1526 2534 1653 2565 paucas

985 2579 1099 2611 adhuc
1110 2577 1344 2611 hebdomades
1354 2576 1399 2609 ibi
1414 2576 1530 2608 fuisset
1540 2599 1549 2614 ‚
1561 2587 1596 2608 se
1606 2575 1654 2609 fa-

984 2632 1147 2665 cultatem
1166 2631 1261 2664 illam
1276 2655 1284 2670 ‚
1303 2642 1369 2674 qua
1388 2627 1585 2672 planissime
1599 2641 1654 2662 ca-

984 2685 1081 2718 rebat
1093 2709 1101 2725 ,
1115 2683 1322 2729 adepturum
1337 2681 1454 2715 fuisse.
1467 2680 1510 2714 G.
