1742 2989
189 181 280 227 360

593 194 641 235 C.
678 195 906 239 PLINII
940 196 1065 240 LIB.
1104 199 1192 241 VI.

142 273 159 305 5
187 266 464 314 Concursant
491 288 596 334 ergo
616 275 837 319 candidati
857 278 1056 320 certatim
1078 295 1087 321 :
1109 278 1327 339 quidquid
1349 279 1503 324 venale
1522 297 1597 326 au-

186 339 336 397 diunt,
357 346 615 405 emptitant3
636 359 685 392 ut
705 350 792 392 sint
818 366 994 411 quoque
1020 351 1145 411 plura
1166 353 1358 404 venalia,
1380 354 1596 399 efficiunt.

140 415 160 445 6
187 414 402 472 Proinde,
432 421 464 461 si
498 423 680 480 poenitet
709 432 750 466 te
782 423 1029 467 italicorum
1057 426 1322 486 praediorum
1342 462 1353 480 ,
1378 428 1462 472 hoc
1488 445 1598 472 ven-

187 486 317 532 dendi
350 500 522 552 teinpus
559 505 646 538 tam
683 496 884 551 hercule,
912 514 1045 558 quam
1076 499 1119 541 in
1150 501 1388 560 provinciis
1417 518 1596 562 compa-

186 561 313 604 randi
344 580 353 606 ε

187 633 309 677 Vale.

184 771 366 807 Stabulum
381 774 472 808 idem
487 778 581 822 quod
599 778 837 813 deversorium
849 805 858 820 ,

184 823 393 871 πανδοχεῖον,
410 837 446 861 ut
467 831 659 876 explicatur
675 833 709 865 in
730 833 860 878 glossa-

184 877 256 910 riis.
284 879 351 912 En.

233 932 265 964 5.
298 935 498 967 Concursant
527 949 600 980 ergo
613 963 621 974 ,
647 945 712 972 etc.
740 939 859 972 Malim

186 982 232 1015 sic
252 983 497 1031 interpungere
513 1001 520 1021 :
545 1006 558 1017 «
572 990 790 1025 Concursant
807 1006 860 1025 er·

185 1047 228 1079 go
253 1036 430 1071 candidati
456 1051 464 1071 2
489 1042 667 1083 certatim,
689 1044 861 1091 quidquid

184 1089 307 1122 venale
322 1091 466 1125 audiunt
479 1120 488 1135 ,
503 1096 696 1141 emptitant.
706 1114 718 1125 »
730 1098 862 1131 Placuit

187 1140 308 1174 cadem
327 1143 562 1191 interpunctio
577 1149 751 1183 Catanaeo.
768 1151 802 1184 S.
818 1172 863 1176 -—-

188 1197 389 1237 Emptl'tant7·
400 1208 435 1229 [ιί
443 1202 508 1232 sint
521 1214 648 1244 quoque
655 1205 754 1245 plura
765 1217 864 1236 vena-

384 565 489 609 dum
515 567 647 612 iidem
667 569 889 615 candidati
914 570 1002 615 illic
1020 572 1243 629 vendunt,
1267 584 1316 618 ut
1338 574 1410 618 hic
1432 584 1597 618 emant.

926 784 987 820 lia,
1014 784 1165 828 effi'citmt.
1193 784 1293 815 Rom.
1317 785 1498 822 Emtitant,
1522 797 1601 826 quo-

926 847 987 877 que
998 837 1062 866 sint
1072 837 1173 877 pluris
1187 837 1337 873 venalia,
1355 837 1508 880 efficiunt.
1524 835 1601 868 Hoc

926 887 1129 932 comprobat
1155 895 1187 920 et
1214 887 1349 920 initium
1377 887 1546 932 epistolae,
1567 896 1602 921 et

926 940 1024 981 finis,
1046 952 1116 985 quo
1137 940 1284 984 pretium
1307 940 1398 985 agris
1417 940 1600 974 accessisse

927 992 1110 1033 adfirmat,
1131 1005 1278 1037 eamque
1296 992 1341 1025 ob
1360 1004 1517 1026 caussam
1536 993 1605 1026 Ne·

926 1046 996 1090 poti
1015 1045 1208 1078 italicorum
1222 1044 1433 1091 praediorum
1450 1044 1603 1078 venden-

930 1097 1054 1131 dorum
1068 1107 1187 1131 auctor
1198 1106 1260 1131 est.
1273 1099 1343 1131 Cur
1353 1097 1410 1131 ille
1421 1096 1603 1138 venderet5

929 1151 1045 1184 minus
1066 1164 1193 1185 caussae
1217 1152 1337 1184 fuisset
1351 1175 1360 1191 ‚
1381 1151 1408 1183 si
1427 1150 1602 1184 venalium.

928 1217 1115 1237 numerum
1129 1204 1291 1238 auxisset.
1308 1204 1351 1237 H.

207 1338 223 1344 κ
230 1337 326 1347 *uzu
332 1339 385 1349 nx
394 1339 1526 1357 nx.vsvsmmmm-uxtumuwuxmmuaxmmmsumszmm
1531 1346 1590 1357 §W

825 1426 972 1528 XX.

193 1618 332 1653 Narrat
345 1645 354 1662 ,
373 1630 456 1666 quae
475 1630 519 1653 ex
536 1620 694 1655 Vesuvii
711 1618 888 1656 incendio
902 1648 910 1664 ‚
929 1633 1014 1656 cum
1035 1629 1154 1657 matre
1171 1620 1308 1657 Miseni
1327 1620 1480 1656 relictus
1492 1648 1502 1666 ‚
1522 1633 1608 1669 per·-

242 1683 382 1719 tulerit.
402 1687 518 1720 Arcto
539 1685 692 1721 vinculo
716 1685 795 1722 haec
819 1686 978 1735 epistola
997 1700 1082 1722 cum
1103 1687 1253 1736 priore,
1276 1700 1359 1735 quae
1382 1688 1475 1723 XVI
1495 1685 1610 1734 hujus

249 1746 336 1784 libri
356 1749 481 1785 locum
502 1758 686 1801 occupat,
710 1750 807 1797 coit,
828 1751 1010 1800 filumque
1031 1750 1084 1788 ibi
1104 1750 1309 1801 abruptum
1332 1751 1479 1788 retexit.
1502 1753 1571 1787 En.

357 1888 398 1917 C.
436 1889 669 1918 PLINIUS
703 1889 994 1918 CORNELIO
1030 1890 1236 1919 TACITO
1273 1890 1376 1919 SUO
1412 1891 1446 1918 S.

264 2009 368 2061 Als,
395 2017 437 2050 te
464 2007 703 2051 adductum
737 2006 897 2063 literis,
926 2023 1033 2068 quas
1064 2008 1251 2068 exigenti
1283 2007 1362 2051 tibi
1388 2006 1441 2050 de
1467 2015 1610 2050 morte

200 2079 407 2123 avunculi
431 2082 512 2123 mei
537 2081 716 2140 scripsi,
738 2096 899 2142 cupere
921 2096 1205 2142 cognoscere,
1225 2096 1335 2141 quos
1355 2096 1436 2140 ego
1450 2079 1610 2123 Miseni

199 2152 377 2197 relictus
398 2153 460 2213 (id
488 2154 604 2196 enim
628 2154 847 2214 ingressus
867 2154 1150 2214 abruperam)
1176 2169 1265 2196 non
1286 2151 1428 2197 solum
1449 2161 1613 2207 metus,

199 2243 353 2270 verum
380 2228 511 2269 etiam
538 2243 662 2270 casus
688 2226 958 2287 pertulerim.

411 2351 653 2396 Quamquam
673 2348 819 2384 animus
841 2348 1053 2387 meminisse
1073 2348 1224 2395 horret,
1248 2377 1255 2384 .
1273 2377 1281 2385 .
1303 2382 1307 2385 .
1326 2378 1334 2384 .
1352 2377 1359 2385 .

411 2412 608 2463 Incipiam.

247 2534 325 2568 XX.
347 2549 376 2568 1.
401 2538 531 2573 Liceris,
558 2547 649 2577 quas.
670 2534 755 2574 Qnae
778 2546 872 2567 nunc

200 2596 280 2621 nunt
293 2589 342 2620 VI
356 2613 364 2627 ,
380 2601 391 2621 1
400 2590 433 2621 6.
445 2587 489 2621 G.
502 2608 547 2613 ——
558 2590 601 2619 Id
609 2589 691 2618 enim
705 2588 870 2629 ingressus.

201 2640 360 2686 Intellige
374 2665 382 2680 ,
409 2640 453 2673 ad
478 2638 718 2678 narrandum;
737 2640 875 2683 respicit

201 2694 293 2729 enim
309 2694 415 2728 verba
431 2706 459 2727 s.
483 2706 520 2727 21
531 2719 539 2728 ,
557 2711 568 2722 ·
582 2692 729 2726 Interim
748 2692 871 2725 Miseni

939 2547 1003 2581 ego
1014 2543 1047 2568 et
1059 2543 1177 2568 mater.
1188 2533 1254 2569 Sed
1266 2534 1353 2567 nihil
1364 2533 1408 2567 ad
1419 2532 1611 2573 historian13

940 2601 1004 2622 nec
1018 2597 1054 2621 tu
1066 2614 1075 2630 ‚
1091 2597 1156 2622 etc.
1166 2588 1302 2621 »Verba
1325 2591 1527 2629 Quamquam
1541 2588 1613 2617 ani-

941 2654 1023 2673 mus.
1040 2666 1047 2673 .
1064 2667 1070 2673 .
1086 2643 1271 2684 .incipi'am,
1289 2647 1367 2672 sunt
1379 2638 1516 2684 Virgilii
1532 2640 1610 2671 AEn.

939 2692 1000 2726 lib.
1021 2693 1076 2729 ΙΙ,
1094 2705 1183 2726 vers.
1205 2706 1257 2725 12.
1277 2691 1320 2725 G.
