1742 2989
598 234 948 276 EPISTULA
984 234 1096 275 Vll.
1474 235 1557 278 1615

156 334 207 359 ex
227 317 295 369 iis,
310 315 382 375 qui
408 315 487 357 sub
510 313 583 357 illo
605 324 828 374 gesserant
846 314 1139 369 consulatum,
1158 331 1287 358 nemo
1305 316 1395 375 jam
1416 333 1560 376 super-

156 388 250 433 cst'?
283 390 565 447 Quamquam
603 386 710 447 quid
742 387 826 431 hoc
863 387 1031 431 miror?
1056 404 1198 448 nuper
1236 389 1398 432 Lucius
1432 391 1557 444 Piso,

156 472 281 523 pater
308 461 478 504 Pisonis
512 459 653 515 illius,
685 461 760 520 qui
800 478 824 504 a
855 460 1031 504 Valerio
1066 464 1193 505 Festo
1225 478 1304 522 per
1339 479 1557 506 summum

157 535 324 579 facinus
354 534 399 576 in
435 533 585 577 Africa
619 534 786 577 occisus
817 533 912 589 est,
949 534 1091 578 dicere
1120 534 1309 589 solebat,
1342 540 1557 580 neminem

151 625 199 652 se
221 607 375 653 videt-e
405 611 451 650 z'tz
471 617 631 650 senatu
647 641 658 661 ,
684 623 813 666 quem
838 610 996 652 consul
1014 612 1104 669 lpse
1128 613 1395 653 sententiam
1420 625 1557 670 roga-

155 685 295 725 visset.
322 683 431 724 Tam
456 680 652 740 angustis
678 682 874 725 terminis
891 691 1022 725 tantae
1040 682 1335 726 multitudinis
1354 683 1559 727 vivacitas

154 756 247 814 ipsa
270 753 570 807 concluditur,
589 763 637 797 ut
657 754 765 796 mihi
790 771 880 797 non
906 755 1032 798 venia
1060 754 1202 799 solum
1222 754 1385 815 dignae,
1405 772 1557 800 verum

153 829 285 871 etiam
298 826 425 871 laude
439 826 672 870 videantur
687 826 768 870 illae
784 828 911 887 regiae
930 827 1147 888 lacrymae:
1164 844 1266 882 nam
1282 827 1442 880 ferunt,
1456 830 1560 871 Xer-

154 917 250 945 xem
268 937 279 957 ,
308 917 445 961 quum
473 900 735 943 immensum
756 901 994 944 exercitum
1018 899 1157 945 oculis
1178 900 1362 955 obisset,
1388 899 1560 961 illacry-

152 990 315 1029 masse,
343 973 463 1034 quod
488 983 554 1016 tot
581 972 774 1016 millibus
803 983 893 1017 tam
922 973 1065 1017 brevis
1096 974 1343 1017 immineret
1365 990 1557 1018 occasus.

151 1046 237 1091 Sed
265 1056 387 1090 tanto
414 1047 550 1106 magis
589 1046 699 1099 hoc,
727 1046 943 1106 quidquid
980 1056 1044 1090 est
1081 1047 1292 1107 temporis
1310 1082 1321 1101 ,
1352 1046 1488 1090 futilis
1517 1058 1559 1091 et

152 1120 334 1176 caduci,
360 1120 395 1163 si
413 1136 503 1162 non
524 1118 654 1162 datur
669 1119 793 1163 factis
813 1118 941 1180 (nam
960 1119 1121 1162 horum
1146 1119 1326 1162 materia
1352 1120 1395 1161 in
1417 1119 1559 1164 aliena

151 1265 275 1297 ctionis
287 1289 295 1305 ‚
313 1264 533 1297 librariorum
553 1263 654 1308 culpa
676 1264 820 1296 fortasse

151 1317 207 1351 hic
218 1317 288 1350 illic
298 1317 486 1350 obliteratae
499 1341 507 1356 ‚
518 1329 659 1362 perraro
669 1317 823 1350 offerun-

152 1377 218 1403 tur.
231 1370 352 1403 Cicero
361 1370 467 1402 Tusc.
480 1369 666 1410 Quaest.V,
678 1370 696 1403 5
707 1371 821 1403 :«Non

152 1422 237 1455 mihi
261 1421 417 1462 videtur,
440 1421 485 1454 ad
508 1422 607 1454 beate
634 1421 821 1455 vivendum

152 1475 233 1508 satis
242 1487 342 1521 posse
352 1474 546 1507 virtutem.»
556 1474 637 1506 Mox
645 1473 820 1507 Mediceus

151 1527 236 1561 liber
251 1539 259 1560 z
272 1530 367 1560 modo
383 1529 477 1559 modo
484 1528 598 1570 fuisse.
611 1527 799 1560 Verissime
810 1552 819 1567 ,

151 1579 267 1626 adque
286 1581 355 1613 vim
373 1580 548 1613 sententiae
570 1579 819 1613 efficacissime.

150 1633 280 1674 Miror,
314 1633 486 1678 egregiam
516 1632 606 1665 hanc
636 1632 821 1665 lectionem

151 1685 270 1719 Cortio
303 1698 376 1719 non
409 1685 552 1730 dignam
584 1685 693 1717 visam
724 1697 796 1718 esse
810 1709 818 1724 ‚

150 1750 258 1782 quam
274 1738 309 1770 in
328 1737 485 1770 ordinem
500 1737 680 1782 reciperet.
698 1737 822 1770 Melius

151 1788 196 1822 de
219 1789 286 1823 hoc
310 1790 410 1822 Plinii
432 1789 510 1823 loco
534 1790 578 1822 N.
600 1789 758 1822 Heinsius
777 1788 822 1822 ad

152 1843 290 1876 Petron.
303 1843 346 1875 T.
362 1843 391 1875 I.
410 1854 444 1887 p.
463 1843 542 1886 257,
557 1841 612 1874 ed.
627 1841 746 1874 Burm.
764 1842 823 1874 ubi

152 1896 295 1928 omnino
313 1894 405 1927 vide.
424 1895 459 1928 S.

202 1960 215 1981 1
225 1950 349 1990 2.Quid
356 1950 416 1979 hoc
429 1949 538 1978 miror.
550 1947 647 1979 Rom.
662 1948 747 1987 Quid
757 1947 822 1978 hcec

152 2003 261 2033 miror.
281 2001 325 2033 H.
345 2021 391 2024 ——
409 2000 473 2032 Hic
495 1999 676 2043 singularis
702 1998 822 2044 praefe—

150 2052 293 2087 rendus.
308 2054 342 2086 S.
356 2074 401 2078 —
412 2054 536 2084 Pisonis
550 2054 646 2084 illius.
664 2051 765 2084 Intel.
780 2052 820 2084 L.

151 2106 228 2139 Piso
251 2118 344 2139 anno
367 2105 454 2139 Chr.
480 2106 522 2138 58
538 2129 546 2144 ,
577 2115 657 2137 cum
684 2105 822 2137 Nerone

152 2158 281 2192 Consul
293 2169 301 2198 ;
313 2170 406 2191 anno
417 2158 459 2191 63
474 2157 699 2202 vectigalibus
709 2157 822 2201 publi-

151 2210 200 2243 cis
218 2210 399 2255 praefectus
413 2235 422 2249 ,
447 2218 479 2242 et
501 2222 593 2242 anno
617 2221 655 2253 71
677 2209 741 2241 sub
756 2209 822 2241 Ve-

152 2263 313 2309 spasiano
344 2261 531 2309 proconsul
558 2262 692 2294 Africae.
720 2261 820 2295 Hunc

152 2324 331 2361 tamquam
369 2327 423 2347 res
458 2326 564 2348 novas
597 2314 796 2347 molientem
811 2340 819 2353 ‚

152 2368 305 2414 primum
333 2367 518 2400 Mucianus
532 2391 541 2406 ‚
578 2367 682 2400 misso
714 2368 821 2399 Roma

152 2421 353 2454 centurione
370 2419 522 2465 quodam
536 2443 544 2458 ,
556 2419 749 2452 interficere
764 2432 821 2451 vo-

155 2473 293 2513 luit3i11
317 2485 421 2518 quem
446 2484 528 2504 vero
543 2471 622 2504 Piso
637 2496 645 2511 ,
668 2484 705 2504 re
728 2483 822 2503 com-

153 2533 250 2572 perta
262 2550 271 2565 ‚
288 2523 514 2559 animadverti
530 2523 642 2570 jussit.
664 2523 745 2555 Mox
754 2523 822 2556 Va-

155 2578 258 2610 lerius
276 2578 396 2611 Festus
410 2602 418 2617 ‚
445 2576 506 2622 qui
529 2577 661 2620 legatus
679 2575 821 2608 Caesaris

154 2629 323 2675 legionem
333 2630 471 2676 regebat
482 2654 491 2669 ,
503 2628 631 2674 equites
642 2628 731 2660 misit
742 2653 750 2667 ‚
762 2628 822 2672 qui

156 2682 311 2715 Pisonem
325 2682 420 2715 domi
438 2693 506 2714 suae
526 2679 740 2713 occiderunt.
755 2680 819 2712 En.

208 2735 259 2767 13.
277 2738 387 2768 Taneoe
405 2735 628 2766 multitudinis.
643 2733 730 2765 Anto
751 2732 824 2766 Sul-

889 1263 957 1297 lam
973 1264 1059 1296 CCC
1077 1264 1259 1297 Senatores
1277 1275 1285 1296 :
1302 1272 1377 1308 post
1394 1264 1476 1297 Julii
1491 1265 1558 1298 Cae-

887 1317 971 1350 saris
997 1329 1117 1350 necem
1134 1317 1275 1349 Antonii
1298 1316 1560 1350 nundinationi-

887 1370 951 1402 bus
962 1382 1066 1414 supra
1076 1369 1168 1402 mille
1182 1369 1374 1414 :Augustus
1386 1371 1559 1403 revocavit

887 1421 931 1454 ad
942 1422 1012 1454 DC.
1025 1421 1109 1454 Vid.
1122 1421 1184 1454 viri
1198 1421 1291 1454 docti
1304 1421 1347 1454 ad
1360 1422 1455 1455 Suet.
1468 1423 1556 1467 Aug.

889 1475 943 1507 35.
966 1475 1028 1507 Per
1046 1482 1158 1507 tantas
1177 1475 1296 1507 turbas
1310 1499 1318 1514 ,
1338 1486 1413 1519 quae
1433 1474 1465 1506 in
1486 1474 1558 1507 haec

886 1535 1042 1573 tempora
1057 1526 1272 1566 inciderunt,
1292 1527 1406 1559 minus
1427 1527 1553 1560 mirum

886 1579 952 1612 fuit
965 1604 973 1619 ,
988 1581 1028 1612 L.
1046 1579 1205 1612 Pisonem
1219 1580 1278 1612 DC
1290 1579 1491 1612 hominibus
1506 1581 1556 1612 sui

886 1631 1015 1664 ordinis
1030 1632 1268 1677 supervixisse.
1285 1631 1328 1665 G.

932 1705 976 1709 ——
992 1688 1144 1717 Xerxem.
1176 1688 1307 1716 Xerxen
1337 1692 1429 1716 recte
1456 1685 1556 1717 scribi

886 1736 1034 1770 ostendit
1060 1736 1116 1769 hic
1145 1737 1294 1769 Cortius.
1328 1736 1477 1770 Historia
1507 1745 1557 1770 est

886 1789 980 1834 apud
990 1788 1277 1821 HerodotumVII
1291 1814 1300 1829 ,
1313 1790 1355 1830 45
1367 1814 1376 1828 ,
1388 1802 1439 1834 sq.
1452 1790 1557 1823 Causa

888 1854 960 1874 sam
971 1842 1042 1886 ipse
1050 1840 1163 1874 reddit
1172 1841 1404 1888 lacrymarum
1415 1855 1555 1875 suarum

887 1894 1005 1927 hanc:
1030 1897 1071 1934 ὡς
1102 1896 1219 1940 βραχὺς
1246 1896 1291 1930 εἴη
1310 1897 1323 1928 ὁ
1342 1898 1406 1934 πᾶς
1437 1897 1554 1942 ἀνθρώ-

886 1961 973 1986 πινος
987 1949 1052 1989 βίος
1062 1973 1071 1989 ,
1086 1949 1111 1981 εἰ
1125 1949 1260 1981 τουτέων
1273 1961 1308 1993 γε
1322 1949 1433 1981 ἐόντων
1446 1951 1555 1982 τοσού-

888 2015 967 2037 των,
990 1998 1093 2039 οὐδεὶς
1112 2001 1155 2039 εἰς
1173 2002 1345 2034 ἑκατοστὸν
1363 2002 1433 2039 ἔτος
1449 2004 1554 2046 περιέ-

888 2067 976 2087 σται.
997 2053 1059 2090 At,
1081 2066 1101 2085 o
1126 2053 1215 2085 bone
1232 2078 1241 2092 ‚
1267 2065 1337 2086 non
1368 2066 1454 2098 opus
1483 2062 1552 2086 erat

886 2112 1025 2137 centum
1052 2105 1164 2138 annis.
1192 2105 1335 2150 Egregia
1362 2113 1422 2138 tua
1449 2119 1551 2150 opera

887 2158 1017 2190 factum
1026 2165 1089 2197 est,
1100 2166 1136 2190 ut
1145 2158 1247 2203 pauci
1256 2157 1390 2198 decem,
1400 2167 1459 2191 aut
1468 2159 1555 2191 duos

887 2209 974 2243 adeo
987 2223 1096 2243 annos
1111 2210 1369 2256 supervixerint.
1386 2210 1429 2243 G.

938 2267 990 2303 14.
1018 2265 1081 2294 Sed
1106 2273 1196 2295 tanto
1225 2265 1328 2306 magis
1356 2265 1425 2295 hoc.
1454 2265 1553 2296 Rom.

886 2317 950 2346 Sed
960 2328 996 2346 eo
1010 2318 1110 2359 magis
1125 2317 1196 2348 lzoc.
1212 2315 1255 2348 H.
1269 2335 1313 2339 -—
1323 2317 1357 2346 Si
1367 2328 1431 2346 non
1445 2318 1552 2354 datur,

887 2374 952 2400 etc.
972 2368 1070 2400 Rom.
1087 2371 1121 2400 Si
1142 2381 1205 2399 non
1225 2369 1450 2411 daturfizctis.
1464 2394 1470 2400 .
1482 2382 1554 2401 ,nos

890 2430 975 2452 certe
996 2423 1109 2452 studiis
1134 2421 1321 2452 memoriam
1337 2422 1553 2462 proferamus.

887 2471 952 2507 Sed
970 2476 1157 2505 memoriam
1173 2472 1262 2505 male
1276 2470 1475 2516 adscripsit,
1495 2474 1554 2518 qui

886 2525 987 2557 Plinii
1010 2533 1159 2559 mentem
1178 2537 1302 2570 parum
1327 2524 1489 2569 percepit.
1507 2524 1552 2559 H.

887 2597 931 2601 —
950 2580 1018 2609 Nos
1039 2586 1118 2610 ante
1139 2587 1238 2614 certe,
1261 2576 1294 2607 in
1317 2575 1390 2608 aliis
1414 2588 1554 2622 quoque

887 2629 980 2662 libris
991 2637 1166 2675 repertum
1181 2653 1189 2668 ‚
1208 2627 1343 2660 Cortius
1353 2628 1431 2672 jure
1445 2628 1554 2661 adsci-

887 2681 946 2714 vit.
960 2684 1077 2714 Aliena
1091 2694 1188 2713 manu
1201 2680 1461 2724 (Imperatori53
1478 2679 1554 2713 vide

889 2736 995 2777 mox),
1021 2747 1094 2771 nos,
1120 2732 1183 2766 sibi
1207 2739 1442 2777 opponuntur.
1460 2733 1495 2766 S.
1510 2753 1552 2757 —

1280 2804 1353 2832 11.

1589 412 1624 432 Γ]

1590 692 1626 722 »3

1589 1055 1624 1083 14
