1742 2989
565 220 907 263 ErisToLA
942 223 1047 264 xx.
1417 225 1508 285 249

107 358 201 368 xss==
209 357 222 367 ι
228 356 864 368 xuustssxwwsttumxmsususm
870 357 1144 369 numu-*mum
1150 358 1164 368 ι
1172 358 1386 371 νιιιὶ-ιιιιιι
1391 360 1506 370 »usus

733 483 877 538 XX.

304 633 358 665 De
381 628 484 665 libris
507 629 663 665 Maximi
685 642 769 665 cum
789 630 899 666 laude
920 631 1138 667 eorumdem
1155 629 1310 680 judicat.

396 768 432 796 c.
469 767 702 796 PLINIUS
738 768 970 796 ΜΑΧΙΜΟ
997 750 1014 769 *
1050 769 1151 798 suo
1187 770 1222 798 s.

172 890 315 943 QUID
340 886 547 930 senserim
573 885 627 929 de
653 886 832 947 singulis
862 886 982 930 libris
1011 887 1120 943 tuis,
1147 898 1300 932 notum
1328 888 1431 943 tibi,
1460 900 1506 933 ut

107 976 322 1020 quemque
346 959 614 1021 perlegeram
629 995 640 1016 7
663 959 756 1003 feci.
779 960 940 1020 Accipe
962 977 1105 1017 nunc,
1130 961 1234 1021 quid
1260 961 1312 1005 de
1336 962 1508 1006 univer-

107 1032 162 1075 sis
183 1032 444 1092 generaliter
461 1033 667 1093 judicem.
682 1035 760 1076 Est
777 1050 886 1094 opus
906 1033 1159 1094 pulchrum,
1175 1033 1381 1091 validum,
1396 1052 1508 1092 acre,

106 1105 312 1161 sublime,
334 1107 525 1163 varium,
554 1105 750 1166 elegans,
774 1124 955 1167 purum,
982 1107 1243 1167 figuratum,
1269 1109 1509 1169 spatiosum

107 1179 261 1232 etiam,
293 1189 335 1222 et
360 1196 459 1223 cum
486 1197 645 1240 magna
670 1190 744 1224 tua
774 1180 900 1224 laude
930 1181 1149 1225 diffusum.
1179 1186 1230 1226 In
1256 1199 1343 1243 quo
1369 1193 1418 1226 tu
1442 1184 1507 1226 in-

107 1253 223 1312 genii
249 1251 375 1295 simul
398 1252 647 1314 dolorisque
672 1253 775 1297 velis
798 1253 1003 1298 latissime
1029 1265 1176 1298 vectus
1199 1271 1264 1307 es,
1285 1265 1326 1298 et
1350 1256 1508 1298 horum

106 1335 343 1386 utrumque
372 1327 558 1371 invicem
588 1327 840 1387 adjumento
869 1328 964 1372 fuit.
992 1332 1107 1374 Nam
1140 1328 1281 1371 dolori
1311 1328 1507 1372 sublimi·
1538 1359 1554 1371 ν.

105 1407 239 1441 tatem
264 1408 307 1441 et
332 1400 702 1460 magnificentiam
730 1401 983 1461 ingenium3
1012 1402 1189 1462 ingenio
1215 1403 1302 1444 vim
1329 1412 1372 1445 et
1396 1418 1511 1445 ama-

106 1472 343 1516 ritudinem
370 1473 495 1517 dolor
523 1473 703 1519 addidit.
727 1474 847 1519 Vale.

151 1607 227 1640 XX.
238 1607 252 1622 *
266 1607 314 1639 De
329 1609 478 1639 Maximo
494 1606 572 1640 vide
588 1606 632 1640 ad
648 1609 682 1640 II
694 1633 702 1648 ‚
719 1621 775 1654 ep.
843 1608 905 1641 Or.
924 1609 976 1641 III
990 1635 999 1651 ‚
1022 1610 1041 1641 8
1057 1617 1090 1641 et
1108 1620 1147 1641 10
1158 1635 1166 1649 ‚
1188 1617 1220 1641 et
1238 1609 1335 1641 Brut.
1354 1608 1514 1648 LXXIV,

111 1663 163 1698 14.
185 1660 250 1692 ΕΙ).
843 1663 903 1695 ubi
926 1664 1095 1705 inquinate
1115 1664 1205 1704 loqui
1227 1661 1438 1694 contrarium
1467 1659 1516 1692 illi

157 1723 186 1743 1.
208 1714 294 1753 Quid
308 1714 476 1749 senserim,
494 1719 559 1744 etc.
576 1714 674 1746 Rom.
694 1715 781 1755 Quid
842 1714 985 1761 puritati
1004 1714 1126 1747 vitium
1147 1722 1450 1747 commemoratur.
1473 1713 1515 1745 E.

108 1766 255 1795 senserim
271 1766 310 1795 de
321 1766 451 1807 singulis
466 1767 526 1795 cuis
545 1766 643 1797 libris.
661 1765 706 1798 H.
890 1788 933 1791 --
945 1771 1056 1799 Veccus
1071 1780 1102 1798 es
1112 1793 1121 1805 ,
1139 1775 1205 1799 etc.
1221 1768 1317 1800 Rom.
1338 1771 1449 1798 Veccus
1463 1778 1493 1797 es
1506 1779 1516 1797 :

157 1829 187 1849 2.
219 1819 303 1858 Opus
321 1818 504 1858 pulchrum.
535 1819 724 1855 Pulchrum,
752 1818 778 1849 si
844 1821 955 1851 horum
985 1829 1151 1861 utrumque
1177 1821 1307 1849 invicem
1332 1820 1516 1861 adjumento

107 1877 238 1902 certam
260 1869 436 1901 notionem
459 1869 641 1914 quaerimus
656 1895 664 1909 ‚
686 1869 779 1914 apud
834 1874 928 1916 jecit.
946 1871 1036 1903 Male
1055 1871 1121 1903 hoc
1134 1873 1280 1915 profuit.
1295 1870 1339 1903 H.

107 1921 254 1953 Plinium
267 1922 336 1954 fere
347 1921 449 1954 hahet
461 1921 598 1954 laudem
610 1922 762 1956 utilitatis
771 1948 779 1962 ‚
893 1925 924 1957 3.
941 1926 1173 1956 Sublimitatmn
1188 1933 1219 1954 et
1229 1925 1514 1968 magnificentiam.

108 1982 140 2007 et
152 1974 338 2008 honestatis
350 1999 358 2014 ‚
370 1987 444 2019 quae
454 1974 490 2007 h.
506 1975 530 2007 I.
547 1974 589 2007 ad
601 1988 781 2020 argumen-
845 1977 968 2022 Capies
996 1976 1038 2009 de
1065 1975 1253 2022 splendidis
1279 1975 1455 2009 sententiis
1486 1983 1519 2007 et

108 2034 181 2059 tum
194 2028 314 2060 referri
325 2035 479 2072 possunt.
493 2028 546 2060 Cf.
560 2029 622 2072 Ep.
636 2030 689 2061 III
701 2054 709 2068 ‚
725 2029 780 2069 18⁷
847 2029 972 2062 verbis.
987 2030 1052 2062 En.
1068 2050 1113 2054 —
1128 2031 1197 2060 Vim
1212 2039 1242 2061 ec
1256 2029 1517 2060 amaritudinem.

110 2080 143 2112 3.
157 2099 204 2104 ——
221 2082 351 2112 Varium
363 2106 371 2119 ,
389 2092 505 2112 rerum
521 2081 755 2114 vicissitudine
768 2106 776 2122 ⁷
845 2082 961 2123 Quam
973 2081 1158 2130 δριμύτητα
1169 2090 1291 2115 vocant
1301 2081 1425 2121 Graeci,
1435 2080 1518 2113 acri·

109 2131 778 2178 quaetaediumlegenrlitollit‚rbvtotzin
845 2135 996 2168 moniam
1033 2135 1271 2168 vehementem
1306 2146 1345 2167 ac
1376 2131 1516 2165 morda-
1574 2135 1579 2143 '

109 2183 310 2218 Graecorum
323 2212 332 2228 ,
352 2186 408 2219 cui
421 2189 456 2221 τὸ
474 2186 631 2234 ὁμοειδὲς,
645 2202 780 2234 ‘mpori-m-
845 2200 935 2227 cem,
956 2200 1032 2233 quae
1050 2187 1094 2221 ad
1119 2188 1224 2226 iram,
1256 2185 1423 2219 invidiam
1436 2210 1444 2225 ,
1463 2197 1517 2217 re-

111 2237 160 2282 ρὲς
170 2262 179 2279 ‚
191 2240 384 2285 μονότροπον
397 2245 760 2286 opponunt.—P11rum
769 2267 776 2278 ‚
844 2240 1107 2285 prehensionem
1119 2267 1128 2282 ,
1156 2240 1367 2274 severitatem
1380 2263 1388 2279 ‚
1418 2237 1520 2283 perti-

112 2289 332 2324 emendatum
344 2317 352 2332 ‚
370 2293 528 2326 latinum.
545 2293 628 2327 Vid.
647 2294 721 2328 Cic.
737 2293 780 2326 de
846 2300 915 2326 net.
932 2293 976 2326 G.
