1742 2989
619 218 963 262 EPISTOLA
999 220 1027 260 Ι.

126 377 301 389 Μιπιινι
306 375 850 396 mmmmmmmmm

273 611 673 689 LIBER
762 605 1376 695 TERTIUS.

118 1168 316 1217 Spurinnae
335 1168 449 1206 vitam
470 1167 617 1214 laudat,
640 1166 789 1216 sibique
808 1166 929 1202 simile
952 1165 1157 1215 aliquando
1176 1166 1296 1202 otium
1317 1163 1531 1215 contingat,

727 1238 918 1280 precatur.

409 1381 446 1408 C.
484 1378 719 1413 PLINIUS
755 1378 1024 1407 CALVISIO
1059 1378 1162 1406 SUO
1198 1379 1233 1406 S.

117 1485 379 1573 NEsmo,
406 1535 461 1562 an
492 1518 630 1563 ullum
655 1517 892 1578 jucundius
923 1527 1095 1578 tempus
1126 1517 1368 1578 exegerim,
1394 1531 1527 1576 quain

115 1607 203 1651 quo
235 1608 377 1652 nuper
412 1591 529 1652 apud
561 1591 832 1653 Spurinnam
867 1590 955 1645 fui3
988 1590 1100 1635 adeo
1134 1591 1338 1651 quidem,
1369 1599 1418 1633 ut
1450 1606 1526 1632 ne-

114 1665 278 1708 minem
305 1666 443 1726 magis
460 1665 504 1708 in
529 1674 752 1709 senectute
768 1665 783 1717 ζ
798 1664 832 1708 si
856 1663 988 1707 modo
1010 1680 1234 1708 senescere
1262 1662 1412 1706 datum
1436 1662 1528 1722 est)

114 1736 310 1781 aemulari
335 1737 464 1781 velim
485 1755 493 1780 :
520 1738 630 1782 nihil
650 1748 714 1782 est
738 1738 856 1781 enim
874 1736 947 1781 illo
967 1738 1066 1781 vitae
1086 1753 1246 1797 genere
1267 1736 1527 1780 distinctius.

114 1811 191 1854 Me
217 1819 365 1853 autem
397 1819 445 1853 ut
483 1820 628 1854 certus
656 1810 849 1854 siderum
880 1827 1056 1864 cursus,
1084 1810 1143 1853 ita
1174 1811 1262 1854 vita
1295 1809 1527 1853 hominum
1557 1834 1564 1851 ·,

116 1881 324 1943 disposita
345 1882 552 1938 delectat,
575 1900 728 1927 senum
753 1884 994 1944 praesertim
1016 1899 1025 1926 :
1053 1899 1154 1926 nam
1180 1883 1360 1943 juvenes
1385 1881 1529 1926 adhuc

116 1955 298 2000 confusa
319 1956 517 2017 quaedam
545 1967 586 2001 et
613 1958 736 2018 quasi
765 1957 940 2000 turbata
977 1973 1066 1999 non
1088 1956 1317 2011 indecent3
1353 1955 1529 1998 senibus

113 2027 285 2087 placida
304 2031 453 2073 omnia
480 2039 524 2073 et
560 2030 760 2074 ordinata
794 2030 1087 2084 conveniunt,
1120 2030 1280 2091 quibus
1312 2028 1527 2072 industria

116 2117 237 2155 sera,
267 2103 409 2164 turpis
445 2103 625 2147 ambitio
662 2113 739 2147 est.
772 2106 898 2148 Hanc
934 2102 1129 2163 regulam
1161 2102 1384 2163 Spurinna
1419 2116 1526 2145 con·
1555 2144 1560 2149 k

164 2251 192 2283 Ι.
208 2264 219 2282 1
230 2277 237 2284 .
248 2254 444 2287 Discinctius.
454 2254 671 2295 ordinatius,
679 2266 788 2300 quum

117 2303 234 2338 omnia
249 2304 324 2337 vitae
338 2307 479 2350 negotia
496 2306 717 2340 considerata
732 2319 787 2341 ra-

116 2355 210 2389 tione
221 2356 310 2390 bene
323 2357 488 2403 disposita
503 2366 594 2393 sunt.
604 2360 687 2392 Mox
698 2372 789 2393 eam-

115 2407 197 2441 dem
216 2410 324 2444 vitam
342 2412 531 2453 dispositam
550 2419 582 2444 et
599 2414 788 2445 ordinatam

117 2460 211 2495 dicit.
229 2463 270 2495 E.

166 2527 197 2547 2.
221 2517 389 2548 Industria
407 2529 489 2549 sera.
512 2517 675 2549 Nominat
698 2516 787 2549 duas

116 2578 170 2598 res
184 2591 193 2606 ‚
222 2579 298 2612 quae
327 2569 467 2601 turbare
497 2569 597 2601 illum
629 2568 787 2601 ordinem

117 2625 221 2663 atque
248 2619 504 2654 distinctionem
529 2622 606 2654 vitae
619 2646 628 2660 ‚
656 2634 695 2654 ac
725 2621 787 2655 ho-

116 2678 213 2703 neste
232 2671 372 2715 quidem
398 2681 543 2718 possunt
565 2673 598 2705 in
625 2673 720 2712 aliis,
740 2674 789 2706 in-

115 2719 286 2758 dustrIam
302 2731 404 2769 atque
416 2726 640 2760 ambitionem
655 2751 663 2766 ‚
679 2734 788 2759 osten-

855 2253 994 2299 ditque,
1021 2266 1078 2287 eas
1101 2254 1137 2286 'm
1158 2253 1298 2287 senibus
1317 2253 1434 2286 locum
1456 2264 1528 2285 non

853 2305 995 2340 habere.
1010 2306 1055 2340 G.
1072 2327 1118 2332 ——
1135 2309 1304 2339 Industria
1317 2313 1368 2339 est
1387 2317 1506 2338 eorum
1518 2329 1527 2344 ‚

854 2359 915 2405 qui
942 2360 1071 2393 caussis
1094 2358 1237 2405 agendis
1250 2384 1260 2400 ‚
1287 2357 1529 2402 obeundisque

854 2411 978 2445 officiis
992 2411 1136 2445 nimiam
1150 2424 1293 2458 operam
1307 2417 1437 2444 navant
1451 2434 1459 2449 ‚
1474 2408 1528 2441 vel

854 2464 971 2509 gratiae
984 2489 992 2505 ‚
1001 2464 1056 2498 vel
1067 2471 1215 2510 quaestus
1230 2475 1365 2498 caussa.
1383 2462 1526 2494 Ambitio

854 2529 990 2557 eorum,
1003 2517 1064 2562 qui
1074 2517 1226 2550 honores
1239 2516 1417 2549 affectant.
1432 2514 1527 2552 Haec,

855 2570 883 2602 si
915 2569 1060 2603 honeste
1092 2570 1179 2603 fiant
1195 2596 1203 2610 ,
1237 2576 1328 2602 certe
1356 2570 1525 2613 juvenum

856 2630 958 2662 sunt,
980 2635 1049 2655 non
1076 2635 1210 2655 senum.
1233 2623 1344 2665 Legas
1357 2644 1366 2659 ‚
1386 2631 1502 2665 quaeso
1517 2643 1526 2657 ,

856 2674 961 2708 finem
977 2675 1084 2721 hujus
1098 2675 1267 2720 epistolae,
1283 2680 1317 2706 ut
1333 2672 1390 2705 illa
1406 2671 1529 2705 melius

1084 2729 1090 2737 x

859 2728 1044 2773 intelligas.
1064 2729 1090 2761 E
