1742 2989
168 1229 189 1258 6

223 184 313 229 318

641 184 690 225 C.
727 182 951 225 PLINII
985 183 1109 228 LIB.
1146 184 1198 226 V.

219 267 326 320 rite,
361 264 477 311 ultra
514 280 646 326 quam
678 262 877 308 comoedo
912 278 1085 306 necesse
1116 272 1191 306 est.
1225 261 1346 306 Idem
1384 271 1473 306 tam
1506 278 1627 306 com-

220 339 349 383 mode
368 339 587 383 orationes
606 347 650 381 et
669 336 874 380 historias
894 345 937 379 et.
955 337 1151 380 carmina
1171 335 1295 397 legit,
1311 345 1360 379 ut
1381 335 1465 380 hoc
1487 335 1628 380 solum

175 423 193 455 3
219 413 420 457 didicisse
453 411 668 456 videatur.
698 413 801 455 Haec
836 410 916 453 tibi
949 410 1098 454 sedulo
1130 410 1337 471 exposui,
1367 427 1454 470 quo
1488 410 1628 471 magis

219 487 372 541 scires,
401 503 534 547 quam
563 483 702 529 multa
728 501 844 527 unus
866 484 976 527 mihi
1001 494 1043 527 et
1066 501 1197 545 quam
1214 483 1411 545 jucunda
1435 484 1629 527 ministe-

220 561 284 603 ria
325 568 561 620 praestaret.
597 557 778 602 Accedit
813 557 901 601 huc
935 556 1068 619 longa
1097 559 1187 618 jam
1223 558 1379 602 caritas
1412 556 1625 610 hominis,

173 643 190 678 4
218 649 351 693 quam
381 634 473 693 ipsa
499 630 693 693 pericula
725 640 958 674 auxerunt.
981 633 1060 675 Est
1089 633 1206 675 enim
1232 632 1292 675 ita
1318 641 1477 674 natura
1502 647 1626 674 com-

217 716 453 766 paratum,
490 715 537 748 ut
572 704 681 748 nihil
712 721 834 765 aeque
873 721 1070 748 amorem
1111 705 1264 748 incitet
1301 714 1344 747 et
1384 703 1619 759 accendat,

216 795 347 838 quam
392 777 569 821 carendi
612 787 784 833 metus,
820 794 951 838 quem
995 794 1075 839 ego
1118 794 1199 839 pro
1234 777 1318 821 hoc
1362 793 1452 819 non
1489 775 1620 820 semel

170 862 189 894 5
216 852 374 912 patior.
403 853 515 894 Nam
547 860 646 894 ante
673 849 841 911 aliquot
867 867 1027 908 annos,
1053 850 1158 894 dum
1189 851 1355 893 intente
1385 850 1624 893 instanter-

215 941 302 985 que
347 924 634 985 pronuntiat,
673 925 932 985 sanguinem
966 925 1148 985 rejecit,
1186 934 1318 985 atque
1354 923 1409 967 ob
1454 923 1538 966 hoc
1581 922 1626 964 in

215 999 452 1058 AEgyptum
490 999 646 1041 missus
676 1014 701 1041 a
732 1014 802 1041 me
823 1033 834 1052 ‚
867 1007 966 1058 post
1006 997 1183 1058 longam
1222 994 1626 1056 peregrinationem

215 1072 501 1116 confirmatus
521 1071 650 1115 rediit
670 1088 812 1132 nuper
836 1088 844 1115 :
868 1071 1024 1115 deinde
1048 1071 1151 1114 dum
1178 1087 1256 1131 per
1281 1068 1513 1113 continuos
1535 1066 1626 1109 dies

215 1145 344 1187 nimis
371 1146 558 1205 imperat
585 1145 705 1199 voci,
727 1145 886 1188 veteris
912 1145 1180 1189 infirmitatis
1203 1142 1408 1187 tussicula
1430 1141 1625 1185 admoni-

215 1228 306 1273 tus,
330 1235 481 1262 rursus
507 1219 768 1279 sanguinem
794 1219 997 1264 reddidit.
1026 1220 1127 1276 Qua
1153 1235 1205 1262 ex
1234 1233 1385 1262 caussa
1410 1215 1625 1260 destinavi

214 1309 314 1336 eum
347 1292 523 1335 mittere
555 1293 599 1335 in
629 1291 792 1353 praedia
821 1302 922 1348 tua,
946 1309 1043 1354 quae
1068 1294 1101 1335 F
1104 1290 1277 1352 orojulii
1303 1288 1510 1352 possides.
1535 1289 1626 1332 Au-

213 1425 320 1458 utitur
331 1451 339 1466 ‚
353 1434 384 1458 et
402 1438 488 1459 voce
504 1426 651 1459 tremula
665 1451 674 1466 ‚
685 1433 750 1459 etc.
768 1430 888 1458 Decen-

213 1488 275 1514 ter.
293 1479 352 1524 qui
368 1478 413 1511 ad
426 1479 589 1512 minutias
604 1491 712 1525 usque
725 1478 889 1512 minimas

213 1530 412 1571 descendit,
433 1539 465 1565 et
484 1544 669 1578 personam
688 1539 797 1564 totam
817 1532 863 1564 ita
877 1559 886 1574 ‚

213 1592 250 1617 ut
258 1584 403 1630 pulchra
413 1585 525 1630 imago
535 1585 685 1617 animale
692 1584 888 1630 exemplum

211 1649 315 1670 suum
328 1663 336 1677 ,
348 1638 522 1684 exprimit.
536 1637 618 1670 Vid.
630 1638 681 1670 VI
693 1663 702 1679 ,
719 1650 756 1670 21
766 1663 775 1678 ‚
790 1638 822 1671 5.
841 1638 885 1671 G.

212 1711 257 1714 —
269 1693 377 1722 Utitur
394 1701 425 1723 et
445 1693 583 1723 cithara.
601 1692 700 1723 Rom,
724 1693 830 1722 Utitur
846 1693 889 1722 ci-

213 1745 319 1776 thara.
340 1744 385 1776 H.

258 1817 304 1821 *-
323 1799 493 1829 Commode
501 1821 601 1829 .....
612 1799 694 1841 legit.
715 1797 889 1831 Nimirum

213 1849 369 1882 comoedo
382 1863 524 1895 operam
539 1849 669 1883 dabant
683 1876 690 1890 ,
703 1851 761 1895 qui
776 1851 888 1896 legere

211 1910 304 1935 recte
315 1928 324 1943 ‚
340 1911 401 1936 aut
415 1916 515 1947 agere
528 1903 561 1935 in
574 1903 741 1935 concione
755 1903 887 1937 discere

212 1956 353 1989 vellent.
370 1956 452 1989 vid.
469 1957 592 1997 Quint.
612 1958 650 1996 Ι,
674 1969 686 1990 1
698 1969 728 1997 1,
752 1970 782 1990 1.
798 1961 886 1989 Dan-

213 2011 287 2040 dum
301 2011 429 2052 aliquid
440 2013 581 2041 ‹zomoedo
596 2024 722 2054 quoque
733 2036 740 2047 ‚
761 2018 825 2043 etc,
840 2010 884 2043 G.

261 2061 293 2094 3.
314 2065 449 2093 Accedit
469 2064 530 2094 liz-‘c
551 2066 646 2105 longa
662 2066 736 2107 jum
754 2066 883 2096 caricas.

211 2115 312 2146 Rom.
332 2117 467 2146 Accedit
490 2118 586 2158 longa
597 2118 670 2159 jam
693 2118 822 2148 caricas.
838 2116 882 2148 H.

212 2167 368 2212 Plerique
394 2168 473 2200 libri
494 2170 555 2199 lzlec
582 2169 745 2201 omittunt
761 2181 769 2208 3
793 2168 885 2202 dele-

211 2220 329 2265 vitque
344 2232 421 2253 cum
437 2221 554 2254 Cortio
570 2221 756 2267 Gierigius.
778 2222 812 2255 S.

259 2277 291 2313 4.
307 2276 366 2304 Est
390 2276 471 2305 enim
497 2276 545 2305 ita
568 2285 688 2306 ηιιίιινα
714 2288 885 2317 compara-

211 2335 287 2357 tunt.
307 2327 407 2358 ROUI.
432 2330 489 2358 ESC
515 2329 596 2358 ΘῘὶῐῘῘΙ
615 2337 734 2359 llalllra
757 2341 885 2370 COUIJ)ll·

211 2389 327 2411 l'atllllz.
347 2378 391 2411 H.

259 2432 291 2463 5.
313 2435 396 2463 Dum
429 2434 564 2469 intente,
584 2439 651 2465 etc.
675 2433 776 2464 Rom.
798 2436 881 2464 Dum

211 2486 329 2515 intente
345 2487 561 2527 instanterque
577 2488 811 2527 pronuntiaret.
835 2486 879 2518 H.

211 2557 255 2560 -—
266 2540 311 2568 Ob
325 2539 428 2569 hocin
442 2540 624 2580 AEgypmm.
636 2538 800 2583 Adposite
810 2538 882 2571 lau-

210 2588 366 2623 (lavithic
379 2590 545 2624 Cellarius
554 2590 703 2623 Plinium
716 2592 880 2637 majorem

212 2642 288 2675 libr.
298 2643 421 2683 XXXI,
433 2646 465 2683 6,
476 2644 546 2676 sive
559 2645 615 2677 33·
629 2660 641 2671 ι(
651 2644 771 2687 Neque
781 2646 880 2689 1138)·-

211 2707 288 2743 ptus
300 2709 439 2745 propter
452 2714 486 2734 se
502 2701 628 2746 petitur
639 2726 647 2741 ‚
663 2700 722 2735 sed
739 2709 879 2747 propter

954 1426 1242 1472 longinquitatem
1275 1422 1476 1469 navigandi.
1502 1439 1516 1451 ι)
1555 1420 1624 1454 Sed

954 1479 1102 1512 maxime
1118 1479 1184 1512 huc
1198 1479 1371 1524 pertinent
1382 1502 1390 1517 ‚
1405 1489 1481 1522 quae
1497 1487 1624 1522 praece-

954 1533 1059 1567 dunt:
1072 1532 1294 1577 «Principalis
1310 1533 1408 1563 maris
1423 1543 1494 1562 usus
1507 1538 1553 1560 est
1565 1541 1624 1561 na-

954 1580 1097 1626 vigandi
1123 1580 1251 1626 phthisi
1277 1578 1412 1612 affectis
1428 1602 1437 1617 ,
1467 1584 1525 1609 aut
1548 1588 1624 1609 san-

953 1635 1093 1680 guinem
1111 1633 1335 1679 egerentibus.
1351 1648 1363 1660 »
1385 1628 1489 1672 Quod
1507 1637 1622 1661 autem

953 1688 1091 1734 negavit
1100 1690 1212 1731 AEgyp.
1225 1695 1356 1729 propter
1365 1697 1397 1716 se
1405 1685 1492 1726 peti,
1507 1682 1541 1714 in
1555 1681 1622 1714 hoc

954 1741 1187 1775 contradicere
1198 1739 1267 1772 vid.
1280 1739 1378 1772 Celso
1391 1762 1399 1777 ,
1411 1736 1470 1781 qui
1479 1736 1531 1767 III
1542 1759 1551 1774 ‚
1566 1747 1621 1773 22,

954 1795 1132 1841 phthisicis
1152 1807 1258 1840 «opus
1271 1801 1321 1826 cst
1331 1817 1339 1832 ‚
1355 1792 1474 1833 inquit,
1492 1788 1520 1822 si
1532 1787 1622 1821 vires

954 1849 1149 1895 patiuntur,
1166 1848 1269 1893 longa
1286 1843 1505 1889 navigatione
1519 1867 1528 1882 ‚
1551 1840 1622 1874 caeli

954 1903 1147 1935 mutatione
1161 1927 1168 1941 ‚
1191 1901 1238 1934 sic
1254 1925 1261 1939 ‚
1282 1906 1320 1931 ut
1337 1896 1476 1930 densius
1489 1920 1497 1935 ,
1516 1906 1621 1939 quam

953 1955 987 1988 id
1006 1963 1055 1989 cst
1068 1981 1076 1995 ‚
1097 1968 1135 1988 ex
1148 1967 1217 2001 quo
1236 1951 1379 1986 discedit
1397 1961 1504 1993 aeger,
1525 1954 1620 1992 peta-

952 2017 1026 2041 tur:
1038 2008 1184 2053 ideoque
1195 2005 1365 2052 aptissime
1376 1999 1619 2034 Alexandriam

952 2074 991 2094 ex
1010 2062 1108 2094 ltalia
1126 2061 1204 2093 itur.
1215 2076 1227 2088 »
1243 2059 1340 2091 G.—-
1352 2057 1454 2088 Nimis
1473 2056 1617 2097 imperat.

951 2116 1083 2148 Vocem
1096 2112 1239 2159 legendo
1255 2119 1314 2144 aut
1329 2106 1557 2142 declamando
1570 2105 1620 2137 ni-

951 2169 1059 2202 mium
1077 2176 1109 2200 et
1129 2178 1231 2211 supra
1250 2165 1339 2198 vires
1356 2160 1502 2195 intendit
1512 2183 1611 2191 .....

951 2221 1131 2254 Catanaeus
1162 2226 1258 2251 notat
1288 2216 1389 2250 etiam
1421 2214 1487 2259 legi
1515 2214 1618 2244 minus

950 2277 1087 2317 imperat
1104 2275 1199 2311 voci,
1221 2283 1296 2317 quae
1321 2281 1403 2302 sane
1428 2265 1561 2300 facilior
1586 2271 1617 2296 et

950 2327 1106 2360 usitatior
1129 2327 1241 2359 forma
1268 2331 1330 2357 est.
1351 2323 1391 2354 E.
1404 2342 1448 2346 -—-
1461 2318 1554 2352 Nihil
1573 2316 1617 2349 de

949 2379 1015 2412 hac
1028 2378 1241 2426 διττογραερίᾳ
1254 2378 1288 2410 in
1303 2375 1465 2410 Cortiana
1476 2398 1485 2413 ‚
1498 2383 1573 2418 quae
1584 2378 1616 2402 et

948 2433 1050 2473 alibi,
1066 2441 1234 2478 quantum
1254 2427 1492 2466 commemini,
1507 2426 1541 2457 in
1557 2437 1616 2481 no-

947 2486 991 2518 tis
1013 2486 1164 2519 Czitaiiaei
1182 2483 1367 2518 reddendis
1387 2479 1614 2525 negligentior

946 2539 1023 2571 fuit.
1043 2540 1212 2572 Caeterum
1233 2539 1324 2570 m'mis
1343 2538 1478 2576 imperat
1494 2529 1613 2576 genui-

946 2605 1041 2625 num.
1054 2592 1087 2625 S.

997 2650 1030 2679 6.
1053 2647 1217 2689 Forojulii.
1241 2642 1339 2676 Italia
1365 2640 1435 2673 duo
1464 2639 1613 2672 habebat

944 2699 1046 2747 hujus
1066 2698 1216 2732 nominis
1238 2693 1367 2742 oppida
1382 2718 1390 2734 ,
1411 2692 1556 2726 alterum
1577 2691 1611 2722 in
