1742 2989
499 163 850 206 EPISTULA
889 164 1076 205 xxiv.

82 248 280 290 animum
317 244 414 288 lusu
454 243 746 299 calculorum,

1392 164 1485 223 [429

783 244 919 288 solere
953 254 1146 305 spectare
1193 245 1486 305 pantomimos

82 335 206 372 suos;
233 317 307 361 sed
335 333 471 378 quum
497 316 666 361 factura
692 328 802 362 esset
823 317 1107 373 alterutrum,
1133 334 1303 379 semper
1337 335 1381 362 se
1400 334 1485 378 'ne-

82 393 174 452 poti
202 409 280 436 suo
310 391 584 452 praecepisse,
610 391 770 445 abiret,
799 391 1102 452 studeretque:
1124 391 1242 452 quod
1264 391 1372 434 mihi
1397 407 1486 434 non

81 481 230 508 amore
250 465 342 525 ejus
368 465 505 524 magis
531 464 672 508 facere
689 501 700 520 ,
725 481 857 526 quam
876 466 1118 508 reverentia
1138 465 1380 509 videbatur.
1404 465 1487 508 Mi·
1526 483 1533 497 ¹

82 538 267 593 raberis,
284 547 327 581 et
340 554 421 598 ego
438 538 617 581 miratus
632 555 741 581 sum.
758 539 974 582 Proximis
994 537 1334 582 sacerdotalibus
1353 537 1487 591 ludis,

80 610 306 669 productis
320 610 364 652 in
380 611 683 654 commissione
697 611 1000 671 pantomimis,
1015 628 1152 671 quum
1166 610 1295 654 simul
1315 611 1488 654 theatro

80 700 161 744 ego
187 693 230 727 et
250 683 503 740 Quadratus
523 684 857 745 egrederemur,
883 685 943 728 ait
969 685 1101 728 mihi:
1128 687 1243 739 Scis,
1269 701 1340 729 me
1358 685 1489 729 hodie

67 761 267 817 primum
281 756 449 800 vidisse
460 758 699 801 saltantem
715 762 833 802 aviae
851 775 966 802 meoe
978 758 1178 802 libertum
1189 759 1212 801 Ρ
1231 762 1326 802 Hoc
1341 775 1488 819 nepos.

79 832 163 885 At,
192 829 396 885 hercule,
431 829 685 873 alienissimi
720 831 920 875 homines
955 832 1000 874 in
1036 832 1249 875 honorem
1284 831 1486 888 Quadra-

78 901 180 946 tillae
200 902 216 963 (
236 903 373 963 pudet
397 919 467 946 me
496 902 654 946 dixisse
679 903 894 946 honorem
915 903 951 964 ),
980 921 1059 964 per
1087 904 1350 948 adulationis
1387 904 1489 947 offi-

79 975 197 1017 cium
211 1009 222 1028 ,
249 975 294 1017 in
314 975 538 1018 theatrum
557 976 847 1031 cursitabant,
873 976 1171 1031 exsultabant,
1200 977 1490 1038 plaudebant,

78 1048 379 1092 mirabantur:
411 1065 461 1092 ac
486 1047 644 1092 deinde
672 1048 868 1109 singulos
895 1059 1039 1109 gestus
1063 1049 1250 1094 dominae
1268 1067 1366 1094 cum
1390 1067 1489 1094 can-

79 1123 175 1166 ticis
203 1121 473 1177 reddebant3
500 1123 574 1182 qui
610 1139 730 1166 nunc
768 1123 1047 1183 exiguissima
1078 1123 1240 1184 legata,
1268 1123 1491 1166 theatralis

79 1211 221 1255 operae
243 1194 523 1239 corollarium
540 1230 550 1249 ,
575 1195 791 1255 accipient
817 1195 872 1238 ab
902 1195 1084 1250 herede,
1110 1197 1185 1257 qui
1212 1213 1301 1239 non
1325 1205 1490 1256 specta-

1513 854 1532 886 xl

77 1345 267 1385 disputaret.
282 1344 316 1376 S.
329 1362 375 1367 --
391 1345 464 1374 Οιίο
491 1355 585 1374 sexus
612 1350 645 1375 et
673 1349 752 1374 aeta-

77 1395 120 1427 tis
138 1407 146 1427 ;
166 1395 244 1428 talis
259 1395 350 1428 enim
365 1402 397 1428 et
411 1395 486 1428 alea
501 1393 626 1427 ludunt
639 1406 748 1427 seneS.

77 1447 132 1480 Sic
156 1453 343 1494 γεροντικῶς
373 1450 481 1480 lusisse
509 1460 544 1480 se
566 1446 684 1479 scribit
707 1445 750 1479 ad

76 1499 254 1533 Tiberium
284 1500 458 1545 Augustus
491 1501 633 1533 Sueton.
671 1511 749 1544 cap.

77 1553 201 1585 LXXI.
216 1552 261 1585 G.
272 1572 319 1577 --
331 1555 455 1585 Calculi
462 1552 513 1584 illi
526 1552 580 1585 vel
593 1564 634 1585 ex
648 1551 751 1591 vitro,

78 1605 132 1637 vel
151 1605 269 1644 ebore,
290 1612 447 1650 argento,
463 1618 549 1637 auro
564 1605 647 1637 facti
662 1629 670 1644 ‚
692 1616 750 1636 co-

76 1657 191 1690 lorum
211 1657 374 1690 varietate
399 1657 434 1689 in
454 1656 524 1689 duo
550 1668 676 1702 genera
701 1655 751 1688 di-

77 1709 139 1741 visi
166 1717 285 1748 erant,
315 1717 421 1755 atque
446 1709 549 1741 etiam
579 1709 754 1740 latrunculi

77 1761 295 1795 dicebantur.
317 1762 383 1794 EI).
400 1782 445 1786 —-
459 1763 655 1793 Reverentia.
684 1759 749 1791 Illa

79 1814 239 1847 nimirum
252 1839 261 1854 ‚
282 1827 388 1860 quam
401 1827 504 1857 puero
523 1813 624 1846 etiam
645 1814 752 1844 deberi

78 1870 258 1899 maa-imam
271 1867 444 1900 Juvenalis
459 1866 505 1899 ait
515 1866 614 1906 XIV,
629 1873 671 1910 47
685 1876 692 1897 ε
708 1865 752 1897 Et

73 1930 247 1961 peccaturo
262 1922 395 1952 obsistat
409 1921 561 1963 tibifilius
572 1920 691 1962 infans.
704 1918 749 1951 G.

125 1974 157 2005 6.
169 1977 207 2004 In
221 1974 450 2004 commissione.
465 1972 583 2012 Quum
597 1972 751 2004 commit-

77 2031 232 2058 terentur
252 2038 292 2059 ac
307 2032 480 2058 certamen
504 2024 631 2056 inirent
650 2035 657 2055 :
674 2036 751 2069 pro-

78 2078 192 2122 prium
210 2078 352 2111 ludicris
365 2077 492 2122 pariter
511 2088 551 2109 ac
570 2077 665 2109 seriis
679 2089 750 2109 cer-

77 2130 263 2163 taminibus
282 2131 440 2163 verbum.
451 2129 495 2162 G.

126 2195 157 2226 7.
172 2185 277 2214 Pudet
291 2196 339 2214 me
353 2184 482 2214 dia-isse.
499 2182 622 2215 Dicere
636 2181 749 2226 coepit,

78 2237 219 2267 homines
254 2237 465 2267 alienissimos
497 2236 606 2279 (quos
632 2233 750 2278 nepoti

77 2288 240 2332 opponit,
260 2287 355 2321 nulla
376 2287 583 2333 cognatione
604 2288 749 2332 conjun-

77 2342 171 2382 ctos)
192 2340 225 2372 in
245 2340 419 2373 theatrum
438 2340 593 2379 venisse,
617 2339 750 2384 quoties

78 2393 240 2425 saltarent
268 2392 496 2434 Quadratillae
523 2392 748 2437 pantomimi,

77 2444 182 2491 idque
199 2445 318 2479 fecisse
335 2447 367 2477 ιή
388 2447 540 2477 honorem
560 2446 750 2486 Quadratil-

79 2501 118 2530 loe
132 2511 143 2529 .·
162 2498 228 2530 hoc
254 2510 336 2530 vero
356 2498 516 2542 corrigit,
533 2499 683 2529 honorem
700 2496 752 2529 di-

79 2562 156 2583 cere
177 2563 246 2583 non
269 2551 364 2590 vult3
387 2552 585 2582 adulationis
608 2551 749 2595 officium

80 2603 265 2636 substituit.
277 2604 408 2648 Nempe
418 2602 624 2647 heredipetre
636 2627 644 2641 ,
661 2602 749 2634 inter

81 2654 163 2687 alias
177 2664 264 2688 artes
280 2668 377 2695 suas,
393 2655 574 2701 captabant
592 2655 635 2686 ita
652 2654 748 2695 Qua-

818 1341 1014 1381 dratillam,
1042 1350 1079 1374 ut
1105 1342 1284 1382 viderent,
1310 1342 1490 1375 laudarent

818 1393 910 1427 illius
925 1394 1177 1439 pantomimos3
1195 1394 1491 1440 quemadmodum

818 1454 938 1480 contra
952 1446 1045 1492 apud
1055 1447 1202 1480 Lucian.
1214 1446 1257 1480 de
1269 1460 1373 1480 mere.
1386 1448 1489 1481 cond.

817 1511 898 1544 pag.
914 1501 993 1543 469.
1005 1499 1066 1531 Gr.
1082 1499 1212 1532 crimen
1237 1506 1305 1539 est,
1321 1512 1392 1532 non
1413 1500 1491 1532 lau-

818 1551 916 1584 dasse
951 1551 1133 1584 saltantem
1169 1551 1359 1584 servulum.
1389 1551 1491 1585 Hunc

818 1603 920 1649 igitur
939 1603 1069 1636 Plinius
1092 1611 1196 1648 negat
1223 1603 1393 1637 honorem
1419 1617 1492 1637 esse

817 1655 1044 1696 Quadratillae
1060 1657 1217 1689 habitum
1232 1668 1240 1695 ;
1256 1655 1492 1690 adulationem

817 1716 926 1740 vocat.
946 1707 1045 1740 Hanc
1065 1707 1233 1740 adulandi
1251 1708 1492 1754 indignitatem

816 1759 942 1792 deinde
969 1759 1131 1792 describit
1156 1760 1319 1806 graphice
1335 1773 1342 1793 ;
1358 1765 1492 1794 cursita-

817 1815 895 1844 banc
908 1812 942 1844 in
959 1811 1133 1845 theatrum
1147 1825 1155 1852 ;
1173 1816 1381 1845 exsultabant
1393 1817 1492 1860 quasi

817 1864 963 1910 gaudio,
992 1865 1127 1911 quoties
1152 1866 1241 1898 bene
1272 1878 1346 1898 rem
1373 1879 1492 1912 gerere

817 1916 1018 1950 viderentur
1036 1918 1241 1963 pantomimi
1260 1931 1268 1959 3
1288 1922 1493 1961 plaudebam

817 1982 900 2003 voce
911 1995 919 2009 ,
935 1982 1041 2003 manu
1054 1982 1063 2010 3
1081 1973 1284 2003 mirabantur
1295 1980 1404 2005 artem
1418 1973 1491 2006 illo-

816 2036 894 2055 rum
909 2048 918 2063 ‚
951 2035 1055 2068 quam
1087 2023 1317 2057 admiratione
1348 2024 1489 2069 dignam

816 2087 886 2108 non
906 2076 1107 2120 negaverit,
1130 2076 1190 2121 qui
1218 2077 1376 2109 Luciano
1395 2077 1489 2110 illam

816 2128 1026 2162 describenti
1044 2128 1176 2162 credit
1169 2142 1203 2162 m
1220 2129 1336 2162 libello
1353 2145 1392 2164 π
1382 2131 1423 2177 9.

815 2196 893 2226 χησε
882 2197 938 2220 ος)
951 2195 960 2223 ;
984 2184 1159 2214 reddebant
1186 2184 1326 2214 domim
1349 2183 1489 2215 1110111111

816 2233 1040 2274 Quadratillae
1066 2242 1098 2267 et
1120 2235 1266 2280 repetito
1292 2235 1390 2280 quasi
1414 2248 1489 2280 spe-

816 2285 951 2319 ctaculo
963 2286 1170 2319 exhibebant
1179 2297 1302 2330 gestus,
1316 2299 1403 2332 quos
1414 2300 1488 2320 mo-

816 2338 862 2371 ‹lo
890 2337 1047 2371 viderant
1067 2353 1138 2370 cum
1157 2342 1289 2372 canticis
1307 2347 1338 2373 et
1354 2340 1464 2372 modis
1478 2366 1486 2380 ‚

817 2390 861 2424 ad
875 2403 962 2436 quos
982 2391 1030 2424 illi
1045 2392 1253 2425 saltaverant
1266 2404 1274 2431 ;
1288 2405 1398 2437 eoque
1414 2406 1487 2426 nio-

816 2443 861 2476 do
875 2451 1120 2477 testamentum
1144 2457 1211 2477 suae
1224 2445 1348 2490 reginae
1364 2447 1486 2479 mereri

817 2496 1014 2529 studebant.
1042 2499 1084 2528 At
1106 2497 1258 2529 frustrati
1286 2507 1365 2531 sunt
1394 2511 1487 2543 egre-

816 2549 870 2593 gie
891 2561 898 2581 :
919 2563 1003 2580 mmc
1022 2549 1113 2581 0111111
1135 2551 1340 2592 ι’.ι·ι;ςιιι’5ςι’1η(ι
1359 2554 1464 2594 legata
1476 2579 1483 2587 ,

816 2610 880 2635 etc.
903 2602 946 2634 G.

816 2654 973 2686 theatrali
985 2654 1263 2699 operajungitur.
1278 2654 1381 2687 Docet
1393 2656 1484 2689 enini

968 2623 1008 2626 -r
1033 2605 1253 2634 Corollarimn.
1279 2604 1378 2635 Recto
1407 2616 1484 2636 cuin
