1742 2989
0 2629 5 2814 ξ

2 2815 7 2915 l

0 2920 8 2989 l

545 200 898 243 EPISTOLA
931 200 1070 243 XIV.
1423 210 1499 238 111

107 282 261 326 crescit
286 280 331 324 in
361 279 450 324 dies
484 280 654 325 foeditas
687 290 874 342 utraque
908 281 1056 342 lingua
1091 287 1255 322 notata.
1290 278 1395 321 Heri
1424 277 1510 321 duo
1535 287 1555 317 (5

107 354 453 399 nomenclatores
488 355 599 410 inei,
634 353 825 415 (habent
859 371 960 399 sane
1006 362 1176 397 aetatem
1215 367 1397 404 eorum,
1433 351 1511 410 qui

107 445 249 489 nuper
265 437 387 488 togas
407 427 695 489 sumpserint)
711 428 845 471 ternis
866 427 1052 471 denariis
1073 424 1127 469 ad
1142 422 1409 468 laudandum
1427 431 1514 465 tra-

108 501 327 545 hebantur
351 517 361 545 :
386 502 495 544 tanti
526 510 720 555 constat,
744 511 794 545 ut
820 503 874 546 sis
906 499 1222 545 disertissimus.
1250 499 1346 540 Hoc
1371 496 1513 557 pretio

108 573 347 634 quamlibet
374 591 605 618 numerosa
632 574 835 618 subsellia
861 573 1099 635 implentur
1120 589 1128 615 z
1150 572 1235 615 hoc
1261 571 1414 630 ingens
1437 585 1514 612 co-

108 664 217 691 rona
240 646 483 708 colligitur:
504 648 588 692 hoc
604 648 765 692 infiniti
780 648 990 693 clamores
1005 654 1359 698 commoventur,
1376 659 1510 704 quum

108 725 322 785 μεσόχορος
356 722 475 766 dedit
509 724 693 784 signum.
723 724 848 784 Opus
877 733 941 767 est
973 722 1089 766 enim
1120 721 1244 781 signo
1279 718 1396 779 apud
1424 734 1513 761 non
1539 737 1558 771 7

107 795 418 857 intelligentes,
438 813 493 840 ne
513 796 738 840 audientes
760 797 938 857 quidem
958 813 966 840 :
985 812 1087 839 nam
1107 794 1305 855 plerique
1324 809 1413 835 non
1434 808 1514 835 au-

107 869 257 924 diunt,
293 887 374 915 nec
413 870 490 914 ulli
520 871 659 932 magis
694 870 885 914 laudant.
916 870 961 914 Si
994 868 1169 931 quando
1202 866 1406 910 transibis
1437 882 1515 926 per
1539 867 1559 899 8

106 942 355 997 basilicam,
387 954 430 988 et
462 944 579 988 voles
608 945 741 999 scire,
768 944 989 1005 quomodo
1024 944 1207 1004 quisque
1242 940 1379 993 dicat,
1406 938 1516 982 nihil

107 1025 201 1072 est,
234 1016 353 1078 quod
385 1017 576 1061 tribunal
617 1018 847 1074 ascendas3
885 1016 1022 1071 nihil,
1052 1015 1170 1077 quod
1207 1014 1400 1075 praebeas
1434 1029 1514 1056 au-

107 1104 226 1144 rem,
257 1089 394 1134 facilis
428 1090 639 1135 divinatio
668 1108 677 1135 :

716 1092 853 1145 scito,
885 1108 986 1135 eum
1018 1089 1204 1151 pessime
1239 1087 1406 1141 dicere,
1440 1087 1515 1147 qui

107 1159 360 1206 laudabitur
394 1164 595 1208 maxime.
635 1165 808 1209 Primus
842 1165 960 1209 hunc
1000 1161 1206 1208 audiendi
1240 1177 1410 1205 morem
1444 1160 1516 1202 in-

155 1292 188 1323 6.
201 1291 280 1322 Heri
288 1293 351 1323 duo
362 1305 395 1324 n.
406 1293 504 1325 Rom.
517 1296 600 1324 Here
611 1295 674 1325 duo
685 1306 718 1325 n.
731 1292 776 1325 H.

108 1363 154 1367 -—
166 1342 257 1376 Vide
278 1356 381 1388 supra
397 1344 442 1377 ad
461 1346 495 1377 II
509 1369 518 1385 ,
538 1357 557 1389 7
570 1371 579 1386 ‚
605 1359 616 1376 1
632 1371 640 1385 ‚
661 1346 779 1390 ibique

108 1395 279 1428 Cortium.
297 1396 331 1429 S.
350 1416 395 1420 —
410 1400 684 1429 Nomenclatores.
701 1398 778 1431 Ser-

107 1459 169 1481 vos
184 1448 303 1489 fuisse,
318 1448 377 1494 qui
391 1450 650 1482 occurrentium
669 1451 779 1483 nomi-

108 1513 154 1533 na
174 1500 322 1534 dominis
342 1502 551 1547 subjicerent
567 1526 575 1542 ‚
600 1503 779 1548 pervulga-

108 1561 183 1586 tum
207 1562 269 1587 est.
294 1554 523 1587 Humaniores
550 1562 581 1587 et
610 1554 778 1588 litteratos

108 1606 213 1640 fuisse
228 1632 236 1647 ‚
258 1619 298 1640 ex
317 1607 385 1640 hoc
405 1607 478 1652 ipso
500 1607 640 1641 illorum
661 1608 778 1642 officio

108 1660 260 1705 colligas.
274 1661 327 1693 Ita
338 1661 441 1693 fuisse
454 1661 589 1694 vestitos
601 1686 610 1701 ,
624 1669 662 1693 ut
674 1662 777 1695 etiam

108 1726 171 1758 pro
185 1713 315 1746 civibus
329 1713 452 1745 haberi
465 1721 604 1758 possent
620 1714 664 1746 ab
680 1714 778 1758 igno·

109 1766 152 1798 tis
163 1790 172 1805 ,
186 1765 242 1798 vel
258 1778 299 1798 ex
314 1765 381 1798 hoc
397 1765 469 1810 ipso
485 1766 562 1798 loco
578 1764 714 1798 videtur
729 1766 779 1799 in-

109 1817 228 1862 telligi.
243 1818 328 1858 Quis
344 1818 434 1850 enim
449 1817 551 1850 ferret
568 1815 704 1851 servum
718 1818 779 1852 ho-

109 1871 238 1903 minem
249 1894 258 1910 ‚
272 1883 376 1916 quem
394 1882 513 1903 omnes
528 1870 632 1903 talem
647 1871 778 1913 sciunt,

109 1923 303 1956 immiscere
322 1936 356 1956 se
379 1924 503 1969 togatis
516 1949 525 1964 ,
549 1932 613 1957 etc.
637 1924 717 1958 Sen.
737 1925 779 1958 de

111 1976 221 2009 Cleln.
236 1978 252 2009 Ι
264 2002 272 2017 ,
290 1982 330 2018 24
344 2000 352 2015 ,
370 1990 424 2023 pr.
443 1976 538 2019 Quid
555 1977 582 2010 si
601 1978 707 2010 verba
723 1991 780 2023 pa-

110 2029 262 2063 renthesi
291 2030 427 2064 inclusa
448 2030 495 2063 ita
519 2030 777 2075 intelligamus:

111 2084 523 2117 Habellcnomenclsttores
532 2094 660 2116 (l’lllselll
672 2097 780 2116 L'Orllnl

112 2143 288 2170 oratorum
302 2162 311 2177 ,
326 2136 371 2170 ad
385 2149 471 2182 quos
485 2135 681 2169 laudandos
696 2137 781 2171 invi-

112 2195 245 2227 tantur,
259 2196 375 2234 utpote
394 2191 450 2232 qui
467 2203 567 2233 nuper
585 2199 675 2233 togas
699 2204 781 2223 sum-

107 2241 257 2283 pserint?
275 2249 312 2273 ut
333 2241 398 2287 ipsi
422 2243 511 2276 servi
532 2255 643 2287 nuper
662 2250 780 2288 togam

113 2293 298 2338 sumpsisse
312 2319 322 2335 ‚
343 2294 410 2327 hoc
433 2303 483 2327 est
503 2295 664 2340 quintum
690 2295 781 2329 deci-

112 2358 210 2379 mum
227 2359 358 2379 annum
378 2347 482 2380 aetatis
499 2347 642 2392 ingressi
660 2347 781 2381 intelli-

112 2408 252 2445 gantur.
273 2400 323 2432 De
347 2399 414 2433 hoc
433 2408 586 2444 tempore
606 2401 781 2434 sumendae

112 2459 200 2497 togae
214 2452 390 2485 Norisium
405 2451 449 2485 ad
463 2452 585 2485 Cenot.
598 2453 710 2486 Pisan.
724 2455 760 2486 II
771 2479 780 2494 ‚

115 2509 150 2545 4,
165 2505 284 2538 laudat
297 2505 448 2538 Cortius.
464 2505 508 2537 G.
523 2525 568 2529 —
583 2509 686 2549 Togas
700 2520 782 2539 sum-

109 2560 242 2600 pserint.
260 2560 358 2591 Rom.
381 2562 408 2589 T
407 2571 484 2602 ogas
502 2569 711 2601 sumpserunt.
735 2560 780 2594 H.

116 2630 161 2634 --
177 2613 372 2654 Sumpserint
388 2610 514 2644 Medic.
538 2617 571 2643 et
589 2611 783 2647 Brummeri

116 2662 298 2710 Excerpta.
307 2664 375 2698 Sed
388 2664 530 2709 praefero
545 2675 623 2696 cum
632 2664 783 2711 Gierigio

121 2727 323 2758 sumpserunt.
341 2717 375 2750 S.

875 1295 1085 1324 *subsellia
1096 1289 1331 1324 Inserviebant
1342 1302 1411 1322 non
1423 1289 1515 1335 judi-

845 1345 941 1378 cibus
957 1344 1075 1384 modo,
1088 1352 1120 1377 et
1133 1343 1284 1389 patronis
1299 1355 1514 1381 caussarum,

843 1397 902 1431 sed
926 1397 1140 1431 auditoribus
1163 1397 1278 1429 etiam.
1306 1396 1370 1428 ΕΙ).
1386 1416 1431 1421 —-
1448 1400 1515 1428 Με-

843 1453 983 1496 σόχορος.
1012 1450 1205 1482 Praecentor
1220 1473 1229 1488 ,
1257 1447 1317 1493 qui
1338 1446 1453 1479 medio
1477 1447 1513 1479 in

842 1502 949 1535 choro
964 1503 1170 1536 constitutus
1183 1513 1290 1533 manu
1306 1526 1314 1540 ‚
1330 1508 1419 1533 nutu
1432 1525 1440 1539 ‚
1456 1513 1514 1534 vo-

842 1568 902 1595 ce,
924 1562 1079 1600 tempora
1105 1562 1138 1587 et
1160 1566 1261 1586 voces
1286 1551 1511 1585 moderatur:

842 1621 1007 1654 manceps
1020 1608 1184 1640 nimirum
1197 1607 1232 1639 in
1246 1605 1360 1639 inedia
1375 1605 1513 1638 basilica

842 1661 992 1695 intentus
1006 1661 1117 1706 operis
1128 1673 1146 1693 a
1157 1673 1193 1693 se
1207 1658 1399 1693 conductis.
1411 1661 1511 1704 Χορὸν

843 1716 951 1749 οἰκεῖον
972 1716 1026 1749 καὶ
1043 1713 1227 1760 συνᾴδοντα.
1246 1714 1312 1746 hac
1328 1713 1362 1745 in
1382 1725 1418 1745 re
1439 1712 1512 1745 Iau-

843 1767 901 1801 dat
913 1770 997 1801 Luc.
1010 1768 1108 1801 Rhet.
1119 1779 1221 1813 praec.
1233 1779 1268 1811 p.
1279 1765 1318 1798 32
1329 1779 1341 1798 1
1351 1790 1359 1805 ‚
1369 1778 1416 1797 111.
1425 1766 1468 1798 G.
1480 1786 1511 1789 -

842 1821 929 1853 Rom
936 1847 942 1853 .
957 1824 1058 1862 Quum
1070 1822 1270 1852 mesochorus
1280 1821 1368 1850 dedit
1375 1820 1497 1861 siguum
1505 1844 1512 1850 .

843 1874 987 1906 H.—-De
1001 1872 1204 1906 incsochoro
1216 1871 1285 1904 vid.
1295 1871 1339 1903 H.
1348 1871 1512 1915 Stephan.

843 1925 923 1958 Ind.
942 1926 977 1958 in
995 1925 1165 1958 Thesaur.
1185 1926 1225 1956 L.
1241 1923 1303 1956 Gr.
1323 1924 1390 1956 col.
1411 1923 1512 1966 1439,

844 1979 884 2018 F,
900 1978 944 2011 G.
964 1978 1086 2023 Reperi
1105 1977 1197 2010 hanc
1217 1989 1338 2009 vocem
1357 1976 1460 2008 etiam
1477 1977 1512 2008 in

844 2033 927 2065 Lex.
941 2031 1118 2076 Latinogr.
1132 2031 1212 2063 Vet.
1226 2030 1269 2062 ab
1284 2029 1328 2062 H.
1340 2029 1514 2074 Stephano

844 2083 937 2118 edito
957 2084 1023 2117 col.
1046 2084 1122 2117 136.
1139 2084 1174 2117 S.

892 2150 926 2182 7.
953 2141 1002 2169 Ne
1028 2139 1191 2169 audientes
1223 2138 1363 2179 quidem.
1396 2136 1449 2168 Ita
1482 2143 1516 2167 et

844 2192 941 2223 Rom.
956 2189 1243 2229 H.—Mediceus,
1256 2196 1422 2234 perpetua
1433 2200 1515 2220 con-

845 2243 980 2276 fusione
992 2268 1000 2283 ‚
1014 2255 1070 2274 nec
1082 2244 1246 2274 audientes
1260 2243 1387 2283 quidem
1396 2267 1405 2279 ,
1421 2239 1515 2286 quod

844 2297 881 2329 h.
897 2296 922 2328 l.
939 2295 1055 2328 Cortio
1067 2296 1180 2340 placet
1192 2319 1201 2334 ‚
1216 2306 1324 2340 quum
1344 2294 1386 2325 sit
1405 2306 1466 2338 pro
1486 2302 1517 2323 ec

845 2362 884 2381 ue
901 2351 1064 2381 audientes
1087 2350 1227 2391 quidem.
1245 2345 1311 2380 Sed
1324 2344 1515 2390 indignatio

847 2402 1024 2435 scribentis
1055 2400 1215 2446 copulam
1252 2398 1375 2432 melius
1408 2398 1515 2443 negli-

847 2454 908 2499 git.
926 2455 960 2487 S.

895 2510 928 2540 8.
954 2508 1047 2539 Nihil
1069 2516 1114 2539 est
1126 2532 1134 2544 ,
1169 2508 1259 2549 quod
1272 2531 1281 2545 ‚
1313 2511 1378 2538 etc.
1414 2505 1514 2537 Rom.

849 2562 940 2593 Nihil
963 2570 1027 2598 esc,
1059 2562 1148 2602 quod
1172 2561 1314 2591 tribuual
1338 2559 1493 2588 ascendas
1506 2582 1513 2593 ,

849 2615 947 2652 nihil,
963 2615 1053 2656 quod
1068 2623 1100 2645 tu
1115 2615 1260 2656 proebeas
1281 2623 1401 2642 aurem.
1418 2609 1459 2642 Π,
1471 2630 1517 2634 --

853 2669 1007 2699 Tribunal
1037 2668 1206 2698 ascendas.
1239 2665 1372 2696 Locum
1409 2662 1517 2707 gradu

852 2731 923 2752 uno
943 2718 1120 2763 alteroque
1139 2716 1378 2756 elcvafiorem,
1399 2715 1432 2747 in
1451 2722 1520 2760 quo
