1742 2989
567 193 914 236 EPISTULA
951 193 1056 234 XV.
1454 195 1506 245 [11

114 290 207 317 mea
231 273 424 334 spondeo
439 309 450 328 ‚
479 272 703 329 futurum⁷
730 284 778 317 ut
803 274 949 317 omnia
972 273 1101 333 longe
1122 272 1333 333 ampliora
1349 308 1359 327 ‚
1384 290 1513 333 quam

114 362 137 388 a
163 363 232 389 me
250 345 564 406 praedicantur,
589 346 796 391 invenias.
820 346 969 407 Diligo
991 345 1169 406 quidem
1194 345 1513 390 adolescentem

113 418 435 474 ardentissime,
457 419 570 462 sicut
590 429 784 463 meretur
806 436 815 463 :
847 419 921 463 sed
947 420 1030 463 1100
1055 420 1197 480 ipsum
1218 420 1407 463 amantis
1433 430 1516 475 est,

113 508 202 534 non
224 507 405 535 onerare
430 508 530 535 eum
553 491 768 536 laudibus.
787 492 908 537 Vale.

122 645 1400 661 νὶκιιικιιιναιιπῶνιαικνιιαιιικιιιιιιιννιιινιιιιινιιιπιαιιπὶιωὶικιιπὶι
1406 650 1424 661 1
1430 650 1440 661 z
1448 650 1506 660 ιι»

744 774 802 828 X
818 775 847 830 V
865 819 876 829 .

109 924 315 974 Septicium
329 953 339 971 ,
359 925 425 974 qui
452 925 500 962 ad
520 939 663 962 coenam
680 935 838 963 vocatus
857 940 933 963 non
951 935 1127 972 venerat,
1148 927 1185 963 in
1206 927 1267 976 jus
1294 926 1421 964 damni
1440 927 1517 964 dati

155 988 397 1037 Jocabundus
413 999 535 1027 vocat.
554 990 751 1028 Neminem
774 1000 849 1027 tam
870 991 1048 1041 frigidum
1070 1005 1149 1028 esse
1170 992 1348 1037 arbitror,
1366 1001 1516 1041 tamque

160 1053 324 1100 lentum,
346 1055 439 1104 quin
462 1055 687 1091 facetissimo
705 1055 778 1091 hoc
798 1055 937 1105 ingenii
958 1056 1148 1104 animique
1169 1057 1413 1093 amantissimi
1433 1057 1514 1092 lusu

161 1117 344 1167 rapiatur.
368 1121 435 1154 En.

300 1264 336 1292 C.
373 1265 604 1294 PLINIUS
640 1266 900 1295 SEPTICIO
935 1267 1116 1295 CLARO
1153 1267 1255 1296 SUO
1291 1268 1325 1295 S.

172 1389 311 1431 HEUS
336 1398 408 1443 tu,
430 1389 651 1449 promittis
672 1389 726 1433 ad
747 1406 937 1444 coenam,
962 1407 1042 1434 nec
1061 1389 1208 1434 venis!
1233 1392 1410 1435 Dicitur
1423 1391 1518 1452 jus;

106 1460 160 1503 ad
195 1477 333 1504 assem
368 1462 642 1523 impendium
677 1463 831 1507 reddes
846 1499 856 1517 ‚
888 1480 968 1507 nec
1007 1463 1049 1506 id
1083 1464 1319 1507 modicum.
1351 1466 1516 1508 Paratae

106 1544 233 1577 erant
248 1534 426 1579 lactueae
444 1535 645 1596 singulae,
664 1536 851 1580 cochleae
872 1546 1005 1580 ternae
1019 1571 1029 1591 ‚
1044 1554 1124 1580 ova
1144 1537 1268 1593 bina,
1289 1536 1399 1580 alica
1416 1554 1514 1581 cum

106 1606 246 1650 mulso
269 1618 312 1651 et
337 1609 436 1651 nive
459 1612 581 1669 (nam
602 1609 718 1653 hane
738 1626 914 1670 quoque
931 1610 1228 1670 computabis,
1248 1610 1383 1653 11111110
1403 1610 1517 1654 hanc

107 1679 151 1722 in
189 1681 364 1740 primis,
393 1698 488 1741 quae
520 1682 634 1742 perit
660 1683 702 1725 in
736 1682 945 1744 ferculo),
972 1683 1095 1727 olivae
1130 1684 1320 1738 Baeticae,
1357 1701 1518 1728 cucur-

152 1808 217 1839 XV
225 1834 231 1840 .
242 1822 273 1840 2.
286 1813 435 1839 Lactucae
445 1811 589 1852 singulm.
600 1809 779 1842 Portiones

105 1859 270 1893 describit
284 1886 292 1899 ,
311 1868 480 1906 quantum
496 1861 531 1894 in
548 1874 779 1906 unumquem-

104 1924 172 1956 que
185 1913 355 1957 hospitem
371 1921 531 1958 paratum
544 1913 658 1946 fuerit.
675 1914 719 1946 G.
733 1935 778 1939 —

106 1964 206 1998 Plinii
223 1974 319 1999 :etate
348 1967 383 1999 in
402 1967 572 2012 principio
598 1980 700 2000 coenae
720 1980 779 2013 ap-

104 2019 335 2061 ponebantur.
351 2020 417 2052 En.
435 2041 482 2044 —-
503 2022 657 2053 Cocldeoe.
670 2021 779 2054 Coch-

106 2070 173 2103 11515
191 2072 318 2113 (Linn.
342 2075 497 2117 limaces)
516 2072 779 2106 delectabantur

105 2124 266 2164 Romani,
280 2125 437 2171 inprimis
451 2126 600 2172 Illyricis
617 2134 647 2159 et
660 2127 779 2161 Solita-

106 2175 171 2208 nis.
189 2177 255 2210 En.

151 2249 196 2253 —
212 2232 308 2261 Alica
322 2232 501 2265 constabat
517 2233 633 2277 granis
649 2234 700 2266 vel
714 2246 779 2267 zeae

106 2282 158 2313 vel
181 2282 308 2323 tritici,
326 2284 482 2317 utriculis
501 2286 673 2331 pinsendo
696 2287 776 2321 libe-

105 2335 188 2367 ratis
204 2360 212 2374 ,
243 2343 276 2368 et
307 2344 399 2368 certo
425 2337 530 2370 modo
559 2340 774 2385 praeparatiS.

105 2386 213 2421 Modo
231 2388 321 2421 eluta
337 2401 377 2420 ex
393 2390 519 2429 mulso,
537 2391 642 2424 modo
657 2392 693 2425 in
708 2405 778 2425 sor-

104 2440 249 2473 bitiones
273 2449 333 2474 aut
356 2441 391 2474 in
410 2443 541 2486 pultem
561 2443 704 2477 decocta
724 2457 778 2477 su-

103 2495 274 2526 mebatur.
303 2497 442 2526 Dlnlsmn
468 2504 584 2528 autem
610 2509 650 2528 ex
676 2497 777 2530 melle

104 2553 137 2578 et
149 2546 233 2580 vino
248 2546 513 2581 conficiebatur.
529 2549 593 2581 En.
614 2570 659 2573 ——
681 2553 778 2582 Olim-e

105 2600 244 2632 Boeticoe.
272 2599 396 2632 Colum
414 2601 462 2641 V,
484 2602 503 2634 8
521 2626 529 2641 ,
551 2601 569 2634 5
584 2626 592 2641 ,
618 2600 661 2634 de
680 2601 755 2635 olea
768 2627 777 2643 ,

106 2653 250 2683 Modicus
264 2654 358 2684 clivos
373 2663 481 2692 amat,
498 2656 608 2696 quales
624 2656 657 2685 in
676 2657 778 2687 Italia

105 2704 294 2736 Sabinorum
305 2730 314 2743 ‚
329 2708 385 2737 vel
393 2708 642 2749 cotaprovincia
657 2710 778 2740 Baetica

846 1812 1004 1843 videmus.
1019 1810 1086 1844 Sed
1099 1823 1163 1843 nec
1180 1810 1417 1844 damnaverim
1432 1815 1518 1844 beta-

846 1865 911 1900 cei,
930 1862 1025 1907 quod
1042 1876 1080 1895 ex
1093 1863 1189 1897 MSS.
1206 1864 1344 1909 reponit
1358 1865 1497 1897 Cortius
1507 1890 1516 1905 ‚

845 1915 905 1959 qui
920 1916 1003 1948 citat
1020 1915 1165 1949 Salmas.
1185 1915 1230 1948 ad
1245 1916 1354 1949 Solin.
1373 1930 1407 1962 p.
1428 1917 1494 1950 583
1507 1942 1517 1957 ‚

845 1967 889 2001 ad
911 1980 1016 2013 quem
1038 1968 1242 2012 provocavit
1267 1969 1372 2002 etiam
1392 1969 1515 2002 Lister.

845 2019 890 2053 ad
900 2021 1000 2066 Apio.
1017 2022 1085 2062 HI,
1106 2035 1137 2062 2,
1152 2034 1187 2066 p.
1202 2024 1259 2066 76,
1274 2022 1334 2054 ubi
1343 2024 1454 2066 fasces
1467 2025 1516 2053 be-

845 2084 1007 2106 taceorum
1014 2100 1024 2113 ,
1038 2082 1070 2107 et
1081 2077 1203 2106 betacei
1212 2077 1364 2106 Varronis
1374 2074 1519 2107 laudan-

845 2134 913 2160 tur.
929 2127 973 2160 G.
993 2147 1039 2151 —
1057 2127 1227 2172 Gierigius
1245 2140 1308 2172 pro
1324 2130 1453 2159 Boeticoe
1466 2141 1519 2160 re-

844 2179 1048 2225 ponendum
1074 2187 1173 2225 putat
1196 2204 1204 2220 ‚
1237 2183 1334 2212 boleti
1348 2206 1358 2219 ,
1392 2180 1518 2225 quibus

845 2232 994 2265 maxime
1008 2231 1168 2265 delectati
1188 2232 1333 2265 fuissent
1348 2235 1493 2267 Romani
1507 2246 1516 2274 ;

845 2284 1032 2329 praesertim
1041 2297 1149 2330 quum
1158 2284 1258 2317 multi
1265 2285 1358 2318 MSS.
1367 2285 1519 2319 habeant

843 2337 879 2370 h.
897 2337 921 2370 l.
941 2340 1042 2369 lebeta
1062 2344 1121 2370 aut
1141 2340 1259 2370 lebetam
1274 2338 1324 2370 De
1344 2341 1453 2370 boletis
1469 2340 1516 2372 cf.

843 2391 929 2423 Hor.
949 2391 1018 2423 Sat.
1037 2391 1071 2422 II
1087 2416 1095 2430 ‚
1116 2395 1134 2431 4
1150 2415 1158 2431 ,
1182 2401 1246 2430 2o;
1266 2391 1371 2423 Mart.
1390 2392 1406 2423 Ι
1420 2416 1429 2431 ,
1452 2403 1489 2424 21
1507 2417 1516 2432 ,

845 2452 877 2476 et
890 2445 957 2476 XII
971 2469 980 2484 ‚
999 2445 1056 2484 483
1071 2443 1158 2476 Plin.
1174 2445 1238 2489 Ep.
1253 2445 1269 2476 I
1282 2469 1290 2483 ‚
1309 2455 1327 2486 7
1341 2469 1349 2483 ‚
1367 2446 1400 2476 6.
1418 2445 1459 2477 Ε.
1472 2465 1517 2469 —

844 2496 952 2530 Olivae
964 2499 1092 2529 Boeeicae
1104 2510 1173 2543 quu
1180 2510 1211 2529 111
1225 2497 1359 2529 nobiles
1370 2496 1497 2530 fuerint
1507 2523 1516 2537 ‚

819 2551 821 2553 ’
845 2549 1076 2595 improbabile
1090 2559 1141 2582 est
1153 2576 1161 2591 ‚
1174 2550 1321 2582 Plinium
1333 2562 1390 2582 eas
1401 2550 1438 2582 in
1451 2550 1518 2583 1100

845 2602 1003 2635 ciborum
1026 2603 1146 2635 vilium
1163 2602 1321 2648 catalogo
1347 2603 1514 2648 posuisse.

844 2654 958 2688 Probo
969 2655 1071 2700 igitur
1082 2658 1215 2688 betacei.
1231 2656 1264 2689 S.
1277 2657 1429 2688 —Ron1.
1446 2670 1517 2698 quw

841 2711 937 2751 periit
951 2710 1127 2752 insercalo,
1144 2711 1246 2747 oliva‘,
1264 2711 1396 2741 betacei.
1411 2708 1454 2741 Η.
1473 2729 1515 2733 —-
