1757 2880
658 132 813 175 VITA
847 128 1081 177 PLINII.

168 215 280 255 inter
301 214 542 256 venandum
571 215 756 257 studeret
777 218 822 268 I,
850 217 902 268 63
926 216 977 267 V,
1009 218 1082 270 18,
1113 232 1160 269 23
1187 216 1272 268 IX,
1297 218 1379 270 36,
1404 218 1430 258 6
1456 217 1570 273 (28),

168 297 250 322 nec
267 297 368 323 vero
389 282 528 323 minus
551 282 729 341 diligens
750 294 868 339 pater
884 283 1071 336 familiae,
1093 284 1167 340 qui
1186 283 1339 340 praedia
1361 299 1434 325 sua
1455 285 1572 325 miri-

167 350 247 391 fice
273 361 362 390 tum
391 352 545 402 coluit,
579 362 670 392 tum
696 351 940 404 aedificavit,
979 352 1097 408 quod
1124 351 1176 392 de
1200 352 1459 392 Laurentino
1485 353 1573 408 ipse

168 428 308 458 narrat
328 418 395 464 II,
428 434 501 473 175
527 417 580 458 de
598 420 743 459 Tuscis
763 418 813 469 V,
839 419 890 471 63
917 418 968 460 de
990 418 1300 475 Transpadanis
1324 420 1375 459 ad
1399 419 1572 460 Larium

168 485 257 534 IX,
296 501 342 541 7,
383 500 509 541 quam
537 486 790 526 industriam
815 497 856 526 et
886 485 975 527 aliis
1010 486 1178 543 praediis
1203 485 1311 538 suis,
1337 487 1388 536 V,
1416 486 1466 536 6,
1493 485 1572 536 45,

168 552 426 593 enumeratis
457 552 702 594 adhibuisse
737 568 821 594 non
860 552 1144 594 dubitandum
1171 564 1233 593 est
1261 552 1364 609 (29).
1387 552 1504 592 Mitis
1527 552 1570 591 in

167 637 307 663 servos
326 623 341 663 1
361 655 371 674 ,
401 625 425 672 4
442 655 452 674 ,
481 626 531 674 4,
557 623 662 664 adeo
691 634 736 663 ut
757 623 896 664 nullos
921 626 1080 664 vinctos
1110 623 1288 663 haberet
1312 623 1400 670 III,
1431 636 1503 677 19,
1531 637 1573 677 7,

166 692 338 747 suisque
357 691 533 732 domum
555 693 817 748 permitteret
837 693 969 733 instar
986 693 1164 734 civitatis
1184 706 1273 733 esse
1290 707 1337 732 ac
1354 691 1575 748 peculium

171 147 195 173 L
199 146 224 171 V
230 146 242 172 1

167 772 307 802 morte
344 761 396 802 ad
430 763 657 803 familiares
691 763 975 803 transmittere
1002 763 1135 814 VIII,
1175 762 1250 814 16,
1286 777 1324 802 2.
1360 761 1575 801 Justitiam

167 845 255 870 non
282 841 364 870 tam
394 845 441 871 ex
467 832 610 887 legum
636 831 800 888 rigore,
835 846 962 887 quam
998 831 1203 887 aequiratis
1228 830 1406 871 modulo
1435 844 1576 886 perse-

168 897 380 953 quebatur
402 898 469 949 ΙΙ,
498 898 572 950 16,
600 909 641 938 et
662 898 735 950 IV,
763 913 838 950 10,
864 898 1207 956 redemptoribus
1228 898 1494 938 remissiones
1517 897 1575 937 ob

167 965 429 1005 sterilitatem
454 964 611 1005 faciens
629 965 756 1015 VIII,
779 981 801 1005 2
818 997 829 1017 ,
851 976 893 1006 et
912 967 974 1018 X,
998 969 1075 1018 24,
1107 967 1142 1006 5.
1168 965 1398 1006 Munificus
1424 966 1466 1004 in
1489 965 1577 1021 pri·

167 1033 247 1071 mis
270 1032 383 1087 (303,
424 1032 541 1088 quod
575 1033 696 1073 variis
725 1034 927 1089 operibus
959 1033 1158 1075 ostendit.
1193 1033 1424 1089 Templum
1459 1033 1576 1074 enim

167 1098 458 1138 Tifernatibus
488 1099 694 1139 exstruxit
716 1101 897 1155 pecunia
922 1114 996 1139 sua
1021 1100 1093 1151 IV,
1127 1115 1167 1151 1,
1192 1099 1214 1140 5
1232 1131 1243 1151 ,
1271 1110 1311 1140 et
1335 1098 1467 1139 aedem
1493 1099 1574 1139 Ce-

167 1165 269 1206 reris
304 1166 345 1204 in
383 1166 550 1222 praediis
584 1167 668 1206 suis
702 1167 788 1218 IX,
819 1166 889 1221 39.
925 1167 1073 1206 Patriae
1107 1177 1302 1222 sumptus
1336 1177 1497 1222 partem
1530 1164 1574 1204 in

167 1244 447 1289 praeceptores
479 1233 675 1289 publicos
705 1233 823 1273 dedit
849 1234 921 1285 lV,
955 1233 1029 1284 13,
1057 1234 1107 1286 6,
1142 1244 1185 1273 et
1206 1234 1404 1286 ingenuis
1430 1231 1576 1288 pueris

169 1303 368 1343 alimenta
399 1318 537 1342 annua
577 1303 796 1342 constituit
830 1304 872 1353 Ι,
908 1303 959 1354 8,
996 1318 1060 1343 10.
1100 1304 1236 1342 Etiam
1270 1302 1576 1342 bibliothecam

167 1371 312 1426 patriae
338 1369 552 1424 publicam
579 1368 789 1409 dedicavit
814 1370 855 1420 Ι,
883 1369 931 1419 8,
960 1384 1010 1420 23
1038 1369 1101 1421 II,
1129 1368 1152 1408 5
1174 1368 1276 1423 (31).
1299 1368 1505 1408 Praeterea
1530 1367 1575 1405 in

168 1438 327 1476 multos
352 1436 535 1492 privatos
565 1436 796 1477 admodum
824 1437 1037 1487 liberalis,
1066 1437 1106 1475 in
1137 1436 1367 1475 Curianum
1394 1433 1576 1474 Gratillae

168 1501 327 1553 filium,
349 1503 418 1542 cui
439 1503 616 1559 legatum
637 1503 859 1553 remisitV,
881 1519 895 1542 1
911 1535 921 1552 ,
942 1518 991 1543 10
1005 1535 1015 1555 ,
1035 1503 1078 1542 in
1101 1502 1341 1542 Voconium
1359 1502 1574 1552 Firmum,

167 1572 237 1612 cui
257 1587 431 1612 censum
451 1582 685 1627 equestrem
706 1572 918 1629 supplevit
937 1572 978 1621 I,
1002 1587 1074 1627 19,
1101 1572 1143 1612 in
1163 1572 1399 1612 Martialem
1414 1603 1424 1623 ,
1445 1586 1574 1626 quem

168 1641 321 1681 viatico
353 1642 459 1696 juvit
490 1643 577 1693 III,
610 1657 687 1693 21,
722 1656 768 1693 2,
806 1643 849 1681 in
875 1642 1201 1682 Artemidorum
1236 1641 1572 1698 philosophum,

167 1796 395 1841 diplomatum
428 1803 628 1841 potestatem
659 1796 834 1829 habuisse.

167 1848 247 1880 Haec
263 1849 363 1882 etiam
378 1849 529 1882 Massoni
545 1856 595 1881 est
612 1849 779 1882 sententia
793 1847 838 1881 ad

167 1900 298 1939 XLIII,
317 1902 349 1933 8.

215 1955 286 1995 (28)
306 1953 379 1985 Hac
398 1953 471 1997 ipsa
491 1953 630 1998 epistola
651 1966 686 1996 9,
709 1952 764 1992 36,
784 1965 836 1985 ra-

171 2005 298 2036 tionem
311 2013 416 2037 totam
429 2006 462 2037 in
473 2005 608 2049 praediis
622 2005 690 2037 suis
699 2004 837 2037 vivendi

167 2057 255 2088 aestix
264 2069 318 2089 am
346 2065 543 2102 percenset,
570 2064 606 2090 ut
627 2070 679 2102 ep.
706 2062 764 2097 40,
783 2058 836 2089 hi-

167 2109 311 2141 bernam
330 2109 557 2155 persequitur.

218 2163 288 2204 (29)
306 2161 414 2194 Fortis
433 2162 495 2193 fuit
510 2186 518 2201 ‚
534 2162 566 2193 in
584 2161 712 2194 caussis
733 2161 836 2193 etiam

170 2213 235 2245 illis
249 2213 473 2258 suscipiendis
484 2239 492 2253 ‚
504 2214 628 2258 quihus
642 2214 790 2246 invisum
803 2225 838 2245 se

166 2266 366 2300 Domitiano
381 2274 412 2298 et
427 2267 613 2300 obnoxium
628 2265 838 2299 delatoribus

163 2319 264 2359 ficri,
283 2319 422 2352 sciebat.
445 2318 526 2352 Vid.
542 2319 573 2359 I,
591 2319 623 2360 5,
646 2319 679 2357 5,
699 2331 748 2364 sq.
771 2319 838 2350 Ita-

164 2391 230 2424 que
252 2372 360 2411 ctiam
387 2384 466 2405 reus
495 2371 630 2404 futurus
653 2378 723 2403 erat
735 2395 744 2408 ‚
774 2371 837 2403 uisi

165 2431 367 2463 {gaerfecffls
399 2431 486 2456 esset
513 2423 728 2456 Domitianus
750 2422 835 2462 VH,

168 2496 223 2527 ⁹7»
239 2491 291 2519 14.
305 2482 354 2514 Eo
370 2477 536 2512 defuncto
546 2501 555 2516 ,
569 2474 720 2507 Helvidii
734 2474 838 2507 Prisci

166 2535 329 2568 ultionem
360 2531 496 2564 fortiter
524 2528 682 2573 suscepit.
711 2527 834 2559 Totam

164 2600 236 2620 rem
250 2593 390 2620 enarrat
403 2585 466 2623 IX,
483 2584 537 2623 13,
552 2581 633 2615 add.
650 2580 715 2619 IV,
734 2590 788 2617 21,
802 2580 832 2610 3.

164 2642 277 2680 Quam
295 2652 363 2673 non
380 2636 544 2674 metuerit
559 2631 812 2668 Artemidorum
826 2655 834 2670 ‚

900 1795 1126 1841 philosophiae
1145 1794 1286 1827 nomine
1307 1794 1350 1827 ab
1365 1794 1451 1826 urbe
1463 1805 1574 1826 semo-

902 1856 991 1887 tum,
1009 1848 1172 1893 adjuvare
1183 1872 1193 1886 ,
1208 1855 1239 1879 et
1256 1859 1324 1891 quo
1338 1859 1402 1879 suo
1416 1858 1495 1879 cum
1512 1858 1571 1890 pe-

902 1900 1033 1942 riculo,
1055 1900 1159 1932 refert
1185 1900 1258 1939 ΙΙΙ,
1285 1911 1336 1932 11.
1360 1899 1439 1939 Quo
1458 1897 1573 1930 animo

904 1952 1059 1985 Corelliae
1085 1964 1241 1985 caussam
1270 1959 1388 1984 contra
1409 1951 1448 1983 C.
1473 1949 1576 1982 Caeci-

904 2005 989 2037 lium
1009 2005 1103 2038 COS.
1124 2004 1340 2049 designatum
1367 2002 1574 2047 susceperit,

901 2065 1019 2089 narrat
1040 2058 1102 2096 IV,
1124 2069 1178 2101 17,
1194 2056 1274 2089 add.
1296 2057 1366 2094 VI,
1382 2057 1417 2094 8,
1437 2056 1469 2087 3.

948 2110 1018 2152 (30)
1033 2110 1073 2141 In
1086 2110 1215 2141 caussis
1227 2107 1367 2153 agendis
1380 2119 1451 2139 non
1465 2105 1569 2139 modo

901 2161 1078 2206 pactione,
1110 2160 1203 2193 dono
1214 2186 1222 2201 ,
1253 2172 1395 2192 munere
1406 2186 1415 2201 ,
1450 2172 1572 2191 verum

904 2214 1007 2247 etiam
1037 2214 1143 2246 xeniis
1179 2225 1312 2257 semper
1345 2211 1509 2244 abstinuit
1524 2212 1572 2252 V,

908 2271 962 2307 14,
978 2269 1011 2299 8.

950 2320 1022 2362 (31)
1037 2318 1084 2351 Ue
1104 2330 1165 2350 sua
1190 2319 1226 2349 in
1248 2317 1423 2361 publicam
1440 2328 1512 2348 rem
1533 2315 1574 2347 li-

903 2371 1078 2403 beralitate
1092 2370 1160 2414 agit
1177 2371 1278 2402 etiam
1290 2370 1336 2409 V,
1352 2381 1385 2413 7,
1403 2368 1461 2400 ubi
1479 2369 1574 2399 ande-

904 2426 984 2462 cies,
1004 2424 1069 2456 hoc
1092 2430 1140 2455 est
1157 2448 1165 2462 ‚
1190 2423 1300 2456 55000
1319 2421 1466 2454 florenos
1486 2419 1573 2451 Rhe-

902 2488 1011 2508 nanus
1026 2488 1059 2508 se
1073 2475 1268 2520 reipublicae
1283 2473 1466 2506 contulisse
1480 2496 1488 2510 ‚
1503 2471 1574 2515 glo-

900 2528 1021 2561 riatur.
1048 2528 1100 2561 Sic
1122 2540 1328 2574 prosocero,
1354 2526 1455 2570 cujus
1474 2524 1573 2556 heres

901 2580 1037 2612 futurus
1048 2588 1117 2612 erat
1129 2605 1138 2620 ,
1150 2580 1323 2624 publicam
1333 2576 1571 2610 liberalitatem

903 2631 1122 2666 commendat
1137 2632 1184 2672 V,
1202 2644 1253 2664 12.
