1742 2989
549 208 895 251 EPISTOLA
929 205 1065 247 XVI.
1424 200 1514 245 313

110 300 257 334 ctuosa
280 287 404 332 dolor
424 285 610 342 invenit)
632 288 980 348 praecipientem,
1002 283 1120 346 quod
1145 284 1189 326 in
1213 292 1352 326 vestes
1366 317 1376 336 ‚
1394 298 1514 325 mar-

111 363 273 423 garita,
297 377 510 424 gemmas,
537 359 678 404 fuerat
705 370 990 422 erogaturus,
1018 359 1102 402 hoc
1130 358 1175 400 in
1201 356 1333 399 thura
1360 365 1403 399 et
1427 373 1515 399 un-

111 444 270 495 guenta
300 444 343 478 et
368 433 521 477 odores
549 434 891 495 impenderetur.
918 436 996 477 Est
1019 430 1195 493 quidem
1223 429 1293 473 ille
1319 430 1515 473 eruditus

110 518 153 551 et
179 509 374 568 sapiens,
402 517 450 550 ut
481 508 556 567 qui
588 524 631 551 se
658 508 711 551 ab
742 509 919 551 ineunte
948 516 1073 551 aetate
1103 504 1332 548 altioribus
1364 503 1517 547 studiis

109 581 362 641 artibusque
390 579 631 624 dediderit:
651 580 725 624 sed
753 597 871 625 nunc
894 579 1068 635 omnia,
1093 594 1189 639 quae
1215 576 1354 620 audiit
1380 593 1516 637 saepe,

108 669 204 713 quae
235 653 364 707 dixit,
394 662 684 714 aspernatur3
712 652 990 714 expulsisque
1015 650 1253 694 virtutibus
1280 648 1396 704 aliis,
1423 650 1519 710 pie-

109 725 208 768 tatis
243 735 307 768 est
343 734 472 769 totus.
505 728 730 787 Ignosces‚
758 726 954 770 laudabis
983 727 1138 780 etiam,
1172 725 1205 768 si
1234 724 1518 784 cogitaveris,

108 799 213 858 quid
240 800 445 844 amiserit.
468 801 628 844 Amisit
651 801 767 844 enim
794 799 927 844 filiam
942 835 953 855 ‚
975 816 1071 860 quae
1098 815 1187 841 non
1213 797 1359 840 minus
1378 813 1520 840 mores

108 871 226 931 ejus,
261 889 393 933 quam
429 889 475 917 os
510 872 770 934 vultumque
805 873 1048 927 referebat,
1083 880 1314 930 totumque
1349 879 1519 930 patrem

109 945 391 989 similitudine
420 948 719 1007 exscripserat.
747 946 937 990 Proinde
963 946 996 989 si
1022 961 1130 1006 quas
1155 943 1210 987 ad
1235 959 1334 986 eum
1362 942 1414 986 de
1438 943 1516 986 do-

106 1017 199 1062 lore
219 1029 309 1063 tam
331 1020 453 1080 justo
475 1019 620 1064 literas
641 1021 807 1076 mittes,
824 1029 1046 1063 memento
1067 1018 1275 1062 adhibere
1296 1015 1520 1064 solatium,

106 1107 195 1134 non
221 1093 344 1152 quasi
368 1093 697 1154 castigatorium
721 1103 765 1137 et
787 1094 917 1137 nimis
943 1092 1081 1148 forte,
1112 1091 1186 1135 sed
1212 1089 1343 1133 molle
1367 1099 1410 1133 et
1433 1089 1521 1133 hu-

108 1181 302 1208 manum.
336 1165 469 1222 Quod
495 1176 545 1210 ut
571 1166 737 1210 facilius
764 1166 986 1221 admittat,
1010 1164 1198 1208 multum
1230 1163 1359 1206 faciet
1385 1161 1519 1205 medii

112 1238 320 1298 temporis
344 1239 548 1298 spatium.
570 1241 631 1283 Ut
651 1240 768 1282 enim
790 1239 976 1283 crudum
1001 1238 1144 1282 adhuc
1163 1236 1321 1280 vulnus
1341 1235 1520 1279 meden-

113 1311 224 1353 tium
252 1327 408 1355 manus
439 1312 719 1367 reformidat,
746 1312 905 1356 deinde
937 1312 1122 1372 patitur,
1148 1319 1279 1370 atque
1309 1308 1425 1352 ultro
1456 1325 1522 1351 re-

113 1385 274 1444 quirit3
293 1385 353 1428 sic
373 1401 522 1429 recens
538 1387 673 1430 animi
692 1385 818 1429 dolor
835 1385 1157 1430 consolationes
1177 1383 1319 1443 rejicit
1339 1398 1389 1426 ac
1404 1381 1520 1425 refu-

109 1457 194 1517 git,
218 1473 321 1501 mox
340 1457 557 1502 desiderat
571 1494 582 1515 ‚
603 1469 646 1503 et
666 1458 903 1503 clementer
925 1458 1112 1502 admotis
1133 1456 1384 1517 acquiescit.
1400 1453 1521 1498 Vale.

107 1590 172 1623 bus
183 1614 192 1630 ,
211 1591 354 1636 gemmis
365 1615 374 1632 ,
390 1591 585 1638 margaritis
596 1617 605 1632 ,
625 1591 730 1625 thura
750 1599 783 1625 et
849 1594 984 1624 Pietatis
1003 1600 1049 1623 esc
1065 1600 1158 1622 totus.
1176 1588 1259 1622 Vid.
1276 1589 1467 1621 Burmann.
1483 1587 1527 1621 ad

108 1651 287 1688 unguenta
298 1651 415 1677 emant
426 1669 434 1685 ‚
445 1644 512 1678 hac
523 1645 691 1679 sententia
703 1672 711 1687 ‚
724 1645 783 1678 cui
848 1644 929 1677 val.
946 1643 1062 1677 Flacc.
1082 1644 1099 1675 I
1111 1668 1119 1683 ‚
1144 1655 1222 1687 207,
1243 1641 1302 1688 qui
1320 1642 1408 1674 bene
1428 1653 1524 1673 com-

109 1696 174 1742 ipsi
187 1708 226 1729 ex
241 1697 342 1729 rebus
358 1704 428 1729 tam
444 1698 586 1732 moleste
602 1698 782 1731 contrariis
847 1705 947 1743 parat
961 1697 1162 1731 Graeeorum
1179 1698 1247 1730 ὅλων
1265 1693 1343 1729 εἷναί
1358 1709 1454 1733 τινος.
1471 1694 1528 1726 Al-

109 1747 251 1793 quidam
260 1747 783 1790 aculeusinest,doloremsuum
849 1750 993 1795 ciphron
1008 1763 1088 1795 pag.
1108 1751 1173 1783 306
1194 1752 1226 1783 αἱ
1247 1746 1334 1793 αἶγες
1351 1773 1357 1781 ,
1378 1774 1385 1779 .
1409 1775 1417 1781 .
1436 1774 1443 1780 .
1457 1748 1526 1780 ὅλαι

109 1800 260 1834 ostendit
279 1809 311 1834 et
336 1802 437 1834 acuit.
460 1803 501 1836 E.
521 1807 610 1835 —In
644 1805 784 1836 tharnet
848 1808 903 1837 τοῦ
933 1806 1045 1848 μέλους
1073 1805 1229 1849 ἐγίνοντο,
1253 1800 1311 1833 ubi
1340 1798 1411 1833 vid.
1444 1799 1526 1832 Ber-

111 1863 286 1897 unguenta.
317 1855 415 1887 Rom.
442 1859 481 1887 In
504 1857 599 1887 tlzura
621 1866 652 1888 et
668 1858 701 1888 in
723 1869 782 1888 mz-
849 1856 933 1901 glor.
949 1856 984 1889 S.

106 1916 239 1950 guenta.
254 1906 299 1938 H.
893 1910 926 1941 8.
940 1910 974 1939 Si
994 1921 1091 1951 quas,
1109 1914 1174 1940 etc.
1196 1908 1294 1939 Rom.
1316 1904 1442 1937 Omisit
1461 1915 1527 1936 tam

156 1970 190 2002 7.
205 1961 324 1991 Studiis
340 1962 525 2003 artibusque
543 1962 710 1992 dediderit.
728 1960 782 1994 Sic
841 1963 941 2004 justo·
959 1960 1077 1992 Postea
1094 1985 1102 1999 ‚
1119 1961 1364 2003 castigaturum.
1380 1957 1425 1989 Η.

109 2018 142 2044 et
154 2012 252 2044 Rom,
267 2011 311 2045 Η,
321 2014 586 2056 —Espulfl'sque
600 2015 778 2051 virgugihllg,
901 2019 935 2050 9.
969 2009 1144 2038 Clementer
1173 2007 1311 2038 admotis
1341 2005 1526 2046 acquiescit.

110 2070 176 2097 etc.
195 2066 292 2098 Rom.
322 2082 334 2093 «
346 2065 573 2111 Expulsisque
598 2065 782 2098 virtutihus
848 2061 945 2093 Rom.
964 2062 1169 2091 Vehementer
1182 2059 1320 2090 admotis
1339 2059 1526 2099 acquiescit.

111 2123 144 2148 et
164 2117 236 2150 aliis
256 2117 390 2162 pietatis
411 2126 461 2151 est
479 2125 583 2151 totus.
607 2119 779 2163 Ignosces,
848 2112 892 2145 H.
904 2113 1039 2145 ——Non
1053 2119 1181 2145 temere
1195 2109 1328 2143 addidit
1342 2111 1523 2145 clementer,-

110 2168 322 2203 Laudaveris
342 2171 444 2204 etiam
458 2196 467 2212 ,
497 2171 524 2204 si
543 2170 775 2216 COgitaveris,„
849 2172 965 2197 monet
981 2165 1072 2197 enim
1089 2164 1192 2197 molle
1211 2162 1371 2195 solatium
1383 2160 1524 2194 Fundat-

112 2221 243 2255 Desunt
260 2232 291 2255 ec
305 2225 377 2256 talis
397 2234 443 2256 esc
452 2226 587 2267 pietatis
600 2226 661 2256 cui.
681 2223 725 2256 H.
739 2243 784 2248 -—
850 2230 897 2249 110
913 2216 1169 2251 admovendum
1191 2229 1276 2251 esse.
1294 2216 1360 2248 Ευ-

497 2386 1143 2409 Μορμ-

1543 444 1562 475 Ν]

1547 1244 1567 1274 9
