1742 2989
628 225 1183 269 C.PLIN11LIB.V.

205 307 347 351 dicere
374 308 419 350 in
448 307 544 351 foro
573 307 708 367 coepi,
733 316 775 349 et
804 323 923 350 nunc
949 307 1146 361 demum,
1175 307 1281 368 quid
1307 318 1509 367 praestare
1539 310 1613 352 (le-

203 381 303 425 beat
329 391 502 433 orator,
525 380 669 423 adhuc
696 389 841 423 tamen
866 396 942 439 per
967 380 1222 441 caliginem,
1244 380 1384 424 video.
1408 381 1528 438 Quid
1543 417 1554 436 ,
1575 383 1609 425 si

203 452 307 498 huic
328 453 449 496 oneri
476 469 639 496 novum
669 451 925 496 accesserit?
942 453 1085 497 Habet
1110 453 1286 514 quidem
1310 455 1450 497 oratio
1475 464 1517 498 et
1541 455 1610 498 hi-

204 527 338 570 storia
369 526 505 570 multa
540 526 815 581 communia,
842 525 916 569 sed
950 525 1077 586 plura
1110 527 1279 571 diversa
1315 527 1357 569 in
1391 527 1458 570 his
1485 528 1610 587 ipsis,

207 224 295 286 298

203 618 299 661 quae
327 602 580 646 communia
604 601 824 645 videntur.
855 602 1019 645 Narrat
1045 618 1147 645 sane
1177 604 1292 662 ipsa,
1313 612 1460 646 narrat
1485 603 1575 647 haec
1599 621 1608 646 ε

203 675 276 718 sed
297 675 434 719 aliter.
464 676 577 719 Huic
604 674 809 736 pleraque
837 674 1021 718 humilia
1053 685 1095 719 et
1122 676 1295 720 sordida
1323 686 1365 719 et
1390 693 1440 719 ex
1465 676 1611 720 medio

202 750 359 809 petita3
378 748 437 793 illi
453 749 602 793 onmia
622 748 845 792 recondita
857 783 867 801 ‚
884 747 1134 808 splendida⁷
1151 749 1314 793 excelsa
1329 750 1609 793 conveniunt.

202 824 327 866 Hanc
359 823 515 882 saepius
543 838 662 876 ossa,
689 820 902 876 musculi,
924 822 1072 874 nervi3
1101 821 1217 865 illam
1248 823 1332 865 tori
1366 822 1543 883 quidam
1570 832 1611 865 et

202 895 325 955 quasi
348 895 466 955 jubae
493 895 659 939 decent.
687 897 789 938 Haec
816 894 881 938 vel
912 895 1099 939 maxime
1127 896 1192 949 vi,
1211 896 1522 950 amaritudine,
1542 897 1610 939 in-

202 968 388 1022 stantia3
420 967 490 1011 illa
529 977 672 1011 tractu
707 977 750 1010 et
786 968 1028 1023 suavitate,
1061 978 1191 1029 atque
1222 970 1352 1012 etiam
1383 969 1613 1013 dulcedine

201 1040 353 1100 placet.
376 1043 604 1084 Postremo
630 1040 712 1084 alia
735 1040 892 1095 verba,
911 1041 1021 1084 alius
1044 1058 1198 1097 sonus,
1218 1040 1301 1085 alia
1323 1042 1608 1084 constructio.

155 1134 163 1159 t
199 1116 310 1159 Nam
347 1114 588 1176 plurimum
619 1115 771 1169 refert,
797 1123 846 1157 ut
868 1114 1146 1175 Thucydides
1175 1116 1261 1171 ait,
1287 1125 1425 1176 κτῆμα
1450 1116 1528 1171 sit,
1555 1132 1610 1159 an

200 1190 408 1251 ἀγώνισμα
435 1207 443 1232 :

247 1328 279 1360 7.
292 1318 398 1347 Habet
412 1318 539 1359 quidem
553 1316 660 1346 oratio
679 1324 709 1345 et
725 1315 869 1345 historia.

200 1370 297 1401 Rom.
313 1371 441 1400 Habent
460 1370 586 1411 quidem
604 1369 709 1399 oratio
727 1376 758 1397 ec
776 1368 872 1397 histo-

200 1423 260 1452 ria.
275 1421 319 1453 H.

246 1494 291 1498 —<
302 1477 428 1505 Νανναῐ
444 1487 521 1505 sane
539 1476 617 1516 ipsa.
634 1474 729 1506 Cort.
745 1474 872 1503 Narrat

198 1539 275 1557 sane
287 1528 353 1563 illa,
367 1526 463 1558 nulla
474 1534 589 1558 notata
601 1525 756 1558 lectionis
768 1524 872 1557 varie-

199 1586 266 1610 tate
281 1577 404 1623 :idque
418 1585 566 1622 praestat.
579 1578 613 1611 S.

244 1633 382 1662 ——Hltz'c
395 1634 551 1673 pleraque
568 1632 710 1661 humilia..
727 1628 779 1660 Ad
797 1641 871 1660 ora-

198 1684 323 1716 tionem
340 1684 410 1715 haec
430 1684 602 1729 pertinent
616 1684 749 1725 (contra
764 1694 870 1727 quam

196 1736 305 1769 visum
320 1736 494 1778 Catanaeo)
515 1735 573 1768 uhi
588 1735 689 1767 etiam
705 1733 748 1767 de
762 1734 871 1766 tribus

197 1788 336 1834 capellis
348 1796 405 1821 aut
417 1788 459 1820 de
472 1787 655 1825 stillicidio,
664 1794 721 1819 aut
736 1786 778 1818 de
791 1794 872 1819 ster-

197 1841 342 1886 quilinio
361 1840 448 1873 adeo
469 1839 685 1873 narrandum
702 1847 751 1871 est
765 1851 870 1883 quam

197 1894 404 1939 planissime.
427 1893 470 1926 G.
485 1914 530 1917 —
546 1893 631 1934 Quae
654 1900 845 1937 sequuntur
861 1917 868 1930 ,

197 1961 287 1985 ossa,
304 1948 452 1984 musculi,
470 1948 569 1983 nervi,
586 1958 627 1978 eo
636 1945 751 1977 valent
765 1970 772 1983 ‚
789 1952 824 1976 ut
836 1944 869 1976 in

198 2000 354 2032 oratione
366 2011 452 2043 saepe
467 1998 539 2032 sola
553 1998 618 2035 vis,
634 1998 847 2030 vehementia
860 2022 868 2037 ,

196 2052 317 2091 robur,
332 2060 363 2084 et
375 2051 484 2085 aculei
499 2051 752 2089 desiderentur,
769 2050 870 2082 histo-

196 2105 284 2136 riam
309 2112 422 2137 autem
445 2107 507 2135 (ori
530 2112 560 2136 et
577 2106 686 2146 juba’,
712 2105 777 2135 hoc
799 2111 867 2143 est,

197 2156 402 2189 eminentior
420 2157 546 2202 species
566 2163 597 2188 et
615 2156 759 2201 insignis
778 2156 869 2188 nitor

197 2208 327 2242 deceat.
340 2210 427 2242 Nam
444 2211 508 2240 tori
520 2216 598 2241 sunt
610 2233 618 2246 ‚
632 2209 691 2253 qui
705 2208 868 2241 carnibus

198 2262 317 2295 vestita
333 2269 365 2294 ct
381 2261 508 2294 decora
526 2274 602 2294 ossa
619 2260 747 2294 habent
759 2286 767 2299 ‚
778 2263 869 2303 juba·

197 2321 331 2354 autem,
352 2327 427 2359 quae
441 2339 448 2353 ,
470 2321 506 2346 ut
533 2315 567 2346 in
588 2315 684 2358 equis
707 2321 738 2345 et
763 2313 868 2346 leoni-

196 2368 260 2399 bus
275 2393 283 2407 ,
299 2367 445 2412 speciem
460 2373 492 2399 et
503 2367 717 2412 majestatem
732 2365 870 2409 corpori

197 2419 343 2452 addunt.
369 2418 499 2452 Fodem
529 2432 629 2451 sensu
652 2418 797 2459 Quintil.
817 2419 866 2457 X,

202 2485 233 2512 1,
255 2473 296 2505 33
312 2497 320 2511 ‚
348 2472 495 2505 militum
516 2474 661 2509 lacertis,
688 2472 721 2504 in
743 2472 868 2515 quibus

198 2537 275 2557 ossa
295 2533 326 2557 et
345 2526 440 2557 nervi
454 2533 484 2557 et
506 2524 652 2556 musculi
668 2524 844 2555 sufficiunt
858 2550 866 2564 ,

198 2577 406 2610 athletarum
426 2588 510 2609 toros
525 2576 686 2622 opposuit
698 2601 706 2615 ‚
724 2576 783 2620 qui
798 2589 869 2620 spe—

199 2630 343 2662 ciosiora
376 2642 519 2674 corpora
549 2628 711 2661 efficiant.
739 2628 869 2660 Eadem

200 2694 279 2714 mox
293 2681 423 2714 Plinius
437 2681 574 2714 mutatis
591 2679 705 2713 verbis
722 2688 754 2712 et
768 2687 870 2712 meta-

198 2733 315 2779 phoris
335 2734 475 2780 repetit,
491 2745 597 2779 quum
617 2732 764 2766 orationi
782 2734 864 2771 vitu,

475 1205 664 1249 quorum
694 1186 878 1231 alterum
907 1187 1049 1231 oratio
1067 1223 1078 1244 ,
1109 1187 1293 1233 alterum
1323 1188 1504 1232 historia
1535 1198 1609 1232 est.

939 1316 1187 1346 amaritudinem
1199 1340 1207 1352 ,
1228 1316 1429 1352 instantiam,
1453 1314 1519 1346 hoc
1539 1320 1588 1346 est
1601 1338 1609 1353 ,

939 1377 1051 1398 acrem
1065 1392 1073 1405 ,
1088 1367 1261 1400 concisam
1274 1392 1281 1407 ‚
1298 1375 1329 1399 et
1347 1367 1538 1399 vibrantem
1553 1378 1611 1398 ve-

938 1418 1001 1450 luti
1025 1419 1300 1459 vehementiam,
1324 1419 1475 1452 historiae
1495 1426 1610 1451 autem

938 1481 1093 1510 tractum,
1110 1471 1177 1504 hoc
1192 1480 1260 1511 est,
1275 1479 1407 1504 motum
1422 1471 1527 1503 veluti
1540 1484 1610 1504 nio-

938 1521 1147 1556 deratiorem
1159 1549 1167 1563 ‚
1180 1524 1310 1557 tribuit.
1322 1525 1373 1556 Ita
1381 1525 1482 1569 plane
1491 1524 1612 1557 Cicero

937 1575 970 1607 in
995 1576 1092 1609 Orat.
1119 1577 1182 1609 XX
1197 1602 1204 1616 ,
1226 1586 1404 1608 contortam
1426 1584 1456 1608 et
1482 1590 1607 1615 acrem,

937 1628 1128 1662 orationem
1143 1630 1289 1662 oratoris
1305 1629 1449 1662 forensis
1469 1630 1612 1674 opponit

936 1680 1178 1714 historicorum
1199 1681 1321 1715 rationi
1343 1680 1479 1714 dicendi
1499 1692 1611 1714 tracta:

937 1736 1109 1778 etflucnti,
1126 1733 1192 1767 hoc
1209 1743 1257 1767 est
1272 1760 1280 1774 ,
1294 1734 1436 1774 leniori,
1453 1733 1610 1767 modera-

935 1785 1015 1818 tiori
1026 1811 1034 1825 ‚
1048 1785 1143 1830 quod
1160 1786 1193 1818 in
1210 1799 1248 1820 ea
1263 1787 1371 1832 magis
1387 1786 1610 1832 perspicuitas

937 1846 968 1870 et
979 1838 1172 1883 explanatio
1184 1848 1216 1873 et
1228 1839 1315 1872 ordo
1326 1847 1358 1872 et
1373 1839 1588 1873 concinnitas
1600 1865 1609 1879 ,

936 1903 1042 1936 quam
1062 1892 1110 1925 vis
1139 1900 1171 1926 et
1191 1893 1345 1925 celeritas
1377 1900 1435 1925 aut
1465 1892 1611 1936 impetus

936 1944 1182 1977 sententiarum
1197 1945 1372 1990 quoeritur.
1390 1944 1546 1988 Denique
1562 1958 1611 1976 so-

934 2010 992 2028 nus
1012 2005 1061 2030 est
1081 1998 1192 2031 forma
1210 1996 1348 2031 dicendi
1368 1996 1422 2029 vel
1443 1996 1608 2029 elocutio-

934 2049 986 2081 nis
1002 2050 1149 2083 historiae
1164 2058 1222 2083 aut
1241 2049 1386 2082 orationi
1408 2049 1603 2093 peculiaris.

935 2102 1077 2146 Copiose
1105 2102 1140 2134 id
1177 2102 1422 2148 explicavimus
1454 2101 1487 2132 iu
1520 2103 1602 2134 Lex.

934 2155 1049 2187 techn.
1068 2156 1155 2187 rhet.
1174 2168 1199 2187 s.
1218 2168 1251 2187 v.
1268 2167 1374 2186 sonus.
1393 2154 1432 2185 E.

983 2208 1013 2239 8.
1035 2210 1206 2240 Instantia.
1223 2206 1305 2239 Vid.
1331 2206 1428 2252 epist.
1458 2217 1497 2248 19
1514 2230 1523 2245 ‚
1547 2206 1606 2238 uhi

934 2262 1060 2297 acriter,
1084 2262 1249 2298 instanter,
1274 2262 1390 2290 incente
1411 2266 1606 2303 permutan-

933 2321 1000 2345 tur.
1021 2312 1061 2345 E.

989 2378 1022 2408 9·
1050 2371 1172 2412 Κτῆμν.
1184 2392 1190 2397 .
1209 2394 1215 2400 .
1233 2394 1239 2399 .
1257 2366 1437 2411 ἀγώνισμα..
1460 2363 1606 2395 Historia

934 2424 1045 2464 κτῆμοι
1074 2424 1143 2455 est,
1166 2415 1333 2461 possessio
1348 2439 1355 2453 ‚
1380 2415 1509 2446 bonum
1535 2425 1608 2456 per·-

933 2479 1037 2516 petuo
1046 2477 1199 2502 nostrum
1213 2493 1221 2508 ,
1232 2475 1413 2512 postquam
1423 2464 1526 2498 semel
1536 2477 1607 2497 esse

934 2524 1033 2568 coepit
1055 2520 1142 2565 (vid.
1168 2533 1270 2565 supra
1291 2520 1328 2558 I,
1351 2519 1369 2551 3
1383 2543 1390 2557 ,
1413 2519 1461 2560 3),
1482 2529 1520 2549 ex
1537 2529 1606 2561 quo

935 2589 1008 2609 sera
1028 2575 1130 2609 etiam
1151 2573 1331 2618 posteritas
1348 2570 1390 2602 de
1406 2569 1504 2602 nobis
1517 2569 1606 2615 judi-

935 2635 1000 2661 cat.
1021 2625 1140 2659 Oratio
1153 2633 1266 2657 autem
1285 2625 1455 2669 ἀγώνισμα
1473 2630 1523 2654 est
1539 2635 1606 2654 cer-

936 2688 1071 2719 tamen,
1099 2679 1134 2711 in
1165 2690 1233 2722 quo
1258 2676 1361 2709 semel
1385 2675 1503 2708 xicisse
1527 2675 1605 2707 satis

934 2740 984 2766 est
998 2757 1006 2773 ,
1039 2744 1109 2765 nou
1144 2736 1285 2763 curante
1325 2735 1465 2761 auctore
1478 2752 1487 2768 7
1521 2726 1603 2773 quid
