1742 2989
125 168 209 214 158

516 169 561 210 C.
599 167 826 211 PLINII
861 167 985 210 LIB.
1022 168 1116 210 III.

117 268 264 296 senem
290 259 477 294 stantem
503 266 511 292 :
541 264 634 292 ossa
656 282 667 302 ,
689 246 901 303 musculi,
921 247 1067 303 nervi,
1087 263 1204 290 venae
1219 281 1230 302 ,
1251 262 1370 307 rugae
1390 246 1520 290 etiam

117 335 168 369 ut
188 325 394 386 spirantis
412 331 628 384 apparent
650 338 659 365 ε
680 321 766 364 rari
791 331 835 364 et
854 320 1055 365 cedentes
1078 319 1249 382 capilli,
1276 319 1363 364 lata
1382 319 1523 372 frons,

118 407 344 443 contracta
376 396 532 450 facies,
559 393 668 438 exile
702 392 863 438 collum
894 410 903 437 :
930 393 1124 455 pendent
1153 393 1323 449 lacerti,
1352 390 1524 453 papillae

72 475 92 508 3
114 472 285 532 jacent,
316 469 492 513 recessit
515 477 682 511 venter.
710 468 748 511 A
781 477 903 528 tergo
932 484 1109 528 quoque
1138 466 1290 510 eadem
1320 475 1448 519 aetaS,
1475 473 1525 507 ut

117 560 141 587 a
167 553 306 604 tergo.
338 543 408 585 AEs
434 541 603 601 ipsum,
631 549 848 600 quantum
876 556 1005 583 verus
1030 539 1151 584 color
1184 539 1370 594 indicat,
1402 547 1525 581 vetus

116 677 269 711 Plinium
278 677 323 710 ita
330 676 516 721 loquutum
525 687 611 714 esse,
620 674 719 720 quasi
727 673 790 706 dif-

118 730 244 763 ficilius
273 736 427 774 putasset
455 727 497 761 de
524 727 646 761 vestito
671 727 786 772 signo,

118 795 223 829 quam
233 782 276 815 de
284 781 665 826 nudojudicare‚quum
674 788 790 812 tamen

119 836 254 869 facilius
273 836 314 868 sit
333 834 448 868 videre
461 859 470 874 ,
491 834 518 866 si
533 832 617 879 quid
634 833 669 866 in
682 833 791 878 pallio

118 889 173 922 vel
187 897 265 934 toga
279 896 397 921 statuae
409 894 590 932 peccatum
605 886 646 918 sit
659 910 667 927 ,
684 898 791 931 quam

119 941 193 974 siin
216 952 301 973 surae
321 939 479 973 musculo
499 938 553 972 vel
572 938 663 972 flexu
681 939 788 984 digiti.

118 992 291 1038 Gierigius
310 992 446 1032 statuit,
467 991 616 1024 Plinium
634 991 791 1037 jucunde

115 1046 247 1091 jocari,
276 1053 309 1077 et
331 1045 437 1078 animi
464 1056 586 1077 caussa
610 1043 653 1076 de
679 1051 793 1078 statua

119 1097 233 1143 loqui,
254 1105 292 1130 ut
307 1096 351 1130 de
365 1097 506 1132 homine
518 1121 526 1137 ‚
542 1097 603 1142 qui
620 1097 701 1129 vitia
717 1109 793 1129 cor-

118 1151 210 1196 poris
225 1151 315 1184 velat
332 1162 339 1183 :
361 1149 420 1183 sed
433 1162 503 1194 quo
519 1149 684 1194 hicjocus
699 1161 793 1182 nunc

118 1204 289 1249 pertineat
303 1203 374 1244 ‚vel
389 1215 493 1248 quem
509 1215 649 1234 sensum
664 1202 793 1234 habere

118 1256 225 1301 possit
236 1281 244 1296 ,
261 1269 331 1289 non
348 1255 445 1288 dixit.
461 1255 632 1288 Neutrum
646 1267 710 1300 ego
725 1267 795 1288 cre-

119 1308 178 1342 do.
199 1309 354 1341 Primum
373 1307 504 1340 Plinius
526 1306 609 1340 dicit
631 1321 684 1348 se,
705 1315 742 1340 ut
760 1307 794 1340 in

120 1361 214 1394 omni
229 1373 265 1393 re
280 1386 288 1401 ,
304 1361 351 1393 ita
366 1360 400 1392 in
416 1367 607 1392 statuarum
622 1359 796 1406 artejudi-

120 1413 232 1447 canda
252 1415 403 1456 exignum
415 1426 549 1456 sapere:
563 1413 629 1446 hoc
645 1420 795 1446 venustae

120 1465 295 1499 modestiae
310 1472 383 1498 erat
403 1465 514 1498 fateri.
536 1465 613 1498 Jam
628 1465 743 1505 addit,
763 1480 796 1497 se

121 1520 181 1551 hoc
204 1521 329 1562 signnm
354 1528 462 1549 tamen
487 1519 673 1560 intelligere.
701 1517 796 1550 Cur?

121 1582 169 1604 esc
180 1574 263 1603 enim
277 1573 395 1602 nudum
406 1595 414 1608 ,
430 1577 492 1602 etc.
507 1570 587 1602 Haec
600 1571 728 1616 optime
742 1583 796 1603 co-

121 1624 263 1657 haerent.
282 1624 413 1668 Nempe
428 1622 562 1655 facilius
575 1623 729 1668 profecto
747 1631 796 1656 est

122 1679 247 1720 signum
275 1678 396 1707 nudum
412 1701 421 1712 ,
450 1675 638 1720 praesertim
664 1675 710 1708 ita
736 1689 795 1707 ex-

117 1742 278 1772 pressum,
301 1735 340 1760 ut
358 1727 582 1767 describitur,
601 1729 793 1771 intelligere,

124 1780 189 1813 hoc
204 1788 272 1820 est,
291 1781 365 1826 ejus
380 1780 527 1824 pretium
543 1787 691 1813 statuere
707 1781 796 1813 vitiis

124 1841 183 1866 aut
200 1833 385 1866 virtutibus
407 1831 669 1877 cognoscendis.
686 1834 796 1866 Nemo

123 1887 216 1919 enim
233 1911 242 1926 ,
267 1886 332 1918 nisi
359 1885 417 1931 qui
443 1885 483 1917 sit
508 1885 612 1931 plane
640 1885 797 1930 stupidus

124 1947 157 1972 et
170 1939 263 1972 iners
275 1964 283 1979 ‚
304 1939 351 1972 ita
371 1938 482 1971 omnis
498 1946 629 1971 naturae
645 1940 797 1984 corporis

124 1992 292 2031 humani,
322 1999 354 2024 et
386 1991 467 2023 artis
497 1991 637 2035 ignarus
664 1999 714 2024 est
726 2017 734 2032 ,
760 2000 799 2024 ut

122 2044 279 2090 judicare
295 2057 365 2076 non
384 2044 509 2088 possit,
528 2044 562 2076 in
576 2043 670 2077 nuda
685 2052 798 2078 statua

128 2097 363 2130 membrorum
381 2096 583 2141 compositio
597 2121 605 2135 ‚
620 2096 796 2142 flexusque

126 2149 210 2183 recti
233 2149 299 2181 sint
322 2162 365 2181 an
392 2149 507 2193 pravi,
531 2148 659 2181 ossium
678 2162 798 2182 nervo-

129 2216 207 2235 rum
225 2227 233 2242 ,
254 2209 526 2247 caeterarumque
546 2202 698 2247 partium
724 2215 798 2236 cor-

128 2256 224 2302 poris
250 2256 351 2294 situs,
375 2253 481 2287 flexus
506 2262 637 2287 naturae
658 2268 798 2301 respon-

128 2308 232 2341 deant
243 2319 305 2340 nec
314 2320 369 2339 ne.
380 2307 500 2339 Ethaec
512 2308 629 2341 omnia
640 2308 672 2340 in
682 2308 798 2341 senilis

128 2360 283 2407 corporis
301 2360 412 2392 forma
430 2359 642 2403 expressiora
659 2373 730 2393 csse
746 2373 798 2393 so-

129 2414 211 2447 lent.
230 2415 271 2445 In
291 2412 388 2457 signo
407 2412 528 2444 vestito
550 2411 726 2446 difficilius
748 2422 798 2446 est

130 2474 237 2499 artem
258 2465 397 2498 artificis
412 2463 574 2510 judicare
592 2473 773 2509 propterea
786 2492 796 2506 ‚

129 2518 222 2563 quod
237 2518 405 2563 plicarum
418 2518 530 2563 jactus
548 2525 580 2550 et
594 2519 797 2562 compositio

130 2584 200 2604 non
226 2571 271 2603 ita
294 2571 478 2603 constituta
497 2577 547 2603 est
572 2578 694 2603 natura
709 2596 716 2609 ‚
738 2571 796 2604 sed

131 2623 239 2668 magis
263 2623 443 2656 arbitraria
459 2649 467 2663 ‚
492 2631 524 2656 et
549 2635 587 2656 ex
609 2623 690 2656 artis
715 2624 797 2657 inte-

130 2676 276 2708 rioribus
310 2675 517 2719 quibusdam
557 2675 682 2720 regulis
717 2689 798 2721 pen-

854 673 940 707 dens
955 699 963 714 ‚
991 686 1067 720 quae
1092 686 1163 707 non
1186 673 1250 706 nisi
1274 685 1293 706 a
1312 671 1525 718 peritissimis

854 726 1145 760 existimatoribus
1156 752 1164 767 ‚
1181 734 1213 759 et
1227 726 1333 771 longo
1349 738 1415 758 usu
1430 725 1527 758 intel-

853 779 912 825 ligi
941 787 1096 825 possunt.
1126 780 1285 813 Jocatum
1321 779 1426 812 fuisse
1462 777 1528 810 Pli-

854 832 950 864 nium
966 857 974 872 ‚
1001 840 1075 865 tum
1100 833 1244 865 fortasse
1270 838 1454 864 statuerem
1469 856 1477 871 ,
1498 830 1526 863 si

855 883 897 918 de
916 884 1073 918 nuditate
1097 884 1256 917 muliebri
1282 897 1394 917 sermo
1414 891 1524 917 esset:

854 936 914 970 sed
939 938 1016 983 quis
1044 950 1148 970 sanus
1176 937 1212 969 in
1244 936 1410 983 decrepiti
1438 936 1527 969 senis

853 989 1011 1023 nuditate
1019 989 1161 1037 jocandi
1171 990 1385 1023 occasionem
1400 997 1526 1034 captet,

855 1051 915 1076 aut
927 1044 1080 1089 aliquam
1090 1042 1313 1089 cupiditatem
1324 1042 1472 1075 sentiat?
1485 1043 1527 1075 Ε.

902 1098 1018 1135 Nervi,
1052 1095 1112 1142 qui
1143 1094 1247 1128 hodie
1273 1095 1320 1127 sic
1347 1093 1419 1127 drr.
1452 1107 1523 1128 non

856 1157 1000 1195 possunt
1011 1149 1154 1195 exprimi
1163 1149 1198 1181 in
1207 1149 1310 1194 signis
1325 1160 1332 1189 ;
1343 1147 1403 1182 sed
1411 1149 1530 1180 Roma-

855 1202 893 1236 ni
906 1228 914 1243 ‚
929 1202 973 1236 ad
988 1202 1215 1236 imitationem
1225 1202 1425 1235 Graecorum
1440 1226 1448 1241 ‚
1460 1214 1529 1233 ner-

858 1271 909 1289 vos
934 1256 1094 1289 dixerunt
1120 1255 1256 1288 vincula
1285 1263 1317 1288 et
1343 1255 1529 1300 ligamenta

857 1311 1110 1343 membrorum.
1138 1309 1202 1340 En.
1227 1329 1272 1333 -—
1299 1312 1340 1340 Ut
1363 1309 1527 1351 spirantis.

857 1363 933 1395 Jam
961 1361 1130 1395 advocata
1161 1361 1230 1394 huc
1263 1368 1342 1393 sunt
1370 1362 1528 1403 spirantia

859 1418 997 1448 molliter
1011 1428 1079 1447 cera
1093 1426 1132 1447 ex
1145 1415 1245 1459 Virg.
1264 1415 1344 1446 AEn.
1356 1412 1407 1445 VI
1420 1438 1428 1452 ,
1441 1413 1507 1453 848
1520 1438 1528 1452 ,

858 1467 902 1500 G.
922 1488 968 1492 —
984 1468 1037 1501 Sic
1058 1475 1090 1500 et
1113 1467 1224 1499 Graeci
1248 1466 1283 1499 in
1303 1465 1406 1511 signis
1426 1468 1460 1499 τὸ
1476 1469 1531 1513 ἔμ-

858 1523 953 1567 ψυχον
969 1519 1123 1553 laudant.
1135 1520 1239 1552 Plena
1248 1517 1530 1552 harumlaudum

858 1573 1065 1618 Anthologia
1095 1573 1227 1606 Graeca.
1249 1571 1339 1605 Vide
1366 1571 1531 1604 Huschke

858 1626 959 1659 Anal.
976 1626 1062 1659 Crit.
1079 1639 1115 1671 p.
1137 1628 1192 1658 61.
1208 1625 1333 1658 Jacobs
1351 1623 1395 1656 ad
1411 1624 1530 1669 Epigr.

859 1679 1148 1724 adesp.CCXLV.
1163 1678 1245 1711 S.-—
1254 1679 1333 1708 Rari
1345 1688 1375 1708 et
1389 1679 1531 1709 cedentes

859 1734 977 1775 capilli.
990 1731 1042 1763 Ita
1054 1731 1155 1764 etiam
1165 1731 1264 1763 Rom.
1275 1729 1318 1762 H.
1328 1750 1373 1753 —
1383 1732 1531 1761 Cedentes

859 1786 982 1828 capilli.
998 1784 1212 1828 Interpretor
1225 1781 1414 1815 defluentes
1427 1807 1435 1821 ,
1448 1781 1532 1815 defi-

859 1837 986 1870 cientes
997 1862 1005 1877 ,
1017 1844 1157 1881 propter
1167 1835 1260 1881 quod
1271 1838 1342 1881 jam
1356 1835 1425 1867 rari
1438 1842 1529 1867 sunt.

859 1890 903 1922 G.
921 1910 965 1914 —-
980 1892 1075 1921 Erile
1091 1891 1219 1921 collum.
1235 1888 1282 1920 Ut
1295 1888 1419 1934 larynx
1434 1913 1442 1928 ‚
1461 1895 1532 1921 ten-

860 1942 957 1975 dines
972 1967 980 1982 ,
1000 1953 1093 1975 venae
1109 1966 1117 1981 ‚
1132 1942 1177 1973 ob
1196 1941 1309 1974 carnis
1333 1949 1367 1973 et
1386 1940 1530 1985 pingue-

860 1995 950 2029 dinis
973 1994 1146 2028 desectuin
1163 2019 1171 2033 ‚
1198 2002 1398 2038 appareant.
1419 1992 1462 2025 G.
1487 2013 1531 2018 -—

861 2051 1004 2081 Pendent
1018 2050 1141 2080 lacerti.
1156 2046 1293 2079 Lacerti
1310 2059 1379 2079 non
1390 2047 1463 2091 jam
1478 2058 1532 2078 ro-

862 2100 961 2133 tundi
989 2108 1089 2140 sunt,
1114 2099 1308 2139 substricti,
1333 2098 1530 2144 torosique;

864 2153 923 2187 sed
937 2153 1086 2198 pensiles
1102 2160 1133 2185 et
1148 2151 1311 2185 flaccidos
1331 2152 1506 2184 musculos
1520 2177 1529 2191 ‚

864 2207 907 2239 ab
928 2217 996 2238 una
1016 2204 1121 2237 modo
1143 2214 1239 2250 parte
1260 2207 1426 2238 haerentes
1439 2230 1448 2245 ,
1468 2205 1531 2238 ha-

864 2260 958 2291 bent.
985 2257 1027 2291 G.
1044 2261 1241 2301 —Papillae
1262 2260 1386 2302 jacent.
1419 2261 1529 2298 Μαζὸς

863 2313 1030 2347 ὑπεκλίνθη
1056 2311 1219 2356 Agathias
1239 2312 1324 2343 XIII
1339 2336 1347 2351 ,
1373 2311 1404 2345 5.
1429 2311 1462 2344 S.
1485 2332 1531 2335 —

864 2366 999 2395 Eece-551}
1019 2373 1141 2396 venter.
1167 2365 1266 2397 ROUI.
1296 2368 1411 2395 ῙνίἿΖῖθΓ
1434 2376 1532 2395 TC'CC'S-

861 2418 913 2449 sit.
930 2416 973 2449 H.

911 2470 943 2502 3.
963 2473 1003 2501 Ut
1015 2483 1034 2500 a
1054 2479 1153 2513 tergo.
1171 2470 1351 2510 Quantum
1365 2468 1530 2501 nimirum

863 2534 882 2554 a
897 2529 992 2566 tergo
1010 2521 1145 2554 ostendi
1164 2529 1275 2567 potest
1287 2546 1296 2561 ‚
1316 2522 1351 2553 in
1370 2533 1440 2566 quo
1459 2533 1528 2552 non

864 2581 912 2606 tot
926 2586 1085 2619 expressa
1100 2582 1238 2607 aetatum
1251 2573 1390 2619 vestigia
1404 2573 1437 2606 iu
1452 2585 1531 2605 ocu-

862 2627 912 2658 los
940 2627 1121 2659 incurrunt
1145 2626 1283 2660 scilicet.
1311 2625 1354 2658 G.
1375 2624 1463 2657 Vide
1486 2624 1528 2658 ad

864 2679 961 2723 epist.
978 2680 1052 2717 ΙΙΙ,
1073 2679 1104 2711 5.
1122 2679 1156 2711 S.
