1742 2989
145 183 200 229 '135
568 189 617 230 tl.

658 184 880 229 PLINM
917 182 1042 227 Lifl.
1082 182 1115 227 I.

141 284 164 309 a
185 266 402 310 scribendi
423 268 722 327 recitandique
746 266 890 310 studio
911 266 1002 310 haec
1022 265 1274 309 auditorum
1295 264 1361 308 vel
1382 264 1544 307 desidia

95 352 114 380 εἰ
141 338 206 383 vel
230 341 435 401 superbia
465 357 553 384 non
583 340 786 384 retardat.
814 339 1032 400 Equidem
1059 354 1197 399 prope
1223 338 1387 381 nemini
1417 336 1547 380 defui.

140 414 278 456 Erant
310 429 412 457 sane
442 414 571 457 amici

605 431 614 457 ε
646 430 788 475 neque
817 414 935 457 enim
969 414 1200 474 quisquam
1231 420 1294 454 est
1325 410 1442 465 fere,
1471 410 1545 470 qui

95 509 112 539 ,-
140 486 306 539 studia,
334 496 491 530 utnon
517 486 646 531 simul
669 497 713 531 et
735 504 814 531 nos
833 497 960 532 amet.
985 487 1062 530 His
1087 502 1140 530 ex
1162 486 1322 529 caussis
1347 485 1545 545 longius,

139 575 271 618 quam
300 559 645 615 destinaveram,
674 570 846 621 tempus
874 562 918 604 in
945 560 1053 604 urbe
1076 559 1341 619 consumpsi.
1367 559 1547 601 Possum

135 631 228 691 jam
254 642 452 692 repetere
473 649 712 689 secessum,
733 644 777 678 et
801 634 990 677 scribere
1019 631 1207 692 aliquid,
1228 630 1346 692 quod
1366 647 1453 673 non
1477 646 1549 672 re-

139 704 290 759 citem3
309 721 364 748 ne
381 705 550 762 videar,
577 723 766 766 quorum
792 706 1124 751 recitationibus
1149 704 1288 753 adfui,
1312 720 1401 747 non
1422 702 1549 746 audi-

141 787 209 820 tor
234 778 383 833 fuisse,
409 778 483 822 sed
512 779 705 823 creditor

732 798 740 823 :
767 796 869 823 nam
901 789 950 823 ut
977 781 1021 822 in
1047 779 1203 822 ceteris
1230 778 1386 832 relius,
1414 777 1474 819 ita
1506 776 1548 817 in

138 849 346 894 audiendi
374 851 521 895 officio
548 853 662 912 perit
691 853 851 913 gratia,
877 853 911 896 si
942 861 1211 913 reposcatur.
1228 849 1350 894 Vale.

139 967 250 1013 eptior
266 969 407 1013 querela
426 968 505 1009 fiat,
525 983 626 1002 suum
641 970 814 1015 judicium

140 1019 206 1053 illis
218 1020 419 1054 hominibus
433 1022 606 1056 tribuerit.
619 1024 750 1068 Nempe
764 1024 814 1055 illi

138 1074 374 1117 querebantur
391 1098 400 1114 ,
422 1087 455 1106 se
475 1077 579 1113 diem,
602 1077 679 1118 quia
698 1089 761 1107 non
781 1077 813 1107 in

140 1127 327 1158 stationibus
343 1127 490 1170 fuerint,
513 1130 706 1170 perdidisse.
735 1129 813 1160 Jam

138 1190 218 1210 cum
236 1178 368 1212 Plinius
389 1178 561 1225 judicaret
576 1204 585 1219 ,
602 1180 637 1212 in
658 1180 814 1213 stationi-

137 1231 202 1264 bus
219 1232 348 1264 morari
362 1257 370 1272 ,
388 1232 482 1265 idem
498 1245 571 1266 esse
582 1257 590 1272 ,
607 1233 702 1278 qnod
720 1232 813 1266 diem

136 1283 282 1330 perdere
293 1308 302 1324 ‚
318 1285 523 1318 sententiam
534 1285 628 1318 illam
640 1285 753 1330 lepide
767 1286 813 1318 ita

139 1336 258 1370 extulit
272 1362 281 1377 ,
302 1337 400 1383 quasi
422 1337 471 1370 illi
501 1338 566 1382 ipsi
592 1338 762 1379 dixerint,
782 1352 814 1370 se

139 1392 222 1422 diem
237 1416 246 1427 ,
275 1392 353 1432 quia
377 1404 441 1422 non
458 1393 679 1433 perdiderint,
704 1393 813 1434 perdi-

139 1444 233 1474 disse.
250 1442 378 1487 Utique
394 1443 473 1476 talis
493 1443 590 1488 lepor
609 1444 718 1489 magis
738 1456 814 1476 sen-

138 1494 218 1535 tiri,
239 1507 346 1540 quam
365 1496 478 1529 verbis
497 1496 668 1529 declarari
688 1504 811 1542 potest.

140 1546 213 1580 Hoc
231 1555 322 1581 certe
337 1548 444 1581 modo
460 1557 548 1582 stare
565 1549 651 1582 illud
663 1552 813 1593 perdide-

880 981 922 1002 rit
946 976 1068 1015 potest.
1089 969 1130 1001 Ε.
1155 989 1200 993 ἡ
1224 967 1368 1012 Gierigii
1393 965 1550 999 animad-

881 1023 990 1055 versio
1007 1030 1045 1055 ut
1061 1021 1164 1054 docta
1183 1021 1224 1053 sit
1238 1046 1247 1061 ,
1266 1020 1349 1053 huic
1365 1027 1456 1052 certe
1474 1020 1551 1052 loco

880 1087 952 1109 non
977 1083 1026 1109 est
1051 1073 1326 1107 accommodata.
1353 1074 1500 1104 Perdidit
1523 1069 1551 1103 si

879 1128 972 1173 legas
986 1153 994 1168 ,
1018 1139 1234 1172 consequens
1257 1133 1327 1165 est,
1348 1125 1433 1157 tales
1457 1123 1552 1156 audi-

880 1188 971 1213 tores
994 1180 1104 1213 Plinio
1127 1180 1218 1212 visos
1240 1190 1312 1212 esse
1335 1190 1414 1210 cnm
1436 1177 1551 1209 fructu

880 1232 1032 1279 quodam
1049 1245 1112 1265 suo
1130 1231 1287 1265 recitanti
1307 1229 1470 1263 adfuisse.
1486 1226 1552 1261 Sed

879 1299 984 1331 quem
1004 1285 1190 1319 auditionis
1210 1285 1362 1317 fructum
1377 1283 1554 1328 percipere

879 1346 1039 1384 poterant
1054 1364 1062 1379 ,
1081 1339 1141 1384 qui
1159 1344 1191 1370 et
1215 1350 1290 1370 sero
1308 1336 1499 1375 venissent,
1520 1343 1553 1366 et

881 1399 959 1424 ante
984 1391 1089 1424 finem
1111 1389 1337 1423 recederent?
1360 1390 1472 1421 Immo
1497 1387 1552 1419 vel

881 1445 927 1477 sic
954 1443 1046 1477 diem
1071 1442 1319 1490 perdiderunt,
1340 1453 1551 1487 quamquam

880 1510 950 1529 non
968 1509 1008 1530 eo
1025 1495 1130 1529 inodo
1142 1520 1150 1536 ‚
1166 1496 1225 1541 qui
1240 1495 1394 1539 ipsorum
1410 1493 1554 1538 ignaviae

880 1550 1030 1581 maxime
1045 1548 1275 1582 blandiretur.
1295 1549 1330 1580 S.

159 1662 273 1674 ὶνινιτ
280 1665 703 1676 ιιικιιιιωι-ιινιηψιιτα
709 1661 1536 1676 ιπινιι-ι-ικιαιιἰκαιιιινιιαςνιαιιιωσιιωυωυ

765 1775 935 1830 XIV.

145 1903 315 1939 Maurico
344 1904 498 1949 suadet,
524 1910 565 1939 nt
596 1903 720 1939 fratris
750 1903 864 1938 filiam
891 1901 1129 1952 despondeat
1152 1901 1348 1946 Aciliano,
1368 1911 1482 1949 quern
1503 1898 1555 1935 ita

194 1964 455 2009 commendat,
480 1973 522 2000 ut
551 1963 662 2000 nohis
690 1964 858 2014 epistolae
886 1963 1204 2000 commendatitiae
1233 1961 1449 2011 exemplum
1470 1960 1548 1996 reli*—

194 2026 328 2073 querit.
351 2029 421 2061 En.

342 2142 381 2170 C.
420 2138 655 2169 PLINIUS
692 2141 863 2168 JUNIO
898 2141 1148 2168 MAURICO
1185 2139 1283 2167 SUO
1319 2139 1353 2166 S.

208 2243 394 2297 PETIS,
417 2252 466 2284 ut
492 2242 638 2285 fratris
665 2242 727 2284 tui
756 2240 854 2284 filiae
883 2241 1150 2301 prospiciam
1174 2241 1381 2283 maritum
1406 2256 1412 2281 :
1438 2238 1555 2298 quod

142 2314 299 2358 merito
327 2315 436 2358 mihi
463 2315 741 2375 potissimum
770 2314 975 2374 injungis.
1004 2313 1095 2356 Scis
1121 2312 1262 2363 enim,
1282 2320 1555 2371 quantopere

140 2404 361 2430 summum
388 2387 512 2430 illum
545 2388 688 2430 virum
719 2386 988 2447 suspexerim
1021 2384 1364 2444 dilexerimque3
1397 2382 1556 2442 quibus

141 2459 211 2502 ille
242 2459 581 2503 adolescentiam
612 2476 754 2503 meam
782 2458 1162 2502 exhortationibus
1192 2457 1370 2511 foverit,
1397 2454 1556 2514 quibus

97 2560 111 2578 ψ,
140 2533 271 2576 etiam
299 2532 520 2585 laudibus,
537 2541 586 2575 ut
609 2531 854 2575 laudandus
875 2530 1066 2586 viderer,
1094 2529 1300 2574 effecerit.
1322 2526 1445 2570 Nihil
1472 2536 1554 2576 est,

140 2606 257 2665 quod
291 2623 314 2648 a
344 2615 384 2648 te
413 2605 612 2648 mandari
649 2604 757 2647 mihi
789 2614 865 2647 aut
894 2603 1060 2663 majus,
1092 2612 1168 2646 aut
1199 2600 1388 2662 gratius,
1423 2597 1557 2651 nihil,

142 2678 259 2733 quod
288 2678 515 2721 honestius
548 2694 569 2720 a
602 2694 669 2720 me
699 2677 857 2735 suscipi
889 2677 1049 2736 possit,
1075 2692 1205 2734 quam
1234 2683 1281 2716 ut
1307 2671 1464 2731 eligam
1490 2671 1553 2727 jud
