1742 2989
563 219 911 263 EPISTULA
950 222 1114 263 xvii.

142 308 306 342 uestras
332 316 418 342 non
448 299 638 343 minores
671 299 802 344 valvis
838 301 1000 345 habet:
1033 311 1162 361 atque
1190 302 1249 343 ita
1280 317 1303 343 a
1332 300 1537 345 lateribus

141 381 184 415 et
217 390 241 415 a
277 372 417 415 fronte
447 373 569 432 quasi
607 373 689 416 tria
721 374 857 417 maria
890 383 1169 436 prospectat:
1196 390 1220 417 a
1255 362 1537 434 tergo‘cavae-

142 443 286 499 dium,
316 444 557 505 porticum,
583 461 751 500 aream3
778 447 997 506 porticum
1027 463 1202 499 rursus,
1229 463 1331 489 mox
1356 447 1540 494 atrium,

142 516 291 570 silvas,
318 527 361 560 et
386 516 648 577 longinquos
677 519 852 578 respicit
884 528 1066 563 montes.
1102 518 1244 578 Hujus
1277 535 1301 561 a
1335 518 1438 562 laeva
1469 536 1536 563 re·
1564 525 1585 553 ὅ

142 591 322 633 tractius
349 589 494 651 paullo
518 589 767 634 cubiculum
791 602 854 635 est
882 591 1074 652 amplum
1097 607 1106 634 :
1138 589 1292 633 deinde
1320 589 1437 633 aliud
1463 591 1539 633 mi-

142 679 250 719 nus,
278 663 393 724 quod
415 662 549 706 altera
577 663 765 707 fenestra
795 664 986 708 admittit
1011 665 1246 717 orientem,
1270 663 1539 707 occidentem

142 735 274 780 altera
315 738 496 790 retinet3
531 737 622 780 haec
654 747 694 781 et
729 737 957 798 subjacens
989 754 1108 781 mare
1142 736 1315 797 longius
1342 735 1541 796 quidem,

141 809 215 853 sed
249 811 441 853 securius
482 811 689 853 intuetur.
730 811 872 870 Hujus
913 809 1102 855 cubiculi
1140 820 1183 853 et
1212 809 1389 853 triclinii
1430 808 1542 852 illius
1568 827 1587 858 7

1454 237 1528 264 ¹21

143 882 316 941 objectu
344 882 583 926 includitur
606 882 791 944 angulus
807 919 818 939 7
848 885 922 944 qui
943 885 1225 945 purissimum
1252 882 1386 927 solem
1406 883 1544 926 conti—

141 965 216 998 net
251 965 293 999 et
324 955 522 999 accendit
547 972 556 999 :
587 956 671 1000 hoc
696 956 1055 1013 hibernaculum,
1081 957 1164 1017 hoc
1193 958 1323 1001 etiam
1360 972 1543 1017 gymna-

141 1029 251 1071 sium
290 1046 487 1072 meorum
527 1039 602 1073 est.
637 1030 704 1073 Ibi
740 1047 890 1074 omnes
922 1030 1049 1074 silent
1082 1032 1222 1085 venti,
1246 1031 1436 1091 exceptis
1469 1031 1543 1089 qui

142 1101 341 1144 nubilum
375 1102 617 1159 inducunt,
647 1113 690 1146 et
729 1120 930 1146 serenum
968 1113 1093 1159 ante,
1122 1120 1254 1164 quam
1283 1120 1409 1146 usum
1441 1102 1547 1156 loci,

141 1175 346 1235 eripiunt.
379 1175 640 1220 Adnectitur
664 1176 825 1236 angulo
852 1176 1101 1220 cubiculum
1134 1178 1179 1219 in
1216 1176 1362 1236 apsida
1389 1190 1545 1219 curva-
1571 1190 1591 1221 8

142 1256 258 1302 tum,
286 1247 403 1308 quod
432 1248 644 1293 ambitum
671 1248 770 1292 solis
797 1249 995 1293 fenestris
1016 1249 1218 1292 omnibus
1241 1249 1449 1309 sequitur.
1468 1250 1546 1291 Pa-

143 1364 247 1402 atque
261 1370 299 1389 ea
314 1365 393 1390 sunt
405 1384 413 1398 ‚
428 1371 503 1404 qnae
520 1359 628 1392 valvis
643 1359 725 1393 alias
740 1372 814 1392 niu-

146 1410 213 1442 niri
233 1410 343 1443 solent
360 1423 368 1451 ;
386 1412 438 1443 vel
457 1411 628 1445 foramina
646 1413 815 1457 speculari

142 1462 257 1507 lapide
271 1464 415 1497 munita.
432 1465 544 1497 Etiam
560 1464 684 1498 deinde
701 1467 730 1509 5.
749 1479 790 1498 20
804 1491 812 1506 ‚

143 1519 248 1548 valvae
262 1518 452 1560 etfenestroe
466 1517 738 1563 distinguuntur.
759 1523 815 1550 Fe-

143 1578 255 1600 nestroe
269 1569 386 1614 itaque
405 1570 566 1603 videntur
586 1572 748 1617 oppositae
765 1572 814 1604 lo-

143 1620 191 1653 cis
201 1645 209 1660 ,
222 1620 314 1654 unde
327 1635 439 1668 neque
451 1632 571 1656 ventus
584 1637 696 1669 neque
707 1637 815 1669 vapor

144 1680 376 1715 metueretur3
398 1676 500 1708 valvae
525 1676 577 1709 his
591 1702 598 1716 ,
620 1677 679 1710 ubi
699 1677 813 1710 exclu-

145 1725 248 1759 dendi
261 1737 383 1761 essent.
393 1729 701 1773 Interimfeneseras
712 1731 814 1763 etiam

147 1778 346 1824 simpliciter
361 1780 442 1821 dici,
454 1794 528 1827 quae
543 1790 658 1815 tamen
673 1784 813 1828 aperiri,

144 1831 197 1862 vel
211 1831 324 1865 claudi
334 1841 479 1878 possunt
491 1859 498 1872 ‚
513 1842 653 1879 apparet
668 1847 705 1868 ex
720 1837 750 1878 5.
763 1849 814 1868 29..

147 1884 267 1930 Itaque
287 1886 419 1930 possint
437 1887 540 1919 etiam
560 1887 817 1931 simpliciterse-

146 1947 258 1969 nestrce
282 1939 451 1984 intelligi,
478 1952 552 1984 quae
577 1939 664 1971 lucis
689 1939 815 1972 admit-

146 1988 256 2022 tendae
282 2002 402 2023 caussa
433 1992 529 2023 factae
562 1999 640 2024 sunt
655 2017 663 2031 ‚
689 1995 812 2030 valore,

138 2043 240 2085 fores,
256 2055 283 2075 s.
295 2043 507 2088 januae‚quae
521 2042 564 2076 ad
580 2044 815 2088 pavimentum

148 2106 257 2139 usque
278 2094 505 2128 descendunt.
525 2096 568 2129 G.
585 2117 631 2121 —
645 2100 752 2139 Atque
769 2099 817 2129 ita

148 2160 170 2178 (ι
190 2150 355 2186 lateribus,
383 2156 448 2182 etc.
475 2150 571 2182 Rom.
597 2153 699 2192 Atque
723 2152 770 2182 ica
795 2164 817 2181 a

150 2202 298 2231 lateribus
323 2214 343 2232 a
361 2202 474 2244 fronte
499 2204 593 2244 quasi
616 2204 722 2234 maria
740 2217 817 2246 pro-

148 2262 278 2294 spectat.
292 2252 336 2285 H.
351 2274 396 2277 —
406 2257 436 2284 A
452 2264 538 2297 tergo
553 2257 739 2288 cumdium.
754 2256 818 2288 Eo-

153 2303 232 2336 dem
261 2304 381 2338 ordine
411 2307 508 2350 quasi
538 2307 790 2352 retrogreditur
807 2335 815 2348 ‚

147 2368 219 2401 quo
237 2357 409 2402 ingressus
430 2358 562 2399 fuerat,
583 2359 677 2405 quod
694 2360 817 2406 imagi-

150 2409 255 2442 nandi
274 2410 471 2443 facultatem
486 2411 596 2457 juvat.
616 2412 659 2444 G.

199 2464 231 2494 6.
256 2465 470 2494 Occidentem.
487 2488 493 2495 .
511 2488 517 2494 .
535 2466 670 2496 ‚rctinet.
697 2464 753 2497 Sol
778 2477 817 2497 ex

151 2526 192 2545 eo
209 2513 317 2546 videri
332 2523 460 2560 potest,
481 2515 590 2548 donec
607 2517 710 2561 plane
728 2517 818 2549 occi-

151 2564 252 2599 derit.
268 2566 478 2600 G.——Verba
497 2577 633 2614 sumpta
652 2569 694 2600 ab
707 2569 819 2601 homi-

154 2630 196 2650 ne
207 2642 215 2657 ,
232 2619 288 2663 qui
303 2622 443 2652 admittit
457 2621 629 2666 hospitem
640 2646 648 2660 ‚
665 2620 765 2654 simul
780 2634 819 2655 ac

154 2669 295 2703 advenit
307 2696 314 2710 ‚
332 2680 363 2704 et
379 2672 553 2706 discedere
574 2674 745 2706 volentem
765 2687 814 2705 re-

155 2723 232 2754 tinet
245 2748 252 2759 ‚
274 2724 440 2768 quamdiu
460 2734 579 2770 potest.
602 2727 663 2758 En.
682 2748 723 2752 -—
743 2731 816 2759 Hoec

879 1370 910 1392 cc
919 1363 1100 1403 subjacens,
1119 1368 1187 1393 etc.
1205 1361 1302 1392 Rom.
1321 1363 1397 1390 Hoec
1414 1370 1501 1389 mare
1517 1368 1549 1388 et

878 1416 1043 1456 subjacens
1068 1416 1203 1457 longius.
1230 1411 1387 1455 Intelligo
1410 1423 1496 1442 mare
1519 1420 1548 1441 ec

878 1464 1018 1511 quidem
1033 1468 1210 1509 subjacens.
1228 1465 1271 1497 H.
1286 1484 1332 1488 ——
1344 1463 1420 1497 Scio
1430 1488 1438 1502 ‚
1458 1462 1548 1495 Lati-

878 1530 940 1550 nos
951 1518 1111 1563 copulam
1124 1544 1131 1557 ,
1143 1517 1187 1550 ad
1195 1518 1394 1550 Graecorum
1406 1527 1549 1553 morem,

879 1571 925 1603 sic
943 1570 1139 1603 adhibuisse
1161 1582 1169 1602 :
1191 1569 1251 1603 sed
1269 1569 1360 1601 hane
1379 1568 1548 1601 rationem

878 1623 934 1657 hic
949 1623 1089 1669 quidem
1106 1623 1160 1656 vix
1173 1621 1402 1669 probaverim.
1419 1621 1452 1654 S.

924 1696 969 1700 -
988 1679 1126 1719 Longius
1146 1678 1284 1719 quidem.
1305 1673 1416 1719 blagis
1435 1685 1453 1705 e
1472 1673 1548 1705 lon-

878 1728 1008 1773 ginquo
1025 1753 1033 1768 ,
1060 1728 1141 1774 quia
1166 1727 1346 1761 retractius
1372 1733 1420 1758 est
1445 1736 1548 1771 quam

879 1781 1079 1825 contiguum
1102 1780 1305 1813 triclinium.
1328 1779 1371 1811 G.
1391 1798 1436 1802 —-
1455 1781 1549 1808 Secu-

880 1835 956 1865 rius.
972 1834 1060 1865 Nam
1079 1845 1122 1865 ne
1138 1832 1315 1865 novissimi
1330 1829 1469 1877 quidem
1486 1828 1549 1861 flu-

881 1893 954 1918 ctus
975 1885 1122 1918 alluunt.
1144 1886 1178 1918 S.

929 1950 960 1982 7.
978 1940 1097 1981 Hujus.
1115 1963 1120 1968 .
1137 1962 1144 1968 .
1161 1940 1311 1980 ‚obscena
1331 1937 1428 1969 Rom.
1449 1937 1549 1978 Hujus

881 2000 912 2021 et
935 1992 1018 2021 illius
1044 1992 1180 2033 objectu.
1209 1989 1361 2033 Vulgata
1385 1988 1485 2021 lectio
1511 1999 1550 2019 ex

881 2041 992 2087 glossa
1020 2042 1151 2074 auctior
1178 2049 1239 2074 est.
1269 2042 1312 2074 H.
1338 2062 1383 2066 *-
1406 2042 1448 2073 Et
1474 2039 1550 2085 qui-

881 2093 960 2127 dem
976 2094 1021 2126 sic
1033 2102 1132 2127 aucta
1144 2119 1152 2133 ‚
1168 2102 1205 2126 ut
1216 2095 1385 2139 glossator
1399 2100 1548 2125 mentem

881 2147 1028 2180 Secundi
1059 2160 1182 2192 parum
1217 2147 1346 2192 cepisse
1377 2145 1549 2179 videatur.

882 2202 1002 2242 Hnjus,
1024 2202 1106 2232 illias
1118 2226 1126 2237 ‚
1146 2199 1269 2244 opinor
1281 2224 1289 2238 ‚
1305 2198 1348 2232 ad
1367 2197 1437 2231 duo
1452 2196 1551 2230 cubi-

883 2252 961 2285 cula
982 2252 1171 2296 pertinent,
1195 2250 1238 2283 de
1257 2252 1384 2296 quibus
1404 2252 1434 2293 5.
1462 2253 1495 2282 6.
1514 2250 1547 2282 S.

881 2325 926 2329 ——
945 2306 1090 2336 Continet
1104 2314 1133 2336 et
1146 2306 1301 2335 accendit.
1318 2302 1453 2348 Speculi
1471 2314 1551 2334 con-

882 2357 956 2388 cavi
975 2356 1080 2389 instar
1095 2356 1215 2401 excipit
1229 2355 1344 2388 radios
1359 2355 1438 2387 solis
1452 2361 1483 2385 et
1497 2366 1551 2385 re-

883 2408 1027 2441 flexione
1051 2416 1172 2441 mutua
1191 2408 1348 2453 dissipari
1374 2420 1444 2439 non
1464 2405 1551 2450 pati-

883 2468 938 2493 tur
953 2486 961 2500 ‚
978 2460 1037 2493 sed
1055 2461 1090 2493 in
1106 2474 1216 2493 unum
1232 2461 1344 2493 locum
1362 2458 1463 2503 cogit.
1482 2457 1524 2489 G.

932 2514 964 2546 8.
981 2517 1019 2544 ln
1038 2515 1152 2556 apsida
1167 2523 1340 2544 curvatum.
1358 2512 1406 2543 De
1422 2509 1552 2543 fornice

884 2578 947 2611 pro
972 2565 1125 2598 lacunari
1151 2565 1310 2610 imposito
1334 2576 1404 2597 non
1430 2563 1475 2595 ita
1503 2562 1552 2593 lo-

885 2626 982 2651 cutus
1008 2626 1093 2651 esset
1120 2618 1259 2650 Plinius.
1281 2616 1374 2657 Quin
1399 2628 1451 2648 res
1478 2615 1550 2659 ipsa

881 2669 1032 2715 loquitur
1047 2695 1054 2709 ‚
1082 2670 1242 2715 parietem
1272 2681 1378 2701 unum
1399 2666 1548 2699 cubiculi

883 2736 951 2756 non
986 2730 1078 2756 recta
1105 2723 1195 2756 linea
1228 2721 1435 2766 procurrisse
1451 2745 1458 2758 ‚
1492 2719 1550 2751 sod
