1742 2989
622 232 967 276 EPISTULA
1008 232 1062 274 V.

1459 225 1542 271 155

141 315 284 359 hieme
310 314 492 358 manicis
516 314 858 370 muniebantur,
879 323 997 356 utne
1021 310 1111 355 caeli
1132 309 1310 370 quidem
1334 309 1546 368 asperitas

143 389 278 433 ullum
301 388 454 433 studiis
480 398 653 448 tempus
677 389 866 448 eriperet
887 403 897 431 :
918 403 1004 447 qua
1027 402 1077 428 ex
1098 400 1249 428 caussa
1270 385 1421 426 Romae
1440 399 1546 442 quo-

141 480 225 524 que
248 462 349 506 sella
377 462 631 505 vehebatur.
668 464 867 522 Repeto,
893 477 962 503 me
999 467 1250 518 correptum
1281 455 1334 498 ab
1370 471 1442 508 cO,
1470 471 1548 498 cur
1578 466 1616 496 16

142 535 425 579 ambularem.
468 538 680 588 Poteras,
717 535 887 594 inquit,
920 534 1003 577 llas
1035 532 1171 575 horas
1201 544 1292 573 non
1316 526 1508 589 perdere
1539 543 1547 569 ε

141 625 243 651 nam
267 608 409 668 perire
434 623 564 650 omne
584 617 758 668 tempus
785 606 1084 650 arbitrabatur
1100 639 1111 659 ,
1135 602 1255 664 quod
1281 601 1433 644 studiis
1460 615 1550 642 non

142 682 453 742 impertiretur.
489 683 581 724 Hac
613 681 857 725 intentione
886 689 951 723 tot
989 680 1070 722 ista
1097 676 1320 720 volumina
1357 673 1550 734 peregit3

141 755 481 815 Electorumque
508 756 847 798 commentarios
869 764 1045 798 centum
1067 752 1291 812 sexaginta
1317 749 1424 793 mihi
1449 747 1551 791 reli-

141 828 261 888 quit,
299 827 669 888 opisthographos
709 828 885 888 quidem
926 837 967 871 et
1008 825 1299 869 minutissime
1331 822 1551 882 scriptos:

141 917 227 961 qua
258 900 427 943 ratione
454 899 771 961 multiplicatur
800 900 871 944 hic
908 915 1131 943 numerus.
1169 896 1403 942 Referebat
1437 896 1553 955 ipse,

141 973 334 1033 potuisse
366 990 434 1028 se⁷
469 990 606 1033 quum
640 982 896 1034 procuraret
922 974 966 1015 in
1002 971 1240 1031 Hispania,
1266 968 1455 1012 vendere
1475 967 1554 1011 hos

143 1048 481 1091 commentarios
501 1048 662 1107 Largio
682 1048 855 1091 Licinio
871 1045 1203 1107 quadringentis
1222 1042 1415 1086 millibus
1430 1058 1554 1084 num-

144 1137 265 1163 mum

299 1138 307 1163 :
338 1130 377 1163 et
416 1130 522 1163 tuuc
553 1119 778 1180 aliquanto
811 1120 1040 1180 pauciores
1070 1127 1208 1162 erant.
1242 1118 1403 1161 Nonne
1434 1114 1555 1157 vide-

145 1203 216 1236 tur
240 1194 317 1236 tibi
336 1228 347 1249 ,
368 1192 616 1237 recordanti
637 1203 854 1253 quantum
875 1192 1052 1254 legerit³
1077 1200 1292 1252 quantum
1313 1189 1557 1250 scripserit,

143 1317 278 1363 pendiis
289 1343 296 1357 ⁷
313 1317 490 1350 celerrime
503 1317 662 1362 quamvis
673 1317 816 1362 loquen-

144 1370 185 1402 tis
198 1382 299 1403 voces
313 1371 468 1415 excipere
483 1378 609 1415 posset.
632 1386 644 1398 u
661 1370 815 1415 Scriptor

144 1423 243 1457 velox
266 1423 406 1466 (Manil.
428 1424 493 1463 IV,
523 1425 621 1467 160),
643 1423 696 1455 cui
718 1423 815 1455 litera

144 1476 288 1508 verbum
308 1484 377 1515 est,
397 1475 536 1521 Quique
555 1477 637 1507 notis
658 1475 816 1520 linguam

145 1536 281 1573 superet
292 1553 300 1567 ‚
315 1528 513 1573 cursimque
527 1527 698 1573 loquentis
717 1527 816 1560 Exci-

143 1581 213 1626 piat
225 1581 345 1626 longas
364 1593 455 1613 nova
474 1593 535 1626 per
552 1583 741 1624 compendia
758 1593 816 1613 vo-

144 1646 213 1666 ces.
229 1650 241 1662 »
276 1636 377 1678 Hujus
399 1634 570 1677 (Mareial.
595 1634 694 1674 XIV,
717 1635 815 1678 208),

146 1687 315 1719 «Currant
326 1687 430 1719 verba
445 1687 523 1719 lieet
535 1712 543 1727 ,
557 1699 682 1719 manus
698 1695 747 1719 est
758 1700 817 1720 ve-

145 1739 254 1772 locior
274 1739 339 1771 illis
357 1751 364 1771 :
381 1739 545 1772 Nondum
561 1739 679 1784 lingua
696 1752 816 1780 suum,

145 1790 265 1824 dextra
285 1791 414 1836 peregit
434 1805 533 1837 opus.
549 1809 561 1820 »
581 1792 624 1825 G.
646 1813 691 1816 —
715 1796 818 1824 Ullum

144 1847 257 1876 studiis
289 1855 419 1887 tempus.
452 1846 549 1877 Rom.
588 1847 690 1876 Ullam
721 1847 822 1877 stadii

146 1907 286 1940 tempus,
309 1910 378 1930 non
403 1899 525 1929 studiis.
546 1897 599 1931 Sic
620 1907 740 1939 tempus
760 1911 819 1928 an-

146 1951 504 1983 diendz'contermztlib.
522 1951 557 1990 Ι,
575 1963 630 1995 cp.
651 1951 690 1983 13
703 1974 711 1989 ,
729 1963 759 1982 2.
772 1949 816 1981 H.

192 2006 322 2035 ——Sella
338 2005 527 2036 vellebatur.
546 2003 671 2036 Clausa
682 2028 690 2042 ‚
709 2011 794 2048 puto
809 2027 818 2041 ‚

146 2056 190 2088 ob
222 2056 495 2102 interpellatores
509 2082 517 2097 ‚
550 2064 580 2088 et
610 2056 644 2087 in
673 2068 742 2100 qua
770 2069 819 2087 sc-

147 2111 246 2140 dendi
270 2109 438 2149 facultas3
456 2108 551 2156 quod
577 2109 702 2153 legenti
724 2121 819 2141 com-

148 2162 298 2194 modius.
315 2162 358 2194 G.

199 2217 252 2247 16.
270 2218 322 2245 ille
342 2225 520 2257 correptum
540 2217 580 2245 ab
599 2228 652 2251 eo,
676 2227 732 2245 cm·
751 2227 819 2245 am-

149 2269 303 2299 bularem.
319 2266 480 2300 Notanda
495 2266 705 2300 constructio
720 2292 728 2306 ‚
742 2279 820 2311 pro-

148 2320 237 2353 fecta
250 2319 307 2351 illa
320 2331 358 2351 ex
374 2319 488 2352 studio
502 2319 690 2352 brevitatis.
704 2320 819 2353 Simile

147 2372 427 2417 breviloquentiae
452 2372 646 2417 exemplum
667 2373 702 2404 in
725 2373 821 2406 Cice-

148 2437 224 2457 ron.
246 2424 355 2470 Epist.
378 2423 422 2456 ad
441 2425 542 2457 Attic.
564 2426 617 2457 ΙΙΙ
632 2450 640 2464 ,
663 2425 701 2458 15
715 2450 723 2464 ‚
744 2424 818 2458 init.

149 2491 246 2509 unam
260 2503 268 2515 ‚
293 2491 359 2519 (lua
376 2491 424 2508 me
443 2479 593 2520 objmgas
605 2503 613 2515 ‚
639 2487 672 2508 Ill
691 2479 821 2522 sinzfir-

150 2531 241 2568 mior,
263 2529 321 2562 ubi
340 2530 455 2575 inepte
474 2529 560 2562 liber
576 2530 794 2562 Antonianas
812 2542 818 2562 :

150 2595 215 2623 qua
242 2596 289 2614 me
316 2585 466 2626 objmgas
486 2593 516 2613 et
538 2596 649 2626 rogas,
679 2592 728 2619 ut,
754 2591 819 2615 cte.

151 2634 200 2667 Ne
215 2634 317 2679 igitur
334 2649 391 2667 cnr
407 2636 440 2668 iu
461 2649 556 2679 qaum
573 2642 696 2667 mutes.
716 2635 749 2668 S.

199 2707 243 2711 -—-
257 2691 325 2720 Has
345 2690 440 2720 horas
461 2702 523 2721 non
544 2691 686 2731 perdere.
707 2688 738 2722 Si
756 2697 821 2721 stn—

152 2737 216 2772 diis
230 2738 459 2785 impenderes.
474 2741 653 2775 Generalis
668 2740 822 2775 admoni-

881 1317 928 1350 tio
946 1329 953 1349 :
975 1329 1039 1349 nee
1063 1315 1106 1348 de
1126 1315 1282 1348 vectione
1303 1314 1336 1347 in
1360 1313 1442 1346 sella
1467 1314 1558 1359 cogi-

881 1370 1044 1402 tandum.
1063 1370 1097 1402 S.

933 1435 986 1467 17.
1003 1425 1196 1453 Elector-um.
1212 1420 1286 1453 Hoc
1302 1427 1351 1452 est
1364 1444 1372 1459 ‚
1384 1427 1560 1463 excerpto-

882 1489 983 1516 rum,
1012 1475 1101 1507 silvae
1133 1472 1315 1520 cujusdam
1351 1471 1560 1505 ohservatio-

881 1542 966 1561 num
981 1553 989 1567 ‚
1012 1541 1029 1560 e
1049 1540 1118 1573 qua
1148 1526 1291 1559 materia
1319 1525 1416 1558 libris
1438 1524 1560 1556 suturis

881 1588 1054 1626 peteretur
1061 1607 1067 1613 .

884 1634 986 1666 etiam
1020 1633 1054 1665 in
1085 1644 1205 1665 aversa
1236 1631 1362 1677 pagina
1395 1630 1561 1675 scriptos,

1111 1579 1142 1612 G
1149 1606 1155 1612 .
1191 1600 1236 1604 ——
1273 1579 1558 1621 opisthographos.

883 1700 992 1732 quum
1003 1686 1179 1719 volumina
1191 1684 1273 1717 alias
1289 1684 1321 1716 in
1333 1683 1479 1716 adversa
1491 1691 1563 1716 tan-

883 1747 955 1772 tum
991 1739 1237 1772 scriberentur.
1253 1736 1343 1769 Vide
1368 1737 1493 1781 Scalig.
1519 1735 1563 1769 ad

883 1791 1050 1825 Guilandi
1065 1790 1107 1823 de
1120 1803 1252 1836 papyro
1268 1803 1301 1834 p.
1320 1790 1377 1829 45.
1395 1790 1500 1822 Salm.
1518 1788 1562 1821 ad

883 1845 1025 1890 Vopisci
1046 1844 1201 1876 Firmum
1217 1856 1246 1875 c.
1267 1844 1341 1881 ΙΙΙ,
1362 1855 1395 1886 p.
1410 1853 1490 1885 701,
1509 1854 1560 1887 sq.

884 1897 926 1929 G.
958 1918 1002 1921 —-
1033 1898 1246 1928 Minacissime
1271 1897 1418 1937 scriptos.
1447 1895 1500 1927 Sic
1532 1903 1563 1927 et

884 1950 998 1990 Rom.‚
1019 1958 1056 1981 ut
1071 1948 1197 1982 Medic.
1216 1949 1264 1981 H.
1286 1969 1330 1972 —
1344 1948 1397 1980 Al.
1418 1950 1564 1980 minutis-

883 2006 970 2035 simis
990 2005 1113 2046 scriptis
1134 2002 1207 2035 scil.
1227 2002 1346 2034 literis.
1366 2003 1400 2035 S.
1422 2022 1467 2026 m
1484 2006 1563 2033 Pro-

884 2066 1027 2093 curaret,
1058 2063 1264 2101 procurator
1288 2055 1431 2088 Caesaris
1461 2062 1560 2087 esset.

884 2109 942 2141 Isti
964 2116 1208 2154 procuratores
1226 2133 1234 2147 ⁷
1256 2120 1294 2140 ex
1319 2107 1475 2139 instituto
1496 2107 1564 2139 Au-

884 2162 975 2206 gusti
995 2169 1026 2194 et
1047 2162 1082 2193 iu
1103 2162 1188 2193 urbe
1208 2169 1239 2193 et
1258 2161 1292 2192 in
1314 2160 1503 2205 provinciis
1523 2173 1562 2192 ea

884 2215 1076 2254 curabant,
1096 2227 1171 2259 quae
1198 2213 1242 2246 ad
1264 2214 1388 2245 liscum
1413 2213 1559 2258 pertine-

884 2275 974 2299 rent.
991 2268 1056 2299 ΕΙ).
1069 2288 1114 2291 —
1126 2269 1243 2310 Lar-gio
1259 2268 1395 2298 Licinio.
1408 2266 1563 2297 Ventoso

884 2319 1016 2352 homini
1038 2327 1070 2352 et
1098 2319 1190 2353 salsae
1221 2319 1423 2363 choragium
1449 2318 1562 2362 gloriae

885 2371 1040 2417 undique
1049 2373 1256 2417 corrogand,
1266 2380 1301 2404 ut
1311 2379 1451 2417 apparet
1461 2371 1562 2403 etiam

886 2437 926 2458 ex
945 2425 979 2457 Π
993 2450 1001 2465 ,
1027 2430 1065 2466 14
1083 2450 1091 2465 ,
1111 2437 1144 2468 9.
1166 2426 1209 2458 G.
1230 2446 1275 2450 ——
1292 2425 1356 2457 Pro
1378 2425 1497 2465 Largi«)
1516 2422 1560 2455 al.

886 2477 941 2510 hie
964 2486 995 2510 et
1024 2478 1132 2510 altero
1156 2477 1303 2511 Secundi
1326 2476 1403 2508 loco
1427 2477 1536 2507 Larcio
1553 2500 1562 2514 ‚

886 2533 1016 2564 Larcio.
1038 2529 1130 2563 Vide
1156 2529 1199 2562 (le
1224 2530 1289 2562 hac
1319 2528 1481 2560 varietate
1506 2528 1562 2559 In-

886 2590 991 2628 terpr.
1007 2583 1051 2616 ad
1066 2583 1122 2615 Lix
1134 2609 1141 2615 .
1156 2584 1189 2615 II
1202 2608 1210 2622 ‚
1230 2595 1288 2621 10,
1302 2584 1321 2613 (ἱ
1334 2607 1342 2621 ,
1358 2580 1400 2612 ad
1413 2581 1558 2625 Eutrop.

887 2637 903 2668 Ῑ
916 2661 924 2676 ,
954 2650 1005 2670 12.
1034 2637 1067 2670 S.
1087 2656 1132 2660 —-
1148 2635 1396 2677 Quadringentis
1425 2634 1561 2664 millibus

889 2703 1060 2721 nummum.
1094 2689 1226 2721 Nostrae
1258 2686 1409 2732 pecuniae
1439 2684 1561 2717 lloreni

890 2742 1088 2787 [imperiales
1127 2741 1195 2773 sive
1226 2738 1378 2773 Rlxenani
1421 2750 1558 2778 20,ooo.

1581 693 1619 726 ¹7

1586 1119 1624 1150 18
