1742 2989
136 192 191 236 72
559 182 607 225 C.
644 183 869 227 PLINII
905 185 1028 228 LIB.
1063 187 1127 229 ΙΙ.

66 280 102 298 12
132 266 367 318 postquam
394 259 448 303 ab
479 260 616 306 oculis
645 264 838 308 recessit.
871 264 1006 310 Volui
1042 266 1121 310 tibi
1156 268 1299 312 multa·
1328 269 1411 314 alia
1444 272 1548 315 scri=³

133 331 259 386 bere,
279 332 355 376 sed
374 342 491 378 totus
511 336 686 381 animus
707 337 754 381 in
774 338 857 382 hac
878 356 966 384 una
989 341 1362 402 contemplatione
1383 343 1550 390 defixus

133 414 211 449 est.
228 407 491 467 Verginium
516 411 691 472 cogito,
711 412 975 473 Verginium
995 414 1087 474 jam
1114 416 1241 460 vanis
1265 417 1551 478 imaginibus,

136 479 385 524 recentibus
411 491 558 526 tamen
581 519 592 539 ‚
621 484 753 528 audio
772 520 783 540 ‚
813 484 1014 547 alloquor
1030 523 1041 544 ‚
1067 497 1195 532 teneo
1221 507 1231 533 z
1256 490 1326 534 cui
1364 490 1547 535 fortasse

134 552 248 596 cives
266 552 437 614 aliquos
460 556 698 603 virtutibus
722 575 848 620 pares
872 569 915 604 et
931 560 1164 617 habemus,
1186 572 1230 607 et
1253 563 1514 609 habebimus
1540 582 1549 607 :

141 624 280 686 gloria
304 629 541 674 neminem.
567 631 692 676 Vale.

186 762 237 784 12.
266 755 463 786 Recencibus.
486 754 575 788 Tam
601 755 747 797 vividis,
776 765 813 790 ut

135 803 319 849 Verginius
339 805 412 852 ipse
439 806 577 841 adstare
596 809 680 842 mihi
699 809 813 843 videa-

134 863 203 888 tur.
221 856 314 891 Bene
327 858 498 905 Gierigius
510 861 656 895 eontulit
668 863 731 908 Ep.
745 863 810 903 IV,

879 770 899 802 9
915 782 924 798 ,
947 770 985 791 12
1002 783 1010 799 ,
1029 757 1189 805 judicum
1208 762 1306 792 erecti
1328 762 1431 792 animi
1452 771 1483 792 ec
1507 773 1554 792 re-

879 822 993 844 centes.
1008 812 1083 845 Liv.
1101 812 1183 845 XXI
1197 837 1205 852 ‚
1224 812 1264 846 52
1279 837 1287 853 ‚
1305 814 1439 845 recentis
1453 815 1556 845 animi

878 867 995 897 consul.
1017 865 1057 897 E.

154 1003 393 1017 xxmwumtu
400 1007 884 1022 xxtxxtwmmttmmmwsuxx
890 1011 1538 1024 mmutmmmwsmufflmuw

806 1158 884 1213 II.

403 1316 563 1350 Accusat
584 1314 797 1352 Paullinum
819 1315 1055 1366 negligentiae
1080 1316 1303 1355 litterarum.

399 1460 438 1487 C.
480 1461 715 1490 PLINIUS
751 1446 1085 1492 PAULLINO*
1123 1465 1225 1492 SUO
1263 1465 1295 1493 S.

209 1578 438 1621 lRASCOR
467 1594 476 1621 :
511 1595 589 1622 nec
617 1578 755 1639 liquet
779 1580 915 1633 mihi,
944 1596 1000 1624 an
1029 1580 1241 1637 debeam3
1271 1582 1345 1626 sed
1376 1583 1553 1627 irascor,

140 1648 232 1692 Scis
255 1683 266 1704 ⁷
293 1665 425 1709 quam
450 1650 505 1694 sit
527 1667 651 1695 amor
675 1652 853 1713 iniquus
877 1653 1099 1698 interdum
1120 1691 1131 1711 ⁷
1158 1656 1378 1716 impotens
1405 1672 1520 1717 saepe
1541 1693 1553 1711 ,

141 1723 363 1784 μικραίτιος
394 1740 580 1785 semper.
613 1729 719 1771 Haec
744 1737 892 1772 tamen
924 1746 1074 1774 caussa
1104 1747 1266 1791 magna
1294 1740 1382 1787 est,
1406 1731 1554 1775 nescio

140 1812 196 1839 an
217 1796 336 1856 justa
363 1814 372 1840 :
401 1797 475 1841 sed
496 1814 578 1859 ego
599 1808 812 1861 tanquam
832 1819 923 1846 non
944 1804 1089 1848 minus
1107 1804 1224 1864 justa
1245 1821 1376 1866 quam
1397 1822 1559 1865 magna

98 1900 113 1916 2
141 1871 217 1925 sit,
239 1872 432 1932 graviter
458 1873 637 1930 irascor,
653 1875 773 1935 quod
792 1893 818 1920 a
840 1886 883 1921 te
906 1877 1075 1921 tamdiu
1098 1877 1252 1922 litterae
1278 1877 1422 1923 nullae.
1446 1881 1560 1923 Exo-

143 1960 239 1987 rare
258 1961 327 1988 me
348 1955 473 2006 potes
495 1963 584 1990 uno
606 1948 737 1992 modo
755 1984 765 2004 ‚
792 1951 826 1993 si
846 1967 965 1995 nunc
986 1950 1139 1995 saltem
1160 1951 1372 2011 plurimas
1395 1961 1439 1994 et
1464 1950 1557 1994 lon-

142 2018 340 2077 gissimas
367 2020 549 2064 miseris.
581 2024 685 2065 Haec
716 2023 825 2066 mihi
857 2023 947 2068 sola
983 2025 1206 2068 excusatio
1240 2041 1367 2078 vera,
1393 2033 1559 2068 caeterae

144 2088 258 2134 falsae
282 2090 568 2136 videbuntur.
596 2095 699 2139 Non
722 2112 818 2138 sum
842 2097 1097 2153 auditurus,
1121 2113 1212 2141 non
1230 2112 1354 2140 eram
1375 2099 1555 2151 Romae,

194 2227 237 2259 [l.
250 2226 437 2260 *Paullinffi
456 2232 600 2261 Valerius
617 2233 784 2263 paullinus
798 2244 816 2264 e

144 2280 278 2312 colonia
295 2280 525 2326 Forojulicnsi
544 2281 663 2314 Galliae
683 2285 816 2317 Narbo-

143 2333 258 2366 nensis
272 2358 281 2372 .,
298 2334 350 2366 vir
365 2341 523 2367 strenuus
539 2334 664 2367 militine
677 2360 685 2373 ,
697 2336 819 2370 Tribu-

144 2398 208 2418 nus
229 2386 311 2419 olim
331 2387 620 2420 Praetorianornm
636 2412 644 2427 ,
665 2396 819 2434 tempore

149 2438 273 2471 Vitellii
311 2447 427 2473 autem
463 2448 670 2485 procurator
701 2442 820 2476 Gallim

146 2490 393 2525 Narbonensis.
413 2494 531 2534 Quum
550 2506 685 2525 summa
703 2508 819 2529 rernm

146 2542 190 2574 ad
206 2543 459 2590 Vespasianum
474 2571 482 2585 ,
502 2545 559 2578 cui
577 2546 706 2578 amicus
725 2556 818 2588 erat,

146 2593 340 2629 deferretur
358 2623 366 2636 ‚
399 2598 432 2630 in
462 2600 536 2644 ejus
568 2599 671 2631 verba
707 2599 819 2645 adegit

147 2646 383 2693 vircunijcctus
398 2651 550 2684 civitates
562 2676 571 2690 ‚
590 2651 769 2696 missisque
783 2653 817 2684 li—

146 2699 298 2733 burnicis
327 2702 468 2736 Fabium
494 2704 678 2737 Valentem
697 2729 704 2743 ‚
725 2718 742 2736 a
763 2705 817 2735 Vi-

882 2232 965 2266 tellii
987 2234 1143 2278 partibus
1165 2240 1335 2272 stantem,
1358 2232 1529 2278 oppressit
1551 2244 1558 2264 ε

884 2298 954 2331 quo
969 2293 1072 2331 capto
1084 2310 1093 2325 ‚
1108 2294 1236 2319 cuncta
1249 2285 1294 2318 ad
1308 2285 1560 2331 Vespasianum

885 2350 1063 2373 conversa.
1081 2339 1166 2372 Tac.
1186 2339 1274 2371 Hist.
1296 2339 1368 2378 III,
1390 2343 1456 2378 42;
1481 2336 1559 2370 vide

885 2390 953 2423 vol.
970 2392 1022 2423 Ill
1038 2417 1046 2431 ‚
1066 2404 1100 2436 p.
1124 2393 1189 2432 314
1204 2416 1212 2430 ,
1228 2393 1327 2424 Nost.
1350 2390 1426 2424 Col.
1445 2390 1510 2422 En.

937 2457 963 2476 1·
980 2446 1171 2490 μικραίτιος.
1185 2444 1255 2485 Qui
1275 2444 1389 2489 parvis
1404 2443 1509 2475 rebus
1528 2450 1561 2475 et

888 2498 1017 2530 caussis
1035 2496 1079 2530 ad
1099 2496 1335 2530 accusandum
1354 2503 1387 2528 et
1406 2502 1561 2540 expostu-

887 2548 1031 2582 landum
1059 2557 1231 2583 movetur.
1255 2549 1299 2581 G.
1326 2569 1371 2573 -
1399 2553 1560 2591 lmpoeens

887 2610 1003 2634 autem
1030 2610 1102 2642 est,
1124 2602 1183 2647 qui
1208 2602 1269 2635 sibi
1292 2614 1361 2633 non
1390 2600 1558 2645 imperat,

886 2661 1013 2687 temere
1033 2663 1065 2688 et
1082 2655 1276 2700 importune
1293 2653 1452 2698 erumpit.
1469 2654 1510 2685 E.

933 2721 961 2738 2.
984 2712 1130 2739 {horare
1141 2721 1189 2740 me
1200 2717 1290 2751 potes
1306 2720 1367 2738 mlo
1385 2708 1489 2738 modo.
1507 2707 1559 2738 Ita
