1742 2989
190 197 240 226 12
614 185 659 228 C.
697 183 1152 226 PLINHLIB.1.

181 279 271 306 non
295 267 339 307 z'tz
360 263 621 320 damnatos,
647 268 922 324 interrogari.
944 265 1092 308 Tertio
1111 263 1206 318 ille,
1228 265 1338 309 Non
1348 264 1452 322 jam
1477 263 1592 324 quid

138 356 158 389 7
182 337 236 380 de
255 337 488 394 M'odesw,
520 339 603 383 sed
618 337 733 398 quial
747 338 801 381 cle
812 341 988 398 pietate
1014 337 1216 381 Modesti
1240 340 1420 380 sentias.
1451 338 1586 395 Quae-

182 414 241 454 ris
253 445 265 464 ‚
294 411 494 471 inquam,
519 412 634 471 qiud
649 415 839 455 sentiam
856 411 880 453 P
907 412 975 454 At
998 427 1082 471 ego
1108 427 1163 453 ne
1187 413 1460 470 interrogare
1484 413 1584 469 qui-

182 482 379 542 demsc'zs
392 497 511 546 puto
528 520 540 539 ‚
569 485 624 528 de
653 501 742 544 quo
757 488 1102 545 pronuntiatum
1130 495 1207 528 est.
1231 484 1456 527 Conticuit
1481 499 1489 526 :
1516 499 1586 526 me

182 556 275 600 laus
313 567 355 601 et
389 557 624 618 gratulatio
654 566 837 618 sequuta
872 566 956 611 est;
991 556 1109 617 quod
1136 572 1217 599 nec
1250 555 1409 599 famam
1443 572 1584 598 meam

183 630 329 690 aliquo
358 647 566 691 responso
584 667 594 684 ‚
625 631 721 674 utili
756 630 963 683 fortasse,
989 630 1222 673 inhonesto
1261 639 1435 683 tamen,
1464 627 1586 671 laese-

183 720 298 756 raim
327 721 406 748 nec
428 721 497 747 me
523 704 687 765 laqueis
714 714 802 747 tam
832 703 1045 747 insidiosae
1075 701 1430 762 interrogationis
1456 700 1588 744 invol-

139 791 159 824 3
183 793 340 820 veram.
362 779 493 821 Nunc
520 794 624 838 ergo
646 777 912 821 conscientia
935 777 1167 820 exterritus
1186 773 1475 836 apprehendit
1496 775 1585 817 Cae-

182 850 330 894 cilium
360 850 585 905 Celere1n3
610 868 712 894 mox
742 851 925 894 Fabium
954 852 1124 895 Justum
1158 858 1306 909 rogat,
1334 857 1382 891 ut
1412 864 1481 890 me
1506 847 1584 890 sibi

181 923 474 967 reconcilient.
495 926 588 968 Nec
607 933 839 968 contentus
856 958 866 978 ‚
883 923 1082 983 pervenit
1102 921 1155 965 ad
1173 922 1452 982 Spurinnam.
1473 920 1588 963 Huic

183 996 438 1057 suppliciter
471 997 547 1057 (ut
579 1008 666 1052 est,
696 1014 832 1058 quum
865 997 1010 1050 timet,
1037 993 1404 1056 abjectissimus),
1431 996 1583 1053 Rogo,

182 1070 349 1129 inquit,
378 1085 508 1113 mane
543 1070 705 1114 ‘videas
733 1071 927 1114 Plinium
962 1068 1089 1112 domi
1112 1086 1124 1111 .·
1148 1068 1231 1111 sed
1246 1069 1392 1129 plane
1425 1083 1587 1119 mane&

181 1158 322 1201 neque
345 1146 459 1185 em'm
485 1143 652 1187 cll'zctz‘us
662 1143 789 1202 serre
806 1141 1153 1186 sollicitudinem
1173 1157 1387 1202 passuum
1410 1151 1456 1184 et
1476 1155 1590 1199 quo-

141 1243 162 1275 9
181 1232 271 1274 quo
295 1216 427 1259 modo
449 1217 643 1274 efficias,
668 1233 722 1259 ne
740 1216 852 1260 mihi
867 1220 1100 1259 irascatur.
1116 1213 1447 1274 Evigilaveram.
1463 1213 1587 1255 Nun-

182 1288 267 1331 tius
294 1305 315 1331 a
344 1289 566 1348 Spurinna
591 1308 599 1332 :
633 1291 681 1331 V
674 1293 773 1333 emb
800 1289 866 1332 (td
884 1300 938 1333 te.
967 1291 1111 1331 Immo
1136 1303 1219 1347 ego
1245 1287 1310 1330 acl
1327 1298 1379 1331 te.
1410 1286 1590 1330 Coimus

183 1360 226 1401 in
254 1360 472 1418 porticum
499 1362 658 1415 Liviae,
688 1378 823 1421 quum
850 1360 960 1404 alter
998 1359 1051 1403 ad
1078 1359 1261 1402 alterum
1296 1359 1586 1403 tenderemus.

182 1433 375 1492 Exponit
402 1433 561 1493 Reguli
590 1434 819 1489 mandata3
848 1432 968 1477 addit
1003 1449 1152 1492 preces
1179 1448 1301 1485 suas,
1333 1441 1381 1475 ut
1409 1431 1591 1475 decebat

182 1543 337 1575 nostros,
362 1537 446 1581 quin
471 1537 577 1582 paulo
606 1545 684 1570 ante
701 1563 710 1578 ‚
739 1550 847 1583 quum

183 1587 340 1620 nondum
355 1601 394 1622 ea
407 1614 414 1628 ‚
431 1601 505 1634 quae
521 1603 613 1622 nune
628 1598 761 1636 regnat,
777 1603 850 1622 cor-

183 1640 296 1684 ruptio
327 1654 462 1674 morum
492 1642 703 1675 invaluisset.
733 1644 851 1688 Ipsum

184 1691 288 1736 igitur
313 1701 446 1737 teinpus
474 1695 713 1737 imperfectum
742 1708 853 1738 repre-

184 1744 386 1777 hensionem
402 1747 560 1778 arei-bam
574 1746 789 1778 continet.G.
808 1767 853 1770 —

184 1796 353 1841 Egregie3
378 1797 435 1830 sed
467 1797 557 1830 idem
589 1797 723 1831 dudum
755 1800 854 1831 Cata-

184 1855 277 1875 naeus
301 1853 493 1877 monuerat.
522 1846 555 1877 S.

230 1917 275 1920 —
292 1901 338 1928 De
346 1900 478 1940 pietate.
496 1899 533 1929 In
550 1899 754 1942 Augustum.
768 1896 851 1930 Vid.

184 1948 329 1981 Gesner.
342 1949 383 1982 ad
399 1951 569 1995 Panegyr.
586 1951 655 1989 XI,
677 1963 688 1982 1
704 1962 712 1990 ;
729 1958 759 1982 et
773 1950 851 1982 Iud.

184 2001 295 2033 Graec.
310 2002 343 2033 111
362 2003 463 2035 Dion.
480 2004 575 2035 Cas&
592 2017 625 2035 v.
645 2004 788 2037 ἀσέὲεια.
803 2020 854 2026 -

185 2053 267 2085 Mox
285 2062 360 2096 post
376 2057 492 2085 sentias
510 2054 567 2086 alii
584 2054 717 2086 addunt
731 2069 852 2097 (smero.

186 2105 319 2139 Laudo.
333 2108 418 2151 Apte
432 2120 494 2140 nec
507 2108 579 2140 sine
590 2108 620 2140 vi
633 2107 699 2139 1100
712 2120 761 2140 vei
771 2108 854 2140 bum

189 2159 406 2201 repetitum&

234 2211 266 2241 ὃ.
285 2213 414 2242 Fabium
433 2216 569 2244 lustum.
582 2210 633 2243 Ad
648 2223 751 2256 quem
776 2213 855 2245 Scri-

187 2270 264 2307 ptus
281 2262 438 2308 dialogus
452 2266 491 2294 de
506 2266 608 2295 causis
623 2275 779 2307 corrupte?
795 2268 856 2297 elo-

187 2318 334 2357 quentiam
349 2317 413 2348 RD.
432 2337 476 2340 ff
491 2320 577 2359 Rogo
589 2342 597 2354 ,
615 2319 716 2360 inquit
726 2344 734 2355 ‚
748 2331 852 2351 mane.

187 2369 285 2400 Rom.
302 2372 407 2411 Rogo,
427 2372 529 2411 inquit
543 2383 647 2402 mane.
669 2370 712 2402 H.
728 2390 772 2394 —
788 2371 853 2402 Τει-

188 2419 233 2452 lia
255 2421 308 2452 vix*
328 2421 428 2466 «ligna
447 2430 542 2454 erant
555 2447 563 2461 ‚
582 2434 656 2466 quae
674 2430 855 2456 0110131011-

189 2478 244 2504 tur
270 2484 277 2504 τ
301 2473 358 2505 sed
387 2473 621 2507 demonstrant
645 2474 855 2508 laudabilem

189 2524 394 2570 Heusingeri
431 2527 640 2571 diligentiam
670 2528 703 2559 in
741 2529 856 2561 confe-

189 2576 311 2609 rendo.
325 2599 367 2602 w
381 2579 487 2611 Panlo
502 2588 579 2612 ante
595 2580 630 2611 111
645 2580 856 2614 Gesneriana

190 2632 371 2671 simpliciter
398 2644 459 2676 liro
486 2635 688 2675 suppliciter,
719 2646 831 2665 errore
847 2658 855 2673 ,

191 2689 272 2726 puto
286 2707 294 2722 ,
311 2696 506 2729 operarum.
523 2686 556 2719 S.

962 1549 994 1579 9.
1005 1540 1105 1567 Immo
1122 1549 1179 1579 ego
1194 1538 1241 1567 ad
1252 1545 1292 1567 te.
1305 1536 1486 1580 Occupare
1501 1543 1592 1568 uter-

916 1601 982 1633 que
1009 1587 1165 1620 officium
1198 1586 1332 1626 studet,
1362 1595 1394 1619 et
1420 1588 1589 1619 honorem

917 1641 1013 1673 alteri
1045 1640 1218 1672 exhibere.
1250 1639 1346 1672 Talis
1381 1640 1592 1672 concertatio

918 1693 1020 1725 etiam
1038 1700 1087 1723 est
1104 1691 1195 1736 apud
1209 1691 1412 1724 Ciceronem
1429 1693 1463 1724 iu
1484 1704 1590 1737 prooe-

919 1743 988 1777 mio
1003 1743 1303 1776 Academicorum.
1322 1744 1365 1776 G.

964 1817 1010 1821 ——
1026 1799 1149 1828 Coimus
1165 1799 1195 1827 in
1206 1799 1364 1839 porticum
1376 1822 1383 1834 ,
1404 1803 1467 1829 etc.
1489 1798 1587 1829 Rom.

921 1851 1045 1881 Coimus
1062 1851 1093 1880 in
1107 1851 1235 1891 porticu
1255 1851 1370 1886 Liviae,
1392 1862 1487 1892 quum
1508 1852 1592 1880 alter

920 1904 967 1933 ad
991 1904 1125 1933 alterum
1161 1903 1365 1932 tenderemus.
1398 1902 1450 1933 Ita
1482 1900 1591 1933 Plinio

921 1953 1144 1986 scribendum
1160 1953 1245 1992 fuit,
1263 1953 1320 1997 qui
1335 1953 1449 1985 locum
1465 1952 1592 1997 signifi·

919 2013 988 2046 cat,
998 2005 1053 2038 ubi
1065 2006 1152 2038 forte
1163 2005 1247 2038 alter
1261 2005 1358 2038 alteri
1371 2005 1530 2037 occurrit.
1544 2005 1589 2037 H.

920 2079 965 2083 —
983 2059 1084 2091 Recte
1101 2058 1349 2102 Heusingerus.
1371 2059 1492 2102 Itaque
1511 2058 1591 2091 Gie-

920 2111 1026 2155 rigius
1045 2110 1175 2142 fallitur
1199 2122 1207 2142 .·
1235 2111 1333 2156 cujus
1353 2111 1591 2155 interpretatio

921 2163 948 2194 si
962 2174 1042 2195 vera
1057 2170 1143 2195 esset
1158 2187 1166 2201 ‚
1180 2174 1255 2207 quae
1267 2170 1458 2207 sequuntur
1469 2188 1478 2201 ‚
1494 2176 1588 2205 quum

920 2218 1002 2246 alter
1019 2217 1066 2246 ad
1080 2218 1214 2246 alterum
1236 2217 1448 2253 tenderemus,
1470 2215 1590 2248 intole-

919 2266 1073 2300 rabiliter
1100 2267 1316 2312 languerent.
1346 2270 1442 2299 Venio
1471 2270 1518 2299 ad
1538 2277 1586 2305 te,

922 2331 990 2351 non
1020 2328 1097 2351 sunt
1124 2320 1228 2364 ipsius
1255 2320 1358 2352 verba
1382 2320 1563 2364 Spurinnae
1580 2344 1588 2359 ‚

922 2372 1034 2404 amico
1043 2373 1113 2417 jain
1124 2373 1260 2405 obviam
1276 2372 1370 2411 sacti,
1383 2371 1441 2405 sed
1449 2371 1590 2404 nuntius

921 2424 1030 2456 Plinio
1059 2424 1181 2457 allatus
1197 2450 1205 2464 ,
1231 2425 1440 2469 Spurinnam
1472 2432 1591 2455 ventu-

919 2489 1010 2509 rum.
1031 2477 1094 2509 Cui
1115 2489 1223 2521 quum
1249 2477 1377 2509 Plinius
1400 2475 1591 2508 renuntiari

919 2529 1093 2574 jussisset,
1110 2534 1210 2560 Immo
1232 2542 1288 2572 ego
1308 2531 1355 2559 ad
1372 2538 1417 2565 te,
1441 2528 1526 2560 alter
1548 2527 1592 2560 ad

922 2581 1066 2614 alterum
1104 2581 1211 2614 tendit
1245 2592 1253 2612 :
1290 2579 1385 2625 quod
1417 2579 1502 2612 dum
1532 2579 1591 2619 fit,

922 2642 1047 2666 coeunt
1065 2634 1100 2667 in
1116 2633 1250 2679 porticu
1266 2632 1381 2664 Liviae.
1401 2632 1456 2665 Sic
1476 2632 1592 2664 locum

922 2686 1085 2719 intellexit
1099 2687 1198 2720 etiam
1209 2686 1310 2718 Joan.
1324 2686 1382 2718 Fr.
1398 2684 1593 2718 Gronovius
