1742 2989
607 203 949 246 EPISTOLA
983 201 1065 243 IV.
1443 212 1527 257 277

141 313 1154 331 taesunzmwsvvsmmmnzmmmwsmmvtmkm
1162 312 1315 324 wzxwmsx
1322 311 1519 324 svau-xxxxv

784 446 882 502 IV.

138 600 343 636 Avaritiam
374 600 565 637 Nominati
596 601 790 638 canssidici
823 610 953 647 notat,
984 602 1048 651 qui
1076 600 1296 639 Vieentinos
1310 627 1319 643 ,
1343 611 1363 634 a
1394 597 1530 647 quibus

188 663 365 712 grandem
387 664 583 713 pecuniam
605 674 820 714 acceperat,
842 666 980 702 fefellit.
996 667 1068 703 Vix
1087 666 1157 702 alia
1176 664 1284 701 Plinii
1304 676 1361 712 ep.
1381 663 1432 698 ita
1449 676 1529 699 ser—

187 741 335 764 monem
351 741 477 765 coram
492 738 527 765 et
541 729 667 766 subito
682 730 822 779 aliquid
840 731 1025 767 narrantis
1043 731 1288 780 expresserit,
1301 736 1342 764 ut
1354 727 1445 763 haec.
1460 729 1528 763 En.

1072 852 1091 871 4

363 867 400 895 C.
438 867 666 896 PLINIUS
700 867 1036 896 VALERIANO
1126 867 1225 896 SUO
1259 867 1292 894 S.

195 985 285 1029 RES
300 1001 430 1045 parva
446 1021 456 1041 ,
478 986 551 1030 sed
572 986 743 1030 initium
762 1003 849 1030 non
873 979 1027 1047 parvae.
1043 987 1124 1031 Vir
1138 987 1365 1047 praetorius
1386 985 1528 1030 Solers

132 1073 157 1099 a
186 1068 337 1101 senatu
364 1059 514 1119 petiit,
542 1069 591 1103 ut
619 1061 697 1103 sibi
726 1061 950 1103 instituere
981 1062 1025 1103 in
1053 1063 1167 1121 agris
1198 1061 1284 1103 suis
1311 1058 1528 1102 nundinas

132 1130 459 1187 permitteretur
483 1149 492 1175 t
516 1133 875 1176 contradixerunt
900 1134 1234 1177 Vicentinorum
1260 1133 1388 1192 legati
1419 1149 1427 1174 :
1455 1132 1529 1175 ad-

132 1201 213 1245 fuit
238 1204 449 1248 Tuscilius
474 1207 736 1250 Nominatus
766 1223 773 1249 :
802 1205 934 1249 dilata
963 1223 1110 1250 caussa
1139 1216 1215 1250 est.
1249 1205 1347 1249 Alio
1374 1214 1527 1248 senatu

130 1276 350 1319 Vicentini
377 1279 467 1321 sine
496 1279 704 1322 advocato
733 1280 1005 1323 intraverunt
1036 1295 1045 1322 τ
1077 1278 1308 1331 dixerunt,
1335 1294 1377 1320 se
1406 1276 1527 1320 dece-

129 1357 238 1407 ptos.
268 1351 455 1410 Lapsine
481 1351 637 1406 verbo,
665 1368 719 1394 an
748 1353 851 1411 quia
877 1352 936 1393 ita
964 1349 1237 1393 sentiebant?
1265 1351 1524 1408 Interrogati

129 1437 152 1463 a
172 1424 342 1482 Nepote
364 1434 569 1483 praetore,
592 1441 722 1484 quem
741 1424 1012 1476 docuissent,
1034 1422 1375 1483 responderunt,
1396 1439 1526 1483 quem

128 1495 262 1553 prius.
285 1498 569 1557 Interrogati,
589 1513 642 1540 an
664 1506 769 1541 tunc
786 1497 920 1558 gratis
939 1495 1165 1547 adfuisset,
1183 1495 1525 1555 responderunt,

128 1582 202 1610 sex
223 1567 413 1612 millibus
434 1587 664 1613 nummum
687 1587 694 1613 :
718 1586 773 1614 an
795 1587 945 1613 rursus
965 1569 1128 1630 aliquid
1150 1570 1391 1624 dedissent,
1410 1570 1525 1613 dixe-

127 1650 252 1695 runt,
275 1640 390 1685 mille
414 1642 626 1686 denarios.
648 1645 795 1703 Nepos
822 1642 1080 1703 postulavit,
1107 1653 1154 1686 ut
1174 1644 1435 1687 Nominatus
1463 1644 1525 1686 in-

127 1712 371 1758 duceretur.
393 1717 613 1759 Hactenus
634 1716 707 1759 illo
729 1716 812 1760 die.
839 1716 942 1769 Sed,
959 1725 1170 1775 quantum
1195 1732 1387 1775 auguror
1402 1751 1412 1770 ,
1435 1715 1525 1759 lon·

127 1787 223 1846 gius
246 1804 312 1831 res
333 1788 551 1847 procedet.
577 1790 691 1834 Nam
711 1789 917 1850 pleraque
945 1798 1058 1832 tacta
1083 1798 1251 1831 tantum
1279 1798 1320 1830 et
1344 1790 1525 1832 omnino

172 1913 254 1946 IV.*
266 1913 450 1947 Valeriano
465 1914 600 1960 scripsit
615 1922 646 1946 et
660 1914 694 1946 II
706 1939 714 1954 ,
735 1927 788 1959 ep.

129 1977 140 1997 1
151 1968 182 1998 5.
197 1966 264 1998 En.

176 2030 205 2051 1.
225 2021 288 2050 Sed
316 2021 439 2050 inicium
467 2032 529 2050 non
550 2032 669 2062 parvoe.
694 2021 786 2053 Rom.

125 2067 188 2096 Sed
206 2067 332 2097 inicium
350 2079 413 2098 non
431 2079 583 2108 parvum,
603 2066 691 2099 male
710 2079 789 2099 cum

125 2116 210 2149 aliis.
228 2116 271 2150 H.

172 2189 216 2194 —-
233 2174 271 2202 Uc
286 2172 345 2201 sibi
363 2172 524 2202 instituere
536 2197 545 2209 ,
567 2179 632 2204 etc.
649 2173 788 2205 Sueton.

125 2221 247 2254 Claud.
260 2222 340 2254 XII:
352 2223 426 2255 «Jus
437 2222 669 2256 nundinarum
682 2225 715 2257 in
728 2226 792 2270 pri-

124 2281 200 2306 xata
211 2273 337 2319 praedia
346 2287 364 2307 a
375 2275 571 2308 consulibus
580 2277 702 2321 petiit.»
710 2278 793 2311 S.—

127 2328 270 2358 ficetum
282 2336 340 2360 ant
356 2329 520 2360 Vincentia
534 2330 613 2361 urbs
624 2330 793 2375 Transpa-

124 2377 214 2411 dana
234 2379 267 2410 in
284 2379 495 2412 Venetorum
523 2380 650 2414 finibus
664 2407 672 2421 ‚
696 2385 792 2428 cujus

127 2430 246 2463 incolae
273 2439 305 2464 et
328 2432 499 2465 Vicentini
537 2441 568 2466 et
596 2434 792 2468 Vincentini

124 2482 298 2516 dicuntur.
317 2485 383 2516 El).
402 2505 447 2509 ——
463 2488 612 2517 Tuscilius
638 2490 792 2520 Nomina-

126 2545 184 2567 tus.
206 2536 258 2568 Ita
275 2536 376 2569 etiam
393 2538 489 2570 Rom.
506 2537 549 2570 H.

175 2601 205 2620 2.
228 2591 302 2621 Alio
330 2600 450 2622 senatu.
480 2591 682 2624 Senatorum
710 2604 790 2625 con-

126 2651 232 2672 sessu.
251 2641 378 2674 Plinius
401 2644 456 2682 ΙΙ,
484 2655 516 2675 11
538 2668 545 2682 ‚
567 2656 624 2675 10:
656 2644 791 2678 «Dilata

126 2703 179 2723 res
191 2699 239 2725 est
252 2693 286 2725 in
299 2695 494 2739 proximum
511 2703 699 2729 senatum.»
714 2697 792 2730 Sue-

856 1921 928 1946 ton.
959 1912 1082 1945 Claud.
1112 1914 1227 1945 XXVI
1256 1925 1263 1945 :
1295 1931 1306 1943 «
1325 1915 1526 1947 subornauit

856 1965 1010 2011 proximo
1022 1974 1155 2005 senatu,
1167 1966 1225 2010 qui
1238 1974 1430 2006 censerent,
1441 1975 1525 2000 etc.»

857 2019 977 2052 S.—Se
991 2021 1148 2061 deceptos.
1167 2019 1351 2051 Destitutos
1364 2020 1407 2051 ab
1424 2019 1526 2052 advo·
1539 2024 1549 2029 ’“

855 2079 931 2104 cato
942 2096 950 2111 ,
970 2071 1028 2116 qui
1043 2084 1158 2104 secum
1173 2084 1206 2104 se
1217 2071 1423 2104 intraturum
1437 2085 1526 2105 rece-

856 2124 971 2168 pisset.
992 2123 1075 2156 Vid.
1102 2124 1144 2163 V,
1170 2128 1206 2163 1l1
1224 2149 1232 2163 ,
1262 2138 1292 2156 2.
1314 2124 1442 2164 Quaerit
1463 2125 1526 2157 Pli-

856 2176 933 2208 nius
945 2201 953 2216 ‚
975 2189 1035 2208 cur
1051 2176 1101 2208 usi
1121 2176 1185 2208 sint
1202 2176 1266 2209 hoc
1281 2177 1384 2209 verbo
1396 2202 1404 2216 ,
1423 2190 1456 2209 se
1472 2180 1524 2209 de-

858 2239 962 2271 ceptos
977 2254 984 2265 ,
1006 2228 1163 2261 studione
1190 2229 1234 2262 ita
1255 2242 1360 2274 grave
1383 2230 1525 2262 tei-bum

858 2280 1096 2321 adhibuerint,
1109 2294 1151 2314 an
1166 2281 1249 2326 lapsi
1271 2294 1385 2314 errore
1396 2307 1404 2321 ‚
1416 2295 1524 2327 quum

858 2345 893 2365 se
913 2332 1093 2366 destitutos
1112 2333 1235 2367 vellent
1252 2333 1377 2367 (licere.
1399 2334 1443 2366 G.

888 2389 1033 2427 —Quern
1047 2388 1284 2419 docuissem&
1290 2400 1363 2419 ussa
1370 2399 1401 2418 m
1411 2399 1507 2419 suam
1515 2413 1523 2427 ,

858 2445 893 2470 ut
903 2438 957 2470 ille
965 2450 1037 2470 eam
1046 2438 1170 2472 deinde
1180 2439 1213 2471 in
1226 2447 1345 2472 senatu
1356 2440 1522 2483 ageretG.

910 2491 942 2522 3.
956 2494 1000 2522 Et
1011 2495 1139 2523 omniuo
1154 2502 1322 2523 commota.
1335 2492 1526 2532 Quantum-

858 2541 907 2574 vis
925 2542 1042 2576 leviter
1052 2552 1241 2583 commota,
1259 2552 1295 2575 ut
1311 2543 1395 2576 nihil
1408 2544 1500 2577 aliud
1513 2571 1522 2583 ‚

856 2593 921 2626 nisi
934 2604 1105 2628 commota
1122 2609 1193 2629 csse
1211 2595 1277 2628 diei
1293 2596 1409 2640 possit.
1431 2598 1524 2630 Sani-

856 2653 906 2679 tas
936 2647 1000 2681 loci
1025 2648 1127 2693 hujus
1154 2648 1330 2682 Schesfero
1355 2648 1500 2681 debetur
1513 2675 1521 2688 ‚

856 2702 953 2745 cujus
966 2701 1198 2745 conjecturam
1216 2703 1297 2746 (qua
1312 2704 1410 2733 tacita
1426 2702 1460 2734 in
1477 2712 1508 2734 ta

1556 1229 1570 1247 2
