1742 2989
158 218 218 278 94

576 215 625 256 C.
663 212 1152 256 PLINIILIB.11.

157 297 345 341 claustra
368 307 442 340 tua
466 295 702 355 fregerunt.
728 296 818 337 Hos
840 293 923 336 nisi
948 292 1133 336 retrahis
1156 292 1200 334 in
1225 308 1407 352 corpus,
1429 308 1570 353 quan-

159 371 303 432 doque
322 408 332 428 ‚
361 381 409 414 ut
435 386 612 413 errones
632 403 642 423 ,
670 367 861 427 aliquem
882 400 893 420 ‚
919 366 1043 426 cujus
1070 365 1274 409 dicantur
1292 399 1303 419 ,
1330 365 1570 408 invenient.

111 453 129 489 ln
158 445 282 488 Habe
317 454 418 487 ante
451 442 600 486 oculos
633 439 945 485 mortalitatem
981 456 989 482 ε

1026 456 1052 482 a
1083 455 1170 499 qua
1201 454 1390 482 asserere
1420 448 1461 482 te
1487 439 1572 482 hoc

155 519 430 562 monimento
449 526 572 577 potes
597 533 606 558 z
630 532 731 558 nam
748 523 920 567 caetera,
939 511 1110 573 fragilia
1132 522 1175 555 et
1195 512 1378 567 caduca,
1392 528 1482 555 non
1498 513 1573 555 mi-

155 609 238 636 nus
265 609 396 653 quam
428 591 509 651 ipsi
539 589 739 634 homines
765 587 976 632 occidunt
1002 587 1308 647 desinuntque.
1336 587 1494 641 Dices,
1523 595 1574 629 ut

111 668 129 702 5
155 665 279 718 soles,
291 667 338 710 A
341 669 452 709 mici
462 663 766 708 noez‘vulermt.
780 664 901 722 Opto
912 659 1114 721 equidem
1129 659 1292 703 amicos
1306 668 1395 702 tam
1410 657 1573 713 fideles,

155 748 244 782 tam
266 737 482 792 eruditos,
504 746 592 780 tam
611 735 872 790 laboriosos,
893 744 940 778 ut
960 743 1133 777 tantum
1155 749 1270 776 curae
1289 732 1569 776 intentionis-

155 829 240 872 que
257 813 476 872 suscipere
498 821 541 854 et
561 810 728 871 possint
746 819 788 853 et
805 808 940 852 velint
960 825 968 851 ε
988 807 1061 851 sed
1082 807 1244 867 dispice
1264 823 1318 850 ne
1338 807 1392 850 sit
1414 823 1570 866 parum

109 897 128 927 6
154 884 406 944 providum,
430 899 605 944 sperare
626 899 678 926 ex
703 882 818 935 aliis,
836 881 955 942 quod
979 881 1057 924 tibi
1084 881 1176 941 ipse
1197 896 1286 923 non
1309 889 1498 940 praestes.
1515 882 1572 923 Et

154 958 207 1001 de
227 958 419 1002 editione
438 957 616 1019 quidem
639 956 816 999 interim
831 990 842 1009 7
868 964 917 998 ut
941 953 1061 998 voles
1089 971 1097 997 :
1124 954 1259 997 recita
1280 952 1431 996 saltem
1446 988 1457 1009 ‚
1483 970 1571 1013 quo

154 1032 291 1092 magis
314 1031 447 1075 libeat
469 1030 668 1073 emittere
692 1046 701 1072 :
728 1037 863 1088 utque
885 1027 1062 1071 tandem
1093 1027 1310 1087 percipias
1335 1026 1544 1086 gaudium
1559 1062 1570 1081 7

108 1127 126 1158 7
153 1104 271 1164 quod
299 1121 380 1164 ego
419 1102 527 1148 olim
562 1118 642 1163 pro
686 1111 727 1144 te
763 1117 853 1143 non
888 1110 1051 1143 temere
1084 1115 1316 1160 praesumo.
1346 1099 1572 1158 Imaginor

153 1179 293 1233 enim,
316 1178 391 1237 qui
415 1191 678 1230 concursus,
699 1191 795 1235 quae
815 1173 1048 1217 admiratio
1068 1182 1132 1227 te,
1155 1173 1230 1233 qui
1250 1171 1430 1227 clamor,
1453 1171 1571 1231 quod

153 1252 286 1295 etiam
310 1251 532 1294 silentium
558 1257 747 1292 maneat.
773 1248 876 1304 Quo
900 1263 1006 1307 ego,
1031 1263 1168 1307 quum
1194 1244 1292 1300 dico
1317 1243 1386 1287 vel
1410 1244 1570 1299 recito,

153 1342 243 1369 non
273 1325 419 1368 minus
448 1340 580 1384 quam
611 1321 801 1366 clamore
830 1319 1051 1374 delect0r3
1086 1319 1141 1362 sit
1178 1318 1309 1361 modo
1346 1316 1569 1360 silentium

123 1414 128 1423 ¹
154 1415 252 1443 acre
273 1408 316 1442 et
334 1399 554 1441 intentum
575 1405 618 1439 et
637 1395 847 1456 cupidum
867 1393 1078 1437 ulteriora
1099 1390 1320 1435 audiendi.
1341 1393 1438 1433 Hoc
1458 1389 1569 1433 fruc-

156 1516 270 1549 bestiae
286 1516 408 1549 vincta*
421 1524 480 1548 aut
496 1515 619 1548 clausae
632 1539 641 1554 ,
658 1521 690 1546 et
707 1512 829 1546 refrin-

157 1582 238 1615 gere
261 1569 411 1602 claustra
435 1567 607 1613 cupienti,
625 1566 714 1611 regis
739 1566 827 1598 iram

153 1622 266 1655 verbis
297 1621 466 1666 aequabat.
492 1637 504 1648 »
527 1621 561 1654 S.
583 1640 629 1645 —
654 1623 731 1651 Tua.
763 1622 829 1650 Sua

155 1674 273 1708 Heins.
298 1673 342 1707 ad
361 1674 460 1719 Virg.
477 1675 559 1705 AEn.
577 1672 667 1712 XII,
685 1672 764 1705 835.
784 1671 827 1703 G.

199 1748 245 1752 —-
262 1729 484 1770 Quandoque,
501 1737 536 1757 ut
554 1738 691 1758 errones,
711 1725 830 1766 Quum

152 1780 258 1813 semel
280 1780 448 1819 exierint,
476 1781 758 1823 quandocunque,
781 1789 830 1809 se-

151 1832 223 1865 rius
251 1833 347 1865 ocius
362 1858 370 1872 ‚
399 1832 574 1865 invenient
591 1856 599 1872 ‚
627 1839 660 1863 te
687 1828 829 1875 quidem

152 1893 287 1918 tacente
299 1910 307 1925 ,
324 1885 386 1930 qui
400 1898 434 1918 se
451 1892 628 1918 auctorem
646 1884 745 1916 serat.
764 1882 828 1915 Po-

152 1946 215 1971 test
231 1939 323 1972 enim
336 1938 392 1971 hic
402 1938 548 1970 retinere
563 1937 632 1969 vim
649 1936 827 1980 antiquam

152 1999 185 2023 et
197 1991 375 2036 propriam
385 1990 451 2023 hoc
465 1989 669 2023 adverbium
680 2014 688 2028 ‚
703 2001 824 2033 quam,

152 2052 315 2077 monente
328 2044 479 2089 primum
492 2042 650 2075 Victorio
664 2040 709 2073 ad
724 2041 826 2073 Colu-

152 2096 247 2129 mell.
264 2097 298 2128 II
310 2122 318 2136 ,
342 2101 360 2137 4
372 2121 381 2135 ,
403 2096 420 2129 5
433 2120 441 2135 ,
462 2094 619 2127 certatim
635 2093 761 2126 deinde
775 2106 826 2125 re-

153 2149 306 2181 stitutam
327 2148 600 2193 explicatamque
620 2145 750 2178 videas.
768 2147 825 2178 In-

153 2202 253 2234 terim
264 2201 383 2245 negari
398 2213 468 2232 non
480 2207 594 2244 potest
605 2224 613 2237 ‚
629 2200 824 2241 quandoque

153 2266 193 2286 eo
207 2253 397 2292 intellectu,
407 2260 442 2284 ut
453 2251 620 2296 significet
631 2253 821 2293 aliquando,

154 2308 245 2344 olim,
274 2306 426 2352 positum
446 2304 546 2336 etiam
567 2311 640 2335 tum
665 2304 708 2335 ab
727 2303 823 2343 aliis,

153 2367 226 2391 tum
251 2371 269 2391 a
289 2367 426 2396 nostro,
449 2357 476 2389 si
496 2356 610 2388 minus
625 2356 680 2388 hic
700 2363 730 2387 et
752 2357 822 2396 IV,

159 2411 212 2450 13,
222 2414 242 2444 6
254 2423 262 2451 3
274 2419 364 2444 certe
374 2410 500 2453 Paneg.
514 2409 560 2448 X,
577 2409 594 2440 5
607 2416 638 2440 et
650 2408 821 2447 XXVIII,

158 2464 188 2496 5.
209 2464 252 2496 G.
270 2484 315 2488 —
333 2461 415 2494 Yid.
433 2462 555 2493 Horat.
575 2460 761 2492 Tursellin.
779 2460 821 2495 de

154 2516 275 2549 partic.
303 2516 386 2560 Cap.
408 2515 548 2547 CCVII.
565 2513 598 2546 S.
620 2533 665 2537 -—
685 2517 723 2544 Ul
738 2526 822 2545 erro-

154 2582 217 2600 nes.
247 2572 287 2599 Hc
307 2566 537 2611 comparantis
564 2577 635 2597 esse
662 2572 756 2609 puto.
785 2567 817 2599 S,

153 2623 294 2664 —Cujus
303 2623 460 2651 dicantur.
469 2617 615 2651 Medicei
625 2617 803 2649 lectionem
811 2642 818 2656 ‚

152 2675 240 2715 cujus
266 2675 426 2704 dicuutur.
458 2671 573 2704 Nolim
595 2682 672 2703 cum
704 2670 820 2702 Cortio

153 2725 251 2757 tum-i.
284 2725 399 2756 Livius
432 2725 465 2761 ἰ,
496 2729 556 2763 24,
590 2734 649 2761 1¹3
675 2739 686 2749 «
706 2722 820 2766 plures

894 1519 1009 1544 tamen
1030 1511 1190 1550 invenio,
1217 1509 1276 1555 qui
1296 1510 1470 1541 Romanos
1499 1508 1570 1540 Ho—

894 1564 999 1597 ratios
1007 1571 1166 1597 vocent.»
1181 1563 1235 1597 Sic
1243 1562 1398 1608 plerique
1408 1560 1543 1595 codices
1558 1574 1565 1594 :

894 1616 965 1650 duo
992 1624 1107 1649 tamen
1127 1626 1272 1655 vocant,
1293 1614 1386 1660 quod
1409 1613 1568 1654 Coruus,

896 1670 1039 1714 opinor,
1059 1681 1115 1702 me
1141 1681 1213 1702 non
1236 1675 1420 1713 sequente,
1445 1674 1569 1713 praetu-

895 1722 1000 1755 iisset.
1022 1722 1057 1755 S.

945 1775 976 1812 5,
998 1777 1124 1817 Dispice
1138 1786 1189 1805 ne.
1206 1772 1327 1806 Cicero
1345 1784 1352 1805 :
1376 1773 1564 1807 considera,

896 1840 961 1865 ne,·
982 1829 1059 1859 vide
1072 1853 1081 1866 ,
1105 1840 1153 1859 ne.
1174 1826 1209 1860 S.

942 1882 972 1912 6.
987 1882 1083 1921 Quod
1093 1892 1150 1922 ego
1161 1880 1236 1910 olim
1246 1902 1253 1909 .
1269 1890 1451 1920 .proesumo.
1462 1876 1564 1908 Rom.

897 1934 992 1973 Quod
1003 1945 1059 1975 ego
1075 1934 1149 1963 olim
1157 1943 1260 1974 prope
1273 1943 1335 1962 non
1355 1939 1470 1960 temere
1476 1942 1565 1971 pra·-

891 1998 992 2017 sumo.
1012 1984 1117 2017 Male.
1138 1984 1183 2015 H.
1208 2003 1252 2007 —-
1272 1986 1484 2018 Prcesumere,
1510 1993 1565 2013 su-

891 2050 984 2070 mere
1002 2035 1131 2082 aliquid
1151 2043 1229 2068 ante
1243 2043 1393 2079 tempus,
1412 2040 1470 2065 aut
1484 2041 1564 2065 ante

891 2090 990 2122 alios.
1012 2090 1078 2122 ΕΙ).

939 2155 971 2185 7.
988 2143 1152 2174 Silentium
1168 2149 1308 2171 maneat.
1323 2138 1372 2170 Ex
1388 2138 1491 2171 tacito
1505 2137 1564 2171 ad-

892 2193 1081 2227 mirationis
1099 2205 1223 2232 sensu,
1244 2191 1295 2224 vel
1316 2204 1355 2223 ex
1375 2191 1562 2224 attentione

890 2247 1106 2293 cupientium
1118 2271 1127 2285 ‚
1142 2253 1180 2277 ut
1200 2257 1242 2277 ne
1258 2243 1341 2289 quid
1360 2243 1559 2283 intercidat,

890 2308 922 2334 et
933 2312 1032 2332 aures
1048 2306 1237 2343 praetereat.
1255 2295 1322 2329 Sed
1335 2295 1467 2328 Plinius
1482 2307 1560 2328 mox

889 2353 960 2398 ipse
979 2365 1014 2385 sc
1036 2350 1195 2396 explicat.
1222 2350 1343 2382 Cicero
1362 2361 1425 2394 pro
1445 2349 1557 2392 Dejot.

889 2406 959 2437 XII
972 2417 978 2437 :
994 2404 1062 2436 «De
1073 2403 1198 2448 plausu
1212 2401 1297 2446 quid
1307 2400 1558 2446 respondeam?

887 2459 947 2504 qui
956 2467 1210 2500 nonnunquam
1221 2479 1230 2493 ,
1243 2453 1488 2498 obstupefactis
1498 2451 1557 2485 ho-

887 2509 1036 2542 minibus
1047 2533 1056 2549 ‚
1065 2509 1135 2553 ipsa
1147 2506 1373 2540 admiratione
1385 2517 1557 2551 compres-

887 2575 943 2595 sus
957 2571 1018 2595 est.
1043 2578 1055 2590 n
1080 2562 1120 2593 E.

931 2635 976 2640 —-
998 2619 1082 2647 Act-e
1095 2623 1126 2645 ec
1140 2615 1305 2644 intentum.
1322 2611 1399 2643 Non
1419 2621 1554 2649 eorum,

886 2668 945 2713 qui
964 2668 1109 2700 oscitant
1127 2663 1255 2709 stupidi
1275 2688 1283 2702 ‚
1306 2663 1357 2696 vel
1379 2669 1523 2694 stertunt
1543 2673 1549 2693 1

889 2733 966 2753 uam
986 2728 1015 2751 et
1032 2720 1065 2751 hi
1082 2718 1192 2750 silent.
1210 2717 1250 2748 Ε.
