<?xml version="1.0" encoding="UTF-8"?>
<!DOCTYPE html PUBLIC "-//W3C//DTD XHTML 1.0 Transitional//EN"
    "http://www.w3.org/TR/xhtml1/DTD/xhtml1-transitional.dtd">
<html xmlns="http://www.w3.org/1999/xhtml" xml:lang="en" lang="en">
 <head>
  <title>
</title>
<meta http-equiv="Content-Type" content="text/html;charset=utf-8" />
  <meta name='ocr-system' content='tesseract 3.04.00' />
  <meta name='ocr-capabilities' content='ocr_page ocr_carea ocr_par ocr_line ocrx_word'/>
</head>
<body>
  <div class='ocr_page' id='page_1' title='image "./epistolarumlibri01plinuoft_0402.png"; bbox 0 0 1742 2989; ppageno 0'>
   <div class='ocr_carea' id='block_1_1' title="bbox 266 187 1244 232">
    <p class='ocr_par' dir='ltr' id='par_1_1' title="bbox 266 187 1244 232">
     <span class='ocr_line' id='line_1_1' title="bbox 266 187 1244 232; baseline -0.001 -1"><span class='ocrx_word' id='word_1_1' title='bbox 266 187 356 231; x_wconf 78' lang='lat'>320</span> <span class='ocrx_word' id='word_1_2' title='bbox 683 188 732 229; x_wconf 82' lang='lat' dir='ltr'>C.</span> <span class='ocrx_word' id='word_1_3' title='bbox 768 187 992 231; x_wconf 88' lang='lat' dir='ltr'><strong>PLINII</strong></span> <span class='ocrx_word' id='word_1_4' title='bbox 1027 188 1153 232; x_wconf 88' lang='lat' dir='ltr'>LIB.</span> <span class='ocrx_word' id='word_1_5' title='bbox 1192 190 1244 232; x_wconf 83' lang='lat' dir='ltr'>V.</span> 
     </span>
    </p>
   </div>
   <div class='ocr_carea' id='block_1_2' title="bbox 210 268 1668 1213">
    <p class='ocr_par' dir='ltr' id='par_1_2' title="bbox 210 268 1668 1213">
     <span class='ocr_line' id='line_1_2' title="bbox 262 268 1666 335; baseline 0.004 -23"><span class='ocrx_word' id='word_1_6' title='bbox 262 269 396 312; x_wconf 90' lang='lat' dir='ltr'>sionis</span> <span class='ocrx_word' id='word_1_7' title='bbox 415 284 565 313; x_wconf 82' lang='lat' dir='ltr'>caussa</span> <span class='ocrx_word' id='word_1_8' title='bbox 583 284 765 312; x_wconf 90' lang='lat' dir='ltr'>evocare</span> <span class='ocrx_word' id='word_1_9' title='bbox 788 277 916 313; x_wconf 84' lang='lat' dir='ltr'>testes</span> <span class='ocrx_word' id='word_1_10' title='bbox 935 268 1083 313; x_wconf 88' lang='lat' dir='ltr'>liceret</span> <span class='ocrx_word' id='word_1_11' title='bbox 1102 286 1112 315; x_wconf 75' lang='lat' dir='ltr'>t</span> <span class='ocrx_word' id='word_1_12' title='bbox 1135 271 1436 316; x_wconf 83' lang='lat' dir='ltr'><strong>recusantibus</strong></span> <span class='ocrx_word' id='word_1_13' title='bbox 1450 273 1666 335; x_wconf 87' lang='lat' dir='ltr'>Bithynis,</span> 
     </span>
     <span class='ocr_line' id='line_1_3' title="bbox 262 343 1664 404; baseline 0.003 -17"><span class='ocrx_word' id='word_1_14' title='bbox 262 343 455 404; x_wconf 84' lang='lat' dir='ltr'>cognitio</span> <span class='ocrx_word' id='word_1_15' title='bbox 482 351 682 402; x_wconf 90' lang='lat' dir='ltr'>suscepta</span> <span class='ocrx_word' id='word_1_16' title='bbox 700 351 777 386; x_wconf 89' lang='lat' dir='ltr'>est.</span> <span class='ocrx_word' id='word_1_17' title='bbox 798 343 881 404; x_wconf 82' lang='lat' dir='ltr'>Egi</span> <span class='ocrx_word' id='word_1_18' title='bbox 901 359 982 404; x_wconf 86' lang='lat' dir='ltr'>ego</span> <span class='ocrx_word' id='word_1_19' title='bbox 1003 359 1084 404; x_wconf 90' lang='lat' dir='ltr'>pro</span> <span class='ocrx_word' id='word_1_20' title='bbox 1102 345 1303 400; x_wconf 81' lang='lat' dir='ltr'>Vareno,</span> <span class='ocrx_word' id='word_1_21' title='bbox 1323 361 1412 388; x_wconf 91' lang='lat' dir='ltr'>non</span> <span class='ocrx_word' id='word_1_22' title='bbox 1428 346 1520 390; x_wconf 90' lang='lat' dir='ltr'>sine</span> <span class='ocrx_word' id='word_1_23' title='bbox 1540 363 1664 391; x_wconf 89' lang='lat' dir='ltr'>even-</span> 
     </span>
     <span class='ocr_line' id='line_1_4' title="bbox 261 414 1665 470; baseline 0.004 -11"><span class='ocrx_word' id='word_1_24' title='bbox 261 425 309 459; x_wconf 89' lang='lat' dir='ltr'>tu</span> <span class='ocrx_word' id='word_1_25' title='bbox 330 434 338 460; x_wconf 93' lang='lat'><strong>:</strong></span> <span class='ocrx_word' id='word_1_26' title='bbox 356 433 457 460; x_wconf 87' lang='lat' dir='ltr'>nam</span> <span class='ocrx_word' id='word_1_27' title='bbox 476 416 586 459; x_wconf 89' lang='lat' dir='ltr'>bene</span> <span class='ocrx_word' id='word_1_28' title='bbox 610 432 665 458; x_wconf 83' lang='lat' dir='ltr'>an</span> <span class='ocrx_word' id='word_1_29' title='bbox 684 414 815 470; x_wconf 89' lang='lat' dir='ltr'>male,</span> <span class='ocrx_word' id='word_1_30' title='bbox 832 415 942 459; x_wconf 90' lang='lat' dir='ltr'>liber</span> <span class='ocrx_word' id='word_1_31' title='bbox 964 415 1186 461; x_wconf 86' lang='lat' dir='ltr'>indicabit.</span> <span class='ocrx_word' id='word_1_32' title='bbox 1211 419 1262 461; x_wconf 92' lang='lat' dir='ltr'>In</span> <span class='ocrx_word' id='word_1_33' title='bbox 1286 418 1531 464; x_wconf 83' lang='lat' dir='ltr'>actionibus</span> <span class='ocrx_word' id='word_1_34' title='bbox 1547 421 1665 464; x_wconf 89' lang='lat' dir='ltr'>enim</span> 
     </span>
     <span class='ocr_line' id='line_1_5' title="bbox 261 488 1258 549; baseline 0.002 -17"><span class='ocrx_word' id='word_1_35' title='bbox 261 498 495 549; x_wconf 86' lang='lat' dir='ltr'>utramque</span> <span class='ocrx_word' id='word_1_36' title='bbox 524 489 570 531; x_wconf 91' lang='lat' dir='ltr'>in</span> <span class='ocrx_word' id='word_1_37' title='bbox 603 498 773 549; x_wconf 89' lang='lat' dir='ltr'>partem</span> <span class='ocrx_word' id='word_1_38' title='bbox 801 488 978 542; x_wconf 89' lang='lat' dir='ltr'>fortuna</span> <span class='ocrx_word' id='word_1_39' title='bbox 1005 489 1258 534; x_wconf 85' lang='lat' dir='ltr'>dominatur</span> 
     </span>
     <span class='ocr_line' id='line_1_6' title="bbox 259 562 1666 627; baseline 0.003 -21"><span class='ocrx_word' id='word_1_40' title='bbox 259 562 553 606; x_wconf 89' lang='lat' dir='ltr'>mendationis</span> <span class='ocrx_word' id='word_1_41' title='bbox 588 572 632 606; x_wconf 88' lang='lat' dir='ltr'>et</span> <span class='ocrx_word' id='word_1_42' title='bbox 662 562 854 606; x_wconf 83' lang='lat' dir='ltr'>detrahit</span> <span class='ocrx_word' id='word_1_43' title='bbox 886 573 928 606; x_wconf 89' lang='lat' dir='ltr'>et</span> <span class='ocrx_word' id='word_1_44' title='bbox 954 562 1083 606; x_wconf 88' lang='lat' dir='ltr'>affert</span> <span class='ocrx_word' id='word_1_45' title='bbox 1107 565 1342 619; x_wconf 84' lang='lat' dir='ltr'>memoria,</span> <span class='ocrx_word' id='word_1_46' title='bbox 1366 581 1470 619; x_wconf 85' lang='lat' dir='ltr'>vox,</span> <span class='ocrx_word' id='word_1_47' title='bbox 1497 576 1666 627; x_wconf 83' lang='lat' dir='ltr'>gestUS,</span> 
     </span>
     <span class='ocr_line' id='line_1_7' title="bbox 259 635 1665 697; baseline 0.002 -17"><span class='ocrx_word' id='word_1_48' title='bbox 259 645 432 697; x_wconf 87' lang='lat' dir='ltr'>tempus</span> <span class='ocrx_word' id='word_1_49' title='bbox 459 637 626 697; x_wconf 87' lang='lat' dir='ltr'>ipsum;</span> <span class='ocrx_word' id='word_1_50' title='bbox 654 645 875 696; x_wconf 86' lang='lat' dir='ltr'>postremo</span> <span class='ocrx_word' id='word_1_51' title='bbox 901 635 969 680; x_wconf 91' lang='lat' dir='ltr'>vel</span> <span class='ocrx_word' id='word_1_52' title='bbox 995 652 1119 680; x_wconf 87' lang='lat' dir='ltr'>amor</span> <span class='ocrx_word' id='word_1_53' title='bbox 1144 636 1211 681; x_wconf 89' lang='lat' dir='ltr'>vel</span> <span class='ocrx_word' id='word_1_54' title='bbox 1239 637 1388 681; x_wconf 89' lang='lat' dir='ltr'>odium</span> <span class='ocrx_word' id='word_1_55' title='bbox 1417 639 1480 682; x_wconf 92' lang='lat' dir='ltr'>rei</span> <span class='ocrx_word' id='word_1_56' title='bbox 1511 655 1520 683; x_wconf 92' lang='lat'>:</span> <span class='ocrx_word' id='word_1_57' title='bbox 1554 638 1665 682; x_wconf 88' lang='lat' dir='ltr'>liber</span> 
     </span>
     <span class='ocr_line' id='line_1_8' title="bbox 258 708 1664 770; baseline 0.002 -18"><span class='ocrx_word' id='word_1_58' title='bbox 258 709 459 764; x_wconf 85' lang='lat' dir='ltr'>offensis,</span> <span class='ocrx_word' id='word_1_59' title='bbox 476 708 585 753; x_wconf 90' lang='lat' dir='ltr'>liber</span> <span class='ocrx_word' id='word_1_60' title='bbox 608 711 771 770; x_wconf 85' lang='lat' dir='ltr'>gratia,</span> <span class='ocrx_word' id='word_1_61' title='bbox 790 708 900 753; x_wconf 82' lang='lat' dir='ltr'>liber</span> <span class='ocrx_word' id='word_1_62' title='bbox 918 719 961 753; x_wconf 89' lang='lat' dir='ltr'>et</span> <span class='ocrx_word' id='word_1_63' title='bbox 981 709 1181 754; x_wconf 90' lang='lat' dir='ltr'>secundis</span> <span class='ocrx_word' id='word_1_64' title='bbox 1201 711 1391 767; x_wconf 83' lang='lat' dir='ltr'>casibus,</span> <span class='ocrx_word' id='word_1_65' title='bbox 1407 721 1450 755; x_wconf 90' lang='lat' dir='ltr'>et</span> <span class='ocrx_word' id='word_1_66' title='bbox 1474 711 1664 756; x_wconf 88' lang='lat' dir='ltr'>adversis</span> 
     </span>
     <span class='ocr_line' id='line_1_9' title="bbox 210 781 1664 846; baseline 0.003 -21"><span class='ocrx_word' id='word_1_67' title='bbox 210 805 223 825; x_wconf 58' lang='grc' dir='ltr'><em>ί</em></span> <span class='ocrx_word' id='word_1_68' title='bbox 258 793 387 827; x_wconf 84' lang='lat' dir='ltr'>caret.</span> <span class='ocrx_word' id='word_1_69' title='bbox 405 781 649 843; x_wconf 79' lang='lat' dir='ltr'>Respondit</span> <span class='ocrx_word' id='word_1_70' title='bbox 666 782 773 826; x_wconf 86' lang='lat' dir='ltr'>mihi</span> <span class='ocrx_word' id='word_1_71' title='bbox 788 784 999 827; x_wconf 85' lang='lat' dir='ltr'>Fonteius</span> <span class='ocrx_word' id='word_1_72' title='bbox 1012 785 1225 844; x_wconf 82' lang='lat' dir='ltr'>Magnus,</span> <span class='ocrx_word' id='word_1_73' title='bbox 1244 801 1358 828; x_wconf 90' lang='lat' dir='ltr'>unus</span> <span class='ocrx_word' id='word_1_74' title='bbox 1374 801 1425 828; x_wconf 82' lang='lat' dir='ltr'>ex</span> <span class='ocrx_word' id='word_1_75' title='bbox 1444 785 1664 846; x_wconf 81' lang='lat' dir='ltr'>Bithynis,</span> 
     </span>
     <span class='ocr_line' id='line_1_10' title="bbox 256 855 1663 919; baseline 0.002 -19"><span class='ocrx_word' id='word_1_76' title='bbox 256 855 456 916; x_wconf 82' lang='lat' dir='ltr'>plurimis</span> <span class='ocrx_word' id='word_1_77' title='bbox 480 855 648 911; x_wconf 88' lang='lat' dir='ltr'>verbis,</span> <span class='ocrx_word' id='word_1_78' title='bbox 675 857 945 917; x_wconf 83' lang='lat' dir='ltr'>paucissimis</span> <span class='ocrx_word' id='word_1_79' title='bbox 971 857 1114 901; x_wconf 88' lang='lat' dir='ltr'>rebus.</span> <span class='ocrx_word' id='word_1_80' title='bbox 1142 860 1220 902; x_wconf 88' lang='lat' dir='ltr'>Est</span> <span class='ocrx_word' id='word_1_81' title='bbox 1244 857 1463 919; x_wconf 88' lang='lat' dir='ltr'>plerisque</span> <span class='ocrx_word' id='word_1_82' title='bbox 1488 861 1663 903; x_wconf 84' lang='lat' dir='ltr'>Graeco-</span> 
     </span>
     <span class='ocr_line' id='line_1_11' title="bbox 257 928 1660 993; baseline 0.003 -21"><span class='ocrx_word' id='word_1_83' title='bbox 257 947 379 984; x_wconf 88' lang='lat' dir='ltr'>rum,</span> <span class='ocrx_word' id='word_1_84' title='bbox 405 940 453 973; x_wconf 90' lang='lat' dir='ltr'>ut</span> <span class='ocrx_word' id='word_1_85' title='bbox 485 928 567 983; x_wconf 83' lang='lat' dir='ltr'>illi,</span> <span class='ocrx_word' id='word_1_86' title='bbox 587 946 666 989; x_wconf 91' lang='lat' dir='ltr'>pro</span> <span class='ocrx_word' id='word_1_87' title='bbox 698 930 824 991; x_wconf 90' lang='lat' dir='ltr'>copia</span> <span class='ocrx_word' id='word_1_88' title='bbox 851 929 1099 974; x_wconf 87' lang='lat' dir='ltr'>volubilitas</span> <span class='ocrx_word' id='word_1_89' title='bbox 1124 947 1132 973; x_wconf 93' lang='lat'>:</span> <span class='ocrx_word' id='word_1_90' title='bbox 1160 940 1248 974; x_wconf 85' lang='lat' dir='ltr'>tam</span> <span class='ocrx_word' id='word_1_91' title='bbox 1280 930 1456 992; x_wconf 84' lang='lat' dir='ltr'>longas,</span> <span class='ocrx_word' id='word_1_92' title='bbox 1482 942 1660 993; x_wconf 86' lang='lat' dir='ltr'>tamque</span> 
     </span>
     <span class='ocr_line' id='line_1_12' title="bbox 254 1002 1659 1067; baseline 0.004 -22"><span class='ocrx_word' id='word_1_93' title='bbox 254 1002 432 1064; x_wconf 79' lang='lat' dir='ltr'>frigidas</span> <span class='ocrx_word' id='word_1_94' title='bbox 452 1002 655 1063; x_wconf 86' lang='lat' dir='ltr'>periodos</span> <span class='ocrx_word' id='word_1_95' title='bbox 673 1020 761 1047; x_wconf 90' lang='lat' dir='ltr'>uno</span> <span class='ocrx_word' id='word_1_96' title='bbox 781 1004 959 1065; x_wconf 85' lang='lat' dir='ltr'>spiritu,</span> <span class='ocrx_word' id='word_1_97' title='bbox 976 1005 1100 1065; x_wconf 84' lang='lat' dir='ltr'>quasi</span> <span class='ocrx_word' id='word_1_98' title='bbox 1117 1014 1331 1059; x_wconf 82' lang='lat' dir='ltr'>torrente,</span> <span class='ocrx_word' id='word_1_99' title='bbox 1352 1016 1659 1067; x_wconf 88' lang='lat' dir='ltr'>contorquent.</span> 
     </span>
     <span class='ocr_line' id='line_1_13' title="bbox 210 1074 1668 1136; baseline 0.003 -18"><span class='ocrx_word' id='word_1_100' title='bbox 210 1081 225 1099; x_wconf 68' lang='grc'>·”</span> <span class='ocrx_word' id='word_1_101' title='bbox 252 1078 403 1136; x_wconf 90' lang='lat' dir='ltr'>Itaque</span> <span class='ocrx_word' id='word_1_102' title='bbox 428 1074 569 1120; x_wconf 87' lang='lat' dir='ltr'>Julius</span> <span class='ocrx_word' id='word_1_103' title='bbox 594 1076 818 1120; x_wconf 88' lang='lat' dir='ltr'>Candidus</span> <span class='ocrx_word' id='word_1_104' title='bbox 847 1093 937 1121; x_wconf 90' lang='lat' dir='ltr'>non</span> <span class='ocrx_word' id='word_1_105' title='bbox 963 1077 1192 1121; x_wconf 83' lang='lat' dir='ltr'>invenuste</span> <span class='ocrx_word' id='word_1_106' title='bbox 1217 1077 1325 1122; x_wconf 87' lang='lat' dir='ltr'>solet</span> <span class='ocrx_word' id='word_1_107' title='bbox 1349 1077 1516 1133; x_wconf 78' lang='lat' dir='ltr'>dicere,</span> <span class='ocrx_word' id='word_1_108' title='bbox 1535 1079 1668 1123; x_wconf 71' lang='lat' dir='ltr'>aliud</span> 
     </span>
     <span class='ocr_line' id='line_1_14' title="bbox 250 1151 1661 1213; baseline 0.002 -20"><span class='ocrx_word' id='word_1_109' title='bbox 250 1166 345 1193; x_wconf 72' lang='lat' dir='ltr'>esse</span> <span class='ocrx_word' id='word_1_110' title='bbox 385 1151 683 1209; x_wconf 73' lang='lat' dir='ltr'>eloquentiam</span> <span class='ocrx_word' id='word_1_111' title='bbox 704 1186 715 1204; x_wconf 90' lang='lat'>,</span> <span class='ocrx_word' id='word_1_112' title='bbox 759 1151 889 1195; x_wconf 74' lang='lat' dir='ltr'>aliud</span> <span class='ocrx_word' id='word_1_113' title='bbox 921 1151 1211 1211; x_wconf 72' lang='lat' dir='ltr'>loquentiam.</span> <span class='ocrx_word' id='word_1_114' title='bbox 1254 1153 1369 1197; x_wconf 88' lang='lat' dir='ltr'>Nam</span> <span class='ocrx_word' id='word_1_115' title='bbox 1411 1151 1661 1213; x_wconf 87' lang='lat' dir='ltr'>eloquentia</span> 
     </span>
    </p>
   </div>
   <div class='ocr_carea' id='block_1_3' title="bbox 1289 491 1664 537">
    <p class='ocr_par' dir='ltr' id='par_1_3' title="bbox 1289 491 1664 537">
     <span class='ocr_line' id='line_1_15' title="bbox 1289 491 1664 537; baseline 0.008 -3"><span class='ocrx_word' id='word_1_116' title='bbox 1289 508 1298 534; x_wconf 77' lang='grc' dir='ltr'>ε</span> <span class='ocrx_word' id='word_1_117' title='bbox 1326 491 1513 536; x_wconf 86' lang='lat' dir='ltr'>multum</span> <span class='ocrx_word' id='word_1_118' title='bbox 1541 510 1664 537; x_wconf 89' lang='lat' dir='ltr'>com-</span> 
     </span>
    </p>
   </div>
   <div class='ocr_carea' id='block_1_4' title="bbox 240 1274 921 2743">
    <p class='ocr_par' dir='ltr' id='par_1_4' title="bbox 246 1274 921 1680">
     <span class='ocr_line' id='line_1_16' title="bbox 255 1274 920 1321; baseline -0.003 -13"><span class='ocrx_word' id='word_1_119' title='bbox 255 1276 286 1317; x_wconf 82' lang='lat'>§.</span> <span class='ocrx_word' id='word_1_120' title='bbox 305 1287 324 1320; x_wconf 81' lang='lat'><strong><em>7</em></strong></span> <span class='ocrx_word' id='word_1_121' title='bbox 336 1299 345 1315; x_wconf 88' lang='lat'>‚</span> <span class='ocrx_word' id='word_1_122' title='bbox 371 1282 534 1321; x_wconf 82' lang='lat' dir='ltr'>apparet,</span> <span class='ocrx_word' id='word_1_123' title='bbox 555 1282 588 1307; x_wconf 90' lang='lat' dir='ltr'>et</span> <span class='ocrx_word' id='word_1_124' title='bbox 606 1274 771 1320; x_wconf 83' lang='lat' dir='ltr'>repetitur</span> <span class='ocrx_word' id='word_1_125' title='bbox 784 1275 835 1306; x_wconf 89' lang='lat' dir='ltr'>VI</span> <span class='ocrx_word' id='word_1_126' title='bbox 850 1299 858 1315; x_wconf 87' lang='lat'>,</span> <span class='ocrx_word' id='word_1_127' title='bbox 881 1275 900 1309; x_wconf 85' lang='lat'><em>5</em></span> <span class='ocrx_word' id='word_1_128' title='bbox 912 1300 920 1315; x_wconf 93' lang='lat'>‚</span> 
     </span>
     <span class='ocr_line' id='line_1_17' title="bbox 253 1327 919 1370; baseline 0.002 -11"><span class='ocrx_word' id='word_1_129' title='bbox 253 1328 335 1367; x_wconf 89' lang='lat' dir='ltr'>1,it.</span> <span class='ocrx_word' id='word_1_130' title='bbox 354 1328 426 1368; x_wconf 88' lang='lat' dir='ltr'>VI,</span> <span class='ocrx_word' id='word_1_131' title='bbox 452 1329 513 1368; x_wconf 81' lang='lat'>13,</span> <span class='ocrx_word' id='word_1_132' title='bbox 535 1327 609 1360; x_wconf 92' lang='lat' dir='ltr'>init.</span> <span class='ocrx_word' id='word_1_133' title='bbox 631 1339 671 1360; x_wconf 84' lang='lat' dir='ltr'>ac</span> <span class='ocrx_word' id='word_1_134' title='bbox 685 1327 756 1367; x_wconf 86' lang='lat' dir='ltr'>VI,</span> <span class='ocrx_word' id='word_1_135' title='bbox 781 1340 841 1370; x_wconf 86' lang='lat'>29,</span> <span class='ocrx_word' id='word_1_136' title='bbox 866 1340 919 1360; x_wconf 92' lang='lat'>11.</span> 
     </span>
     <span class='ocr_line' id='line_1_18' title="bbox 248 1379 921 1424; baseline 0.001 -12"><span class='ocrx_word' id='word_1_137' title='bbox 248 1380 327 1413; x_wconf 85' lang='lat' dir='ltr'>Haec</span> <span class='ocrx_word' id='word_1_138' title='bbox 346 1380 521 1414; x_wconf 79' lang='lat' dir='ltr'>mouenda</span> <span class='ocrx_word' id='word_1_139' title='bbox 542 1381 637 1415; x_wconf 84' lang='lat' dir='ltr'>fuere</span> <span class='ocrx_word' id='word_1_140' title='bbox 649 1403 658 1419; x_wconf 93' lang='lat'>‚</span> <span class='ocrx_word' id='word_1_141' title='bbox 678 1379 774 1424; x_wconf 85' lang='lat' dir='ltr'>quod</span> <span class='ocrx_word' id='word_1_142' title='bbox 792 1381 845 1414; x_wconf 88' lang='lat' dir='ltr'>vir</span> <span class='ocrx_word' id='word_1_143' title='bbox 861 1379 921 1413; x_wconf 84' lang='lat' dir='ltr'>do-</span> 
     </span>
     <span class='ocr_line' id='line_1_19' title="bbox 247 1432 921 1480; baseline -0.003 -14"><span class='ocrx_word' id='word_1_144' title='bbox 247 1441 322 1467; x_wconf 85' lang='lat' dir='ltr'>ctus</span> <span class='ocrx_word' id='word_1_145' title='bbox 349 1434 408 1467; x_wconf 85' lang='lat' dir='ltr'>hic</span> <span class='ocrx_word' id='word_1_146' title='bbox 430 1435 595 1480; x_wconf 81' lang='lat' dir='ltr'>putabat,</span> <span class='ocrx_word' id='word_1_147' title='bbox 618 1439 654 1471; x_wconf 72' lang='grc' dir='ltr'>τὸ</span> <span class='ocrx_word' id='word_1_148' title='bbox 681 1448 807 1478; x_wconf 79' lang='lat' dir='ltr'>quoque</span> <span class='ocrx_word' id='word_1_149' title='bbox 834 1432 921 1467; x_wconf 85' lang='lat' dir='ltr'>nihil</span> 
     </span>
     <span class='ocr_line' id='line_1_20' title="bbox 247 1486 920 1532; baseline -0.001 -13"><span class='ocrx_word' id='word_1_150' title='bbox 247 1486 394 1527; x_wconf 85' lang='lat' dir='ltr'>habere,</span> <span class='ocrx_word' id='word_1_151' title='bbox 413 1500 483 1532; x_wconf 87' lang='lat' dir='ltr'>quo</span> <span class='ocrx_word' id='word_1_152' title='bbox 501 1488 690 1529; x_wconf 84' lang='lat' dir='ltr'>referatur,</span> <span class='ocrx_word' id='word_1_153' title='bbox 712 1496 743 1521; x_wconf 90' lang='lat' dir='ltr'>et</span> <span class='ocrx_word' id='word_1_154' title='bbox 760 1486 920 1521; x_wconf 86' lang='lat' dir='ltr'>substitui</span> 
     </span>
     <span class='ocr_line' id='line_1_21' title="bbox 247 1539 916 1583; baseline -0.003 -10"><span class='ocrx_word' id='word_1_155' title='bbox 247 1540 382 1573; x_wconf 87' lang='lat' dir='ltr'>volebat</span> <span class='ocrx_word' id='word_1_156' title='bbox 392 1553 430 1573; x_wconf 83' lang='lat' dir='ltr'>ex</span> <span class='ocrx_word' id='word_1_157' title='bbox 441 1540 598 1573; x_wconf 85' lang='lat' dir='ltr'>Mediceo</span> <span class='ocrx_word' id='word_1_158' title='bbox 611 1541 699 1574; x_wconf 89' lang='lat' dir='ltr'>libro</span> <span class='ocrx_word' id='word_1_159' title='bbox 713 1543 863 1583; x_wconf 73' lang='lat' dir='ltr'>undique.</span> <span class='ocrx_word' id='word_1_160' title='bbox 873 1539 916 1572; x_wconf 93' lang='lat' dir='ltr'>G.</span> 
     </span>
     <span class='ocr_line' id='line_1_22' title="bbox 246 1592 918 1640; baseline -0.001 -14"><span class='ocrx_word' id='word_1_161' title='bbox 246 1595 398 1626; x_wconf 83' lang='lat' dir='ltr'>—Rom.</span> <span class='ocrx_word' id='word_1_162' title='bbox 419 1594 490 1626; x_wconf 87' lang='lat' dir='ltr'>«Ut</span> <span class='ocrx_word' id='word_1_163' title='bbox 506 1594 570 1627; x_wconf 88' lang='lat' dir='ltr'>sibi</span> <span class='ocrx_word' id='word_1_164' title='bbox 589 1607 729 1640; x_wconf 88' lang='lat' dir='ltr'>quoque</span> <span class='ocrx_word' id='word_1_165' title='bbox 748 1592 918 1626; x_wconf 84' lang='lat' dir='ltr'>defensio-</span> 
     </span>
     <span class='ocr_line' id='line_1_23' title="bbox 246 1646 775 1680; baseline 0.004 -2"><span class='ocrx_word' id='word_1_166' title='bbox 246 1646 298 1679; x_wconf 85' lang='lat' dir='ltr'>nis</span> <span class='ocrx_word' id='word_1_167' title='bbox 310 1659 430 1679; x_wconf 82' lang='lat' dir='ltr'>caussa</span> <span class='ocrx_word' id='word_1_168' title='bbox 445 1658 571 1679; x_wconf 78' lang='lat' dir='ltr'>vocare</span> <span class='ocrx_word' id='word_1_169' title='bbox 584 1654 720 1680; x_wconf 85' lang='lat' dir='ltr'>testes.»</span> <span class='ocrx_word' id='word_1_170' title='bbox 731 1647 775 1680; x_wconf 93' lang='lat' dir='ltr'>H.</span> 
     </span>
    </p>

    <p class='ocr_par' dir='ltr' id='par_1_5' title="bbox 240 1699 919 2481">
     <span class='ocr_line' id='line_1_24' title="bbox 292 1699 919 1742; baseline 0 -12"><span class='ocrx_word' id='word_1_171' title='bbox 292 1720 337 1723; x_wconf 88' lang='lat'><strong>—</strong></span> <span class='ocrx_word' id='word_1_172' title='bbox 355 1702 419 1742; x_wconf 70' lang='lat' dir='ltr'>Egi</span> <span class='ocrx_word' id='word_1_173' title='bbox 436 1712 503 1742; x_wconf 76' lang='lat' dir='ltr'>ege.</span> <span class='ocrx_word' id='word_1_174' title='bbox 517 1699 712 1733; x_wconf 84' lang='lat' dir='ltr'>Pronomen</span> <span class='ocrx_word' id='word_1_175' title='bbox 731 1699 867 1733; x_wconf 89' lang='lat' dir='ltr'>Cortius</span> <span class='ocrx_word' id='word_1_176' title='bbox 887 1705 919 1730; x_wconf 88' lang='lat' dir='ltr'>et</span> 
     </span>
     <span class='ocr_line' id='line_1_25' title="bbox 246 1750 917 1796; baseline -0.003 -12"><span class='ocrx_word' id='word_1_177' title='bbox 246 1750 419 1796; x_wconf 83' lang='lat' dir='ltr'>Gierigius</span> <span class='ocrx_word' id='word_1_178' title='bbox 430 1759 521 1784; x_wconf 87' lang='lat' dir='ltr'>recte</span> <span class='ocrx_word' id='word_1_179' title='bbox 531 1752 734 1785; x_wconf 82' lang='lat' dir='ltr'>omiserunt.</span> <span class='ocrx_word' id='word_1_180' title='bbox 746 1752 917 1785; x_wconf 74' lang='lat' dir='ltr'>S.-Nam</span> 
     </span>
     <span class='ocr_line' id='line_1_26' title="bbox 245 1804 918 1849; baseline 0 -14"><span class='ocrx_word' id='word_1_181' title='bbox 245 1806 321 1836; x_wconf 78' lang='lat' dir='ltr'>bene</span> <span class='ocrx_word' id='word_1_182' title='bbox 331 1818 373 1836; x_wconf 82' lang='lat' dir='ltr'>an</span> <span class='ocrx_word' id='word_1_183' title='bbox 384 1807 476 1836; x_wconf 77' lang='lat' dir='ltr'>male.</span> <span class='ocrx_word' id='word_1_184' title='bbox 489 1804 581 1837; x_wconf 84' lang='lat' dir='ltr'>Illud</span> <span class='ocrx_word' id='word_1_185' title='bbox 591 1818 667 1837; x_wconf 81' lang='lat' dir='ltr'>nam</span> <span class='ocrx_word' id='word_1_186' title='bbox 677 1805 797 1837; x_wconf 84' lang='lat' dir='ltr'>Atticae</span> <span class='ocrx_word' id='word_1_187' title='bbox 805 1805 918 1849; x_wconf 83' lang='lat' dir='ltr'>cujus-</span> 
     </span>
     <span class='ocr_line' id='line_1_27' title="bbox 244 1856 917 1903; baseline -0.001 -14"><span class='ocrx_word' id='word_1_188' title='bbox 244 1856 325 1891; x_wconf 80' lang='lat' dir='ltr'>dam</span> <span class='ocrx_word' id='word_1_189' title='bbox 340 1857 516 1903; x_wconf 78' lang='lat' dir='ltr'>elegantiae</span> <span class='ocrx_word' id='word_1_190' title='bbox 535 1866 604 1898; x_wconf 85' lang='lat' dir='ltr'>est,</span> <span class='ocrx_word' id='word_1_191' title='bbox 621 1866 653 1891; x_wconf 89' lang='lat' dir='ltr'>et</span> <span class='ocrx_word' id='word_1_192' title='bbox 672 1857 803 1890; x_wconf 81' lang='lat' dir='ltr'>indicat</span> <span class='ocrx_word' id='word_1_193' title='bbox 817 1856 917 1889; x_wconf 86' lang='lat' dir='ltr'>omis-</span> 
     </span>
     <span class='ocr_line' id='line_1_28' title="bbox 243 1910 915 1956; baseline -0.003 -13"><span class='ocrx_word' id='word_1_194' title='bbox 243 1923 316 1943; x_wconf 82' lang='lat' dir='ltr'>sam</span> <span class='ocrx_word' id='word_1_195' title='bbox 343 1911 614 1956; x_wconf 75' lang='lat' dir='ltr'>propositionem</span> <span class='ocrx_word' id='word_1_196' title='bbox 627 1936 635 1951; x_wconf 86' lang='lat'>,</span> <span class='ocrx_word' id='word_1_197' title='bbox 664 1911 720 1943; x_wconf 84' lang='lat' dir='ltr'>hie</span> <span class='ocrx_word' id='word_1_198' title='bbox 748 1911 796 1943; x_wconf 83' lang='lat' dir='ltr'>ita</span> <span class='ocrx_word' id='word_1_199' title='bbox 827 1910 915 1942; x_wconf 78' lang='lat' dir='ltr'>forte</span> 
     </span>
     <span class='ocr_line' id='line_1_29' title="bbox 242 1963 913 2009; baseline -0.003 -14"><span class='ocrx_word' id='word_1_200' title='bbox 242 1963 474 2009; x_wconf 82' lang='lat' dir='ltr'>supplendam</span> <span class='ocrx_word' id='word_1_201' title='bbox 495 1975 502 1995; x_wconf 73' lang='grc' dir='ltr'>ε</span> <span class='ocrx_word' id='word_1_202' title='bbox 518 1963 613 2003; x_wconf 80' lang='lat' dir='ltr'>Dixi,</span> <span class='ocrx_word' id='word_1_203' title='bbox 631 1977 693 1995; x_wconf 82' lang='grc' dir='ltr'>ηοη</span> <span class='ocrx_word' id='word_1_204' title='bbox 712 1966 779 1995; x_wconf 77' lang='lat' dir='ltr'>sine</span> <span class='ocrx_word' id='word_1_205' title='bbox 794 1972 913 1994; x_wconf 79' lang='lat' dir='ltr'>eventu.</span> 
     </span>
     <span class='ocr_line' id='line_1_30' title="bbox 242 2015 913 2055; baseline -0.003 -7"><span class='ocrx_word' id='word_1_206' title='bbox 242 2016 319 2048; x_wconf 91' lang='lat' dir='ltr'>Non</span> <span class='ocrx_word' id='word_1_207' title='bbox 345 2016 472 2048; x_wconf 87' lang='lat' dir='ltr'>mirum</span> <span class='ocrx_word' id='word_1_208' title='bbox 483 2040 492 2055; x_wconf 84' lang='lat'>‚</span> <span class='ocrx_word' id='word_1_209' title='bbox 525 2028 581 2048; x_wconf 86' lang='lat' dir='ltr'>me</span> <span class='ocrx_word' id='word_1_210' title='bbox 612 2024 773 2049; x_wconf 84' lang='lat' dir='ltr'>eventum</span> <span class='ocrx_word' id='word_1_211' title='bbox 800 2015 913 2047; x_wconf 86' lang='lat' dir='ltr'>solum</span> 
     </span>
     <span class='ocr_line' id='line_1_31' title="bbox 242 2067 913 2114; baseline -0.001 -14"><span class='ocrx_word' id='word_1_212' title='bbox 242 2080 513 2101; x_wconf 81' lang='lat' dir='ltr'>commemorare</span> <span class='ocrx_word' id='word_1_213' title='bbox 532 2080 540 2101; x_wconf 76' lang='grc' dir='ltr'><strong><em>ε</em></strong></span> <span class='ocrx_word' id='word_1_214' title='bbox 562 2082 637 2100; x_wconf 80' lang='lat' dir='ltr'>nam</span> <span class='ocrx_word' id='word_1_215' title='bbox 659 2075 724 2101; x_wconf 86' lang='lat' dir='ltr'>etc.</span> <span class='ocrx_word' id='word_1_216' title='bbox 750 2069 844 2114; x_wconf 86' lang='lat' dir='ltr'>Saepe</span> <span class='ocrx_word' id='word_1_217' title='bbox 867 2067 913 2100; x_wconf 85' lang='lat' dir='ltr'>ita</span> 
     </span>
     <span class='ocr_line' id='line_1_32' title="bbox 242 2121 910 2165; baseline -0.001 -12"><span class='ocrx_word' id='word_1_218' title='bbox 242 2121 478 2162; x_wconf 82' lang='lat' dir='ltr'>Quintilianus</span> <span class='ocrx_word' id='word_1_219' title='bbox 492 2145 501 2160; x_wconf 87' lang='lat'>,</span> <span class='ocrx_word' id='word_1_220' title='bbox 525 2133 558 2153; x_wconf 88' lang='lat' dir='ltr'>V.</span> <span class='ocrx_word' id='word_1_221' title='bbox 580 2133 614 2165; x_wconf 84' lang='lat' dir='ltr'>g.</span> <span class='ocrx_word' id='word_1_222' title='bbox 634 2122 668 2153; x_wconf 93' lang='lat' dir='ltr'>II</span> <span class='ocrx_word' id='word_1_223' title='bbox 683 2145 691 2160; x_wconf 89' lang='lat'>‚</span> <span class='ocrx_word' id='word_1_224' title='bbox 714 2133 751 2153; x_wconf 82' lang='lat'>12</span> <span class='ocrx_word' id='word_1_225' title='bbox 765 2146 773 2160; x_wconf 92' lang='lat'>‚</span> <span class='ocrx_word' id='word_1_226' title='bbox 793 2133 826 2165; x_wconf 80' lang='lat'>73</span> <span class='ocrx_word' id='word_1_227' title='bbox 840 2121 891 2152; x_wconf 80' lang='lat' dir='ltr'>VI</span> <span class='ocrx_word' id='word_1_228' title='bbox 903 2145 910 2159; x_wconf 92' lang='lat'>‚</span> 
     </span>
     <span class='ocr_line' id='line_1_33' title="bbox 242 2173 911 2218; baseline -0.004 -11"><span class='ocrx_word' id='word_1_229' title='bbox 242 2174 261 2206; x_wconf 81' lang='grc'><strong>3</strong></span> <span class='ocrx_word' id='word_1_230' title='bbox 274 2198 282 2213; x_wconf 86' lang='grc'><em>,</em></span> <span class='ocrx_word' id='word_1_231' title='bbox 302 2175 344 2207; x_wconf 72' lang='grc'>63</span> <span class='ocrx_word' id='word_1_232' title='bbox 365 2182 397 2206; x_wconf 89' lang='lat' dir='ltr'>et</span> <span class='ocrx_word' id='word_1_233' title='bbox 415 2176 469 2217; x_wconf 72' lang='lat'>76.</span> <span class='ocrx_word' id='word_1_234' title='bbox 485 2174 578 2218; x_wconf 74' lang='lat' dir='ltr'>Saepe</span> <span class='ocrx_word' id='word_1_235' title='bbox 593 2173 767 2206; x_wconf 84' lang='lat' dir='ltr'>Lucianus</span> <span class='ocrx_word' id='word_1_236' title='bbox 781 2181 813 2206; x_wconf 88' lang='lat' dir='ltr'>et</span> <span class='ocrx_word' id='word_1_237' title='bbox 829 2185 911 2205; x_wconf 84' lang='lat' dir='ltr'>con-</span> 
     </span>
     <span class='ocr_line' id='line_1_34' title="bbox 242 2225 910 2259; baseline 0.001 -2"><span class='ocrx_word' id='word_1_238' title='bbox 242 2226 450 2259; x_wconf 81' lang='lat' dir='ltr'>fabulatores</span> <span class='ocrx_word' id='word_1_239' title='bbox 464 2225 577 2258; x_wconf 78' lang='lat' dir='ltr'>Attici.</span> <span class='ocrx_word' id='word_1_240' title='bbox 594 2226 636 2258; x_wconf 92' lang='lat' dir='ltr'>G.</span> <span class='ocrx_word' id='word_1_241' title='bbox 649 2227 753 2259; x_wconf 81' lang='lat' dir='ltr'>—Ita</span> <span class='ocrx_word' id='word_1_242' title='bbox 767 2234 799 2258; x_wconf 88' lang='lat' dir='ltr'>et</span> <span class='ocrx_word' id='word_1_243' title='bbox 812 2227 910 2258; x_wconf 82' lang='lat' dir='ltr'>Rom.</span> 
     </span>
     <span class='ocr_line' id='line_1_35' title="bbox 240 2278 911 2311; baseline 0.001 -1"><span class='ocrx_word' id='word_1_244' title='bbox 240 2278 285 2311; x_wconf 91' lang='lat' dir='ltr'>H.</span> <span class='ocrx_word' id='word_1_245' title='bbox 296 2299 342 2303; x_wconf 87' lang='lat'>——</span> <span class='ocrx_word' id='word_1_246' title='bbox 354 2281 449 2310; x_wconf 77' lang='lat' dir='ltr'>Liber</span> <span class='ocrx_word' id='word_1_247' title='bbox 466 2280 630 2311; x_wconf 80' lang='lat' dir='ltr'>indicabit.</span> <span class='ocrx_word' id='word_1_248' title='bbox 648 2278 722 2311; x_wconf 87' lang='lat' dir='ltr'>Hoc</span> <span class='ocrx_word' id='word_1_249' title='bbox 734 2287 784 2311; x_wconf 80' lang='lat' dir='ltr'>est</span> <span class='ocrx_word' id='word_1_250' title='bbox 800 2278 911 2311; x_wconf 86' lang='lat' dir='ltr'>oratio</span> 
     </span>
     <span class='ocr_line' id='line_1_36' title="bbox 241 2330 911 2376; baseline 0 -13"><span class='ocrx_word' id='word_1_251' title='bbox 241 2331 379 2376; x_wconf 82' lang='lat' dir='ltr'>scripta.</span> <span class='ocrx_word' id='word_1_252' title='bbox 411 2332 460 2363; x_wconf 89' lang='lat' dir='ltr'>De</span> <span class='ocrx_word' id='word_1_253' title='bbox 490 2330 687 2364; x_wconf 74' lang='lat' dir='ltr'>differentia</span> <span class='ocrx_word' id='word_1_254' title='bbox 714 2334 849 2363; x_wconf 81' lang='lat' dir='ltr'>actionis</span> <span class='ocrx_word' id='word_1_255' title='bbox 879 2339 911 2364; x_wconf 86' lang='lat' dir='ltr'>et</span> 
     </span>
     <span class='ocr_line' id='line_1_37' title="bbox 241 2383 909 2427; baseline 0.001 -12"><span class='ocrx_word' id='word_1_256' title='bbox 241 2386 398 2416; x_wconf 75' lang='lat' dir='ltr'>orationis</span> <span class='ocrx_word' id='word_1_257' title='bbox 417 2396 476 2415; x_wconf 84' lang='lat' dir='ltr'>seu</span> <span class='ocrx_word' id='word_1_258' title='bbox 497 2383 576 2415; x_wconf 89' lang='lat' dir='ltr'>libri</span> <span class='ocrx_word' id='word_1_259' title='bbox 604 2384 727 2417; x_wconf 73' lang='lat' dir='ltr'>Noster</span> <span class='ocrx_word' id='word_1_260' title='bbox 741 2385 757 2416; x_wconf 91' lang='lat' dir='ltr'>I</span> <span class='ocrx_word' id='word_1_261' title='bbox 771 2408 780 2424; x_wconf 87' lang='lat'>,</span> <span class='ocrx_word' id='word_1_262' title='bbox 795 2397 850 2423; x_wconf 86' lang='lat'>20,</span> <span class='ocrx_word' id='word_1_263' title='bbox 868 2396 888 2427; x_wconf 82' lang='lat'><strong>9</strong></span> <span class='ocrx_word' id='word_1_264' title='bbox 900 2408 909 2423; x_wconf 90' lang='lat'>,</span> 
     </span>
     <span class='ocr_line' id='line_1_38' title="bbox 240 2435 351 2481; baseline -0.009 -12"><span class='ocrx_word' id='word_1_265' title='bbox 240 2448 292 2481; x_wconf 88' lang='lat' dir='ltr'>sq.</span> <span class='ocrx_word' id='word_1_266' title='bbox 307 2435 351 2468; x_wconf 88' lang='lat' dir='ltr'>G.</span> 
     </span>
    </p>

    <p class='ocr_par' dir='ltr' id='par_1_6' title="bbox 240 2489 911 2626">
     <span class='ocr_line' id='line_1_39' title="bbox 289 2489 911 2531; baseline -0.005 -9"><span class='ocrx_word' id='word_1_267' title='bbox 289 2490 321 2522; x_wconf 81' lang='grc'>3.</span> <span class='ocrx_word' id='word_1_268' title='bbox 340 2492 382 2520; x_wconf 81' lang='lat' dir='ltr'>Et</span> <span class='ocrx_word' id='word_1_269' title='bbox 401 2489 540 2520; x_wconf 77' lang='lat' dir='ltr'>detrahit</span> <span class='ocrx_word' id='word_1_270' title='bbox 558 2498 590 2519; x_wconf 82' lang='lat' dir='ltr'>ec</span> <span class='ocrx_word' id='word_1_271' title='bbox 612 2490 727 2531; x_wconf 70' lang='lat' dir='ltr'>adsere.</span> <span class='ocrx_word' id='word_1_272' title='bbox 750 2489 848 2520; x_wconf 88' lang='lat' dir='ltr'>Rom.</span> <span class='ocrx_word' id='word_1_273' title='bbox 868 2491 911 2519; x_wconf 80' lang='lat' dir='ltr'>Et</span> 
     </span>
     <span class='ocr_line' id='line_1_40' title="bbox 241 2540 908 2584; baseline -0.001 -12"><span class='ocrx_word' id='word_1_274' title='bbox 241 2543 381 2573; x_wconf 77' lang='lat' dir='ltr'>detrahit</span> <span class='ocrx_word' id='word_1_275' title='bbox 405 2551 435 2572; x_wconf 78' lang='lat' dir='ltr'>et</span> <span class='ocrx_word' id='word_1_276' title='bbox 457 2542 570 2584; x_wconf 52' lang='lat' dir='ltr'>auser-t.</span> <span class='ocrx_word' id='word_1_277' title='bbox 594 2540 727 2573; x_wconf 75' lang='lat' dir='ltr'>Deinde</span> <span class='ocrx_word' id='word_1_278' title='bbox 747 2551 908 2583; x_wconf 75' lang='lat' dir='ltr'>postremo</span> 
     </span>
     <span class='ocr_line' id='line_1_41' title="bbox 240 2593 513 2626; baseline 0.004 -1"><span class='ocrx_word' id='word_1_279' title='bbox 240 2597 295 2625; x_wconf 63' lang='lat' dir='ltr'>‘ivel</span> <span class='ocrx_word' id='word_1_280' title='bbox 307 2607 457 2625; x_wconf 82' lang='lat' dir='ltr'>amorem.</span> <span class='ocrx_word' id='word_1_281' title='bbox 468 2593 513 2626; x_wconf 88' lang='grc' dir='ltr'>Η.</span> 
     </span>
    </p>

    <p class='ocr_par' dir='ltr' id='par_1_7' title="bbox 240 2646 906 2743">
     <span class='ocr_line' id='line_1_42' title="bbox 291 2646 906 2687; baseline -0.005 -9"><span class='ocrx_word' id='word_1_282' title='bbox 291 2652 322 2687; x_wconf 73' lang='lat' dir='ltr'>su.</span> <span class='ocrx_word' id='word_1_283' title='bbox 346 2649 493 2678; x_wconf 71' lang='lat' dir='ltr'>Plurimis</span> <span class='ocrx_word' id='word_1_284' title='bbox 511 2647 625 2677; x_wconf 71' lang='lat' dir='ltr'>verbis.</span> <span class='ocrx_word' id='word_1_285' title='bbox 643 2646 739 2676; x_wconf 77' lang='lat' dir='ltr'>Rom.</span> <span class='ocrx_word' id='word_1_286' title='bbox 762 2647 906 2676; x_wconf 66' lang='lat' dir='ltr'>Pluribus</span> 
     </span>
     <span class='ocr_line' id='line_1_43' title="bbox 240 2698 906 2743; baseline 0.002 -13"><span class='ocrx_word' id='word_1_287' title='bbox 240 2702 353 2731; x_wconf 55' lang='lat' dir='ltr'>uva-bis.</span> <span class='ocrx_word' id='word_1_288' title='bbox 373 2700 413 2732; x_wconf 62' lang='lat' dir='ltr'>Fi</span> <span class='ocrx_word' id='word_1_289' title='bbox 430 2699 509 2732; x_wconf 86' lang='lat' dir='ltr'>inde</span> <span class='ocrx_word' id='word_1_290' title='bbox 528 2711 534 2731; x_wconf 90' lang='lat'>:</span> <span class='ocrx_word' id='word_1_291' title='bbox 552 2716 566 2728; x_wconf 89' lang='lat'>«</span> <span class='ocrx_word' id='word_1_292' title='bbox 579 2698 654 2732; x_wconf 79' lang='lat' dir='ltr'>Mos</span> <span class='ocrx_word' id='word_1_293' title='bbox 673 2705 719 2731; x_wconf 74' lang='lat' dir='ltr'>est</span> <span class='ocrx_word' id='word_1_294' title='bbox 734 2698 906 2743; x_wconf 79' lang='lat' dir='ltr'>plerisque</span> 
     </span>
    </p>
   </div>
   <div class='ocr_carea' id='block_1_5' title="bbox 968 1274 1659 2739">
    <p class='ocr_par' dir='ltr' id='par_1_8' title="bbox 986 1274 1657 1373">
     <span class='ocr_line' id='line_1_44' title="bbox 989 1274 1657 1316; baseline 0.001 -9"><span class='ocrx_word' id='word_1_295' title='bbox 989 1274 1210 1316; x_wconf 76' lang='lat' dir='ltr'>Graecorum,</span> <span class='ocrx_word' id='word_1_296' title='bbox 1242 1283 1279 1308; x_wconf 90' lang='lat' dir='ltr'>ut</span> <span class='ocrx_word' id='word_1_297' title='bbox 1307 1275 1349 1309; x_wconf 86' lang='lat' dir='ltr'>sit</span> <span class='ocrx_word' id='word_1_298' title='bbox 1373 1275 1479 1309; x_wconf 79' lang='lat' dir='ltr'>illis.»</span> <span class='ocrx_word' id='word_1_299' title='bbox 1497 1296 1542 1301; x_wconf 87' lang='lat'>--</span> <span class='ocrx_word' id='word_1_300' title='bbox 1563 1280 1657 1315; x_wconf 84' lang='lat' dir='ltr'>Tum,</span> 
     </span>
     <span class='ocr_line' id='line_1_45' title="bbox 986 1327 1376 1373; baseline 0.003 -13"><span class='ocrx_word' id='word_1_301' title='bbox 986 1327 1129 1373; x_wconf 81' lang='lat' dir='ltr'>frigidas</span> <span class='ocrx_word' id='word_1_302' title='bbox 1142 1327 1313 1373; x_wconf 83' lang='lat' dir='ltr'>periodos.</span> <span class='ocrx_word' id='word_1_303' title='bbox 1331 1328 1376 1361; x_wconf 93' lang='lat' dir='ltr'>H.</span> 
     </span>
    </p>

    <p class='ocr_par' dir='ltr' id='par_1_9' title="bbox 968 1381 1659 2520">
     <span class='ocr_line' id='line_1_46' title="bbox 1031 1381 1658 1424; baseline 0.006 -13"><span class='ocrx_word' id='word_1_304' title='bbox 1031 1383 1308 1424; x_wconf 77' lang='lat' dir='ltr'>—-Escplerisque.</span> <span class='ocrx_word' id='word_1_305' title='bbox 1318 1381 1501 1414; x_wconf 86' lang='lat' dir='ltr'>Revocavit</span> <span class='ocrx_word' id='word_1_306' title='bbox 1509 1381 1600 1415; x_wconf 86' lang='lat' dir='ltr'>hanc</span> <span class='ocrx_word' id='word_1_307' title='bbox 1610 1381 1658 1415; x_wconf 89' lang='lat' dir='ltr'>le-</span> 
     </span>
     <span class='ocr_line' id='line_1_47' title="bbox 987 1433 1659 1474; baseline 0.001 -8"><span class='ocrx_word' id='word_1_308' title='bbox 987 1433 1137 1466; x_wconf 86' lang='lat' dir='ltr'>ctionem</span> <span class='ocrx_word' id='word_1_309' title='bbox 1161 1446 1178 1465; x_wconf 89' lang='lat' dir='ltr'>e</span> <span class='ocrx_word' id='word_1_310' title='bbox 1200 1433 1299 1466; x_wconf 89' lang='lat' dir='ltr'>bonis</span> <span class='ocrx_word' id='word_1_311' title='bbox 1322 1433 1418 1466; x_wconf 87' lang='lat' dir='ltr'>libris</span> <span class='ocrx_word' id='word_1_312' title='bbox 1447 1435 1582 1467; x_wconf 86' lang='lat' dir='ltr'>Cortius</span> <span class='ocrx_word' id='word_1_313' title='bbox 1597 1459 1605 1474; x_wconf 90' lang='lat'>,</span> <span class='ocrx_word' id='word_1_314' title='bbox 1627 1442 1659 1467; x_wconf 86' lang='lat' dir='ltr'>ct</span> 
     </span>
     <span class='ocr_line' id='line_1_48' title="bbox 986 1486 1657 1529; baseline 0.003 -12"><span class='ocrx_word' id='word_1_315' title='bbox 986 1498 1065 1518; x_wconf 84' lang='lat' dir='ltr'>mox</span> <span class='ocrx_word' id='word_1_316' title='bbox 1069 1487 1215 1529; x_wconf 74' lang='lat' dir='ltr'>frigidas</span> <span class='ocrx_word' id='word_1_317' title='bbox 1232 1498 1250 1518; x_wconf 90' lang='lat' dir='ltr'>e</span> <span class='ocrx_word' id='word_1_318' title='bbox 1266 1486 1435 1519; x_wconf 83' lang='lat' dir='ltr'>Mecliceo.</span> <span class='ocrx_word' id='word_1_319' title='bbox 1458 1487 1506 1519; x_wconf 89' lang='lat' dir='ltr'>De</span> <span class='ocrx_word' id='word_1_320' title='bbox 1525 1487 1591 1519; x_wconf 90' lang='lat' dir='ltr'>hoc</span> <span class='ocrx_word' id='word_1_321' title='bbox 1604 1499 1657 1519; x_wconf 89' lang='lat' dir='ltr'>res</span> 
     </span>
     <span class='ocr_line' id='line_1_49' title="bbox 985 1537 1655 1579; baseline 0.001 -8"><span class='ocrx_word' id='word_1_322' title='bbox 985 1537 1100 1579; x_wconf 84' lang='lat' dir='ltr'>clara,</span> <span class='ocrx_word' id='word_1_323' title='bbox 1129 1545 1161 1571; x_wconf 87' lang='lat' dir='ltr'>et</span> <span class='ocrx_word' id='word_1_324' title='bbox 1187 1539 1242 1571; x_wconf 81' lang='lat' dir='ltr'>vel</span> <span class='ocrx_word' id='word_1_325' title='bbox 1269 1539 1342 1572; x_wconf 87' lang='lat' dir='ltr'>sine</span> <span class='ocrx_word' id='word_1_326' title='bbox 1366 1540 1455 1572; x_wconf 85' lang='lat' dir='ltr'>libro</span> <span class='ocrx_word' id='word_1_327' title='bbox 1482 1539 1655 1572; x_wconf 86' lang='lat' dir='ltr'>audenda.</span> 
     </span>
     <span class='ocr_line' id='line_1_50' title="bbox 988 1590 1657 1637; baseline 0 -14"><span class='ocrx_word' id='word_1_328' title='bbox 988 1590 1092 1635; x_wconf 90' lang='lat' dir='ltr'>[Add.</span> <span class='ocrx_word' id='word_1_329' title='bbox 1107 1590 1251 1624; x_wconf 89' lang='lat' dir='ltr'>Gesneri</span> <span class='ocrx_word' id='word_1_330' title='bbox 1266 1590 1323 1624; x_wconf 82' lang='lat' dir='ltr'>ad.</span> <span class='ocrx_word' id='word_1_331' title='bbox 1339 1592 1370 1624; x_wconf 91' lang='lat' dir='ltr'>J.</span> <span class='ocrx_word' id='word_1_332' title='bbox 1384 1592 1425 1624; x_wconf 92' lang='lat' dir='ltr'>A.</span> <span class='ocrx_word' id='word_1_333' title='bbox 1439 1592 1573 1625; x_wconf 87' lang='lat' dir='ltr'>Ernest.</span> <span class='ocrx_word' id='word_1_334' title='bbox 1589 1591 1657 1637; x_wconf 88' lang='lat' dir='ltr'>epi-</span> 
     </span>
     <span class='ocr_line' id='line_1_51' title="bbox 985 1643 1654 1688; baseline 0.001 -13"><span class='ocrx_word' id='word_1_335' title='bbox 985 1643 1072 1676; x_wconf 85' lang='lat' dir='ltr'>stola</span> <span class='ocrx_word' id='word_1_336' title='bbox 1097 1644 1146 1688; x_wconf 91' lang='lat' dir='ltr'>S.]</span> <span class='ocrx_word' id='word_1_337' title='bbox 1177 1643 1281 1685; x_wconf 87' lang='lat' dir='ltr'>Quod</span> <span class='ocrx_word' id='word_1_338' title='bbox 1309 1644 1447 1677; x_wconf 73' lang='lat' dir='ltr'>Graecos</span> <span class='ocrx_word' id='word_1_339' title='bbox 1474 1645 1654 1685; x_wconf 82' lang='lat' dir='ltr'>nominat,</span> 
     </span>
     <span class='ocr_line' id='line_1_52' title="bbox 984 1696 1655 1742; baseline 0.001 -14"><span class='ocrx_word' id='word_1_340' title='bbox 984 1696 1038 1728; x_wconf 89' lang='lat' dir='ltr'>sui</span> <span class='ocrx_word' id='word_1_341' title='bbox 1049 1696 1145 1728; x_wconf 88' lang='lat' dir='ltr'>illum</span> <span class='ocrx_word' id='word_1_342' title='bbox 1157 1696 1321 1742; x_wconf 86' lang='lat' dir='ltr'>temporis</span> <span class='ocrx_word' id='word_1_343' title='bbox 1333 1696 1491 1729; x_wconf 88' lang='lat' dir='ltr'>homines</span> <span class='ocrx_word' id='word_1_344' title='bbox 1505 1696 1655 1730; x_wconf 76' lang='lat' dir='ltr'>Asiatico</span> 
     </span>
     <span class='ocr_line' id='line_1_53' title="bbox 984 1749 1655 1795; baseline 0.003 -15"><span class='ocrx_word' id='word_1_345' title='bbox 984 1755 1120 1782; x_wconf 87' lang='lat' dir='ltr'>tumore</span> <span class='ocrx_word' id='word_1_346' title='bbox 1128 1756 1310 1794; x_wconf 88' lang='lat' dir='ltr'>corruptos</span> <span class='ocrx_word' id='word_1_347' title='bbox 1320 1749 1511 1794; x_wconf 80' lang='lat' dir='ltr'>intelligere</span> <span class='ocrx_word' id='word_1_348' title='bbox 1521 1775 1529 1790; x_wconf 86' lang='lat'>,</span> <span class='ocrx_word' id='word_1_349' title='bbox 1541 1750 1655 1795; x_wconf 80' lang='lat' dir='ltr'>palam</span> 
     </span>
     <span class='ocr_line' id='line_1_54' title="bbox 984 1801 1653 1836; baseline 0.003 -3"><span class='ocrx_word' id='word_1_350' title='bbox 984 1808 1045 1833; x_wconf 86' lang='lat' dir='ltr'>est.</span> <span class='ocrx_word' id='word_1_351' title='bbox 1064 1801 1107 1834; x_wconf 89' lang='lat' dir='ltr'>G.</span> <span class='ocrx_word' id='word_1_352' title='bbox 1120 1802 1224 1834; x_wconf 88' lang='lat' dir='ltr'>-De</span> <span class='ocrx_word' id='word_1_353' title='bbox 1243 1801 1297 1834; x_wconf 84' lang='lat' dir='ltr'>his</span> <span class='ocrx_word' id='word_1_354' title='bbox 1317 1802 1509 1835; x_wconf 82' lang='lat' dir='ltr'>oratoribus</span> <span class='ocrx_word' id='word_1_355' title='bbox 1527 1815 1561 1836; x_wconf 88' lang='lat' dir='ltr'>v.</span> <span class='ocrx_word' id='word_1_356' title='bbox 1581 1802 1653 1836; x_wconf 91' lang='lat' dir='ltr'>Cic.</span> 
     </span>
     <span class='ocr_line' id='line_1_55' title="bbox 983 1853 1653 1900; baseline 0.003 -15"><span class='ocrx_word' id='word_1_357' title='bbox 983 1853 1081 1887; x_wconf 86' lang='lat' dir='ltr'>Brut.</span> <span class='ocrx_word' id='word_1_358' title='bbox 1091 1855 1192 1894; x_wconf 80' lang='lat' dir='ltr'>XIII,</span> <span class='ocrx_word' id='word_1_359' title='bbox 1206 1855 1346 1888; x_wconf 84' lang='lat' dir='ltr'>Sueton.</span> <span class='ocrx_word' id='word_1_360' title='bbox 1359 1857 1448 1900; x_wconf 87' lang='lat' dir='ltr'>Aug.</span> <span class='ocrx_word' id='word_1_361' title='bbox 1460 1855 1653 1896; x_wconf 87' lang='lat' dir='ltr'>LXXXVI,</span> 
     </span>
     <span class='ocr_line' id='line_1_56' title="bbox 981 1905 1655 1952; baseline 0.004 -15"><span class='ocrx_word' id='word_1_362' title='bbox 981 1905 1024 1938; x_wconf 89' lang='lat' dir='ltr'>Et</span> <span class='ocrx_word' id='word_1_363' title='bbox 1040 1907 1178 1940; x_wconf 82' lang='lat' dir='ltr'>Petron.</span> <span class='ocrx_word' id='word_1_364' title='bbox 1195 1907 1243 1939; x_wconf 91' lang='lat' dir='ltr'>II.</span> <span class='ocrx_word' id='word_1_365' title='bbox 1264 1924 1276 1936; x_wconf 74' lang='grc' dir='ltr'>α</span> <span class='ocrx_word' id='word_1_366' title='bbox 1289 1920 1418 1952; x_wconf 83' lang='lat' dir='ltr'>nuper,</span> <span class='ocrx_word' id='word_1_367' title='bbox 1438 1910 1556 1950; x_wconf 81' lang='lat' dir='ltr'>inquit,</span> <span class='ocrx_word' id='word_1_368' title='bbox 1574 1920 1655 1940; x_wconf 87' lang='lat' dir='ltr'>vcn—</span> 
     </span>
     <span class='ocr_line' id='line_1_57' title="bbox 982 1959 1653 2005; baseline 0.003 -14"><span class='ocrx_word' id='word_1_369' title='bbox 982 1967 1056 1993; x_wconf 81' lang='lat' dir='ltr'>tosa</span> <span class='ocrx_word' id='word_1_370' title='bbox 1082 1959 1199 1993; x_wconf 82' lang='lat' dir='ltr'>isthaec</span> <span class='ocrx_word' id='word_1_371' title='bbox 1224 1968 1257 1993; x_wconf 90' lang='lat' dir='ltr'>et</span> <span class='ocrx_word' id='word_1_372' title='bbox 1286 1960 1435 1993; x_wconf 87' lang='lat' dir='ltr'>enormis</span> <span class='ocrx_word' id='word_1_373' title='bbox 1463 1960 1653 2005; x_wconf 84' lang='lat' dir='ltr'>loquacitas</span> 
     </span>
     <span class='ocr_line' id='line_1_58' title="bbox 979 2011 1652 2057; baseline 0.003 -14"><span class='ocrx_word' id='word_1_374' title='bbox 979 2012 1130 2046; x_wconf 85' lang='lat' dir='ltr'>Athenas</span> <span class='ocrx_word' id='word_1_375' title='bbox 1145 2025 1185 2045; x_wconf 84' lang='lat' dir='ltr'>ex</span> <span class='ocrx_word' id='word_1_376' title='bbox 1198 2012 1277 2045; x_wconf 86' lang='lat' dir='ltr'>Asia</span> <span class='ocrx_word' id='word_1_377' title='bbox 1291 2012 1557 2057; x_wconf 73' lang='lat' dir='ltr'>commigravit.»</span> <span class='ocrx_word' id='word_1_378' title='bbox 1572 2011 1652 2045; x_wconf 79' lang='lat' dir='ltr'>Mox</span> 
     </span>
     <span class='ocr_line' id='line_1_59' title="bbox 968 2064 1652 2110; baseline 0.001 -13"><span class='ocrx_word' id='word_1_379' title='bbox 968 2066 1114 2108; x_wconf 58' lang='lat' dir='ltr'>fivgidas</span> <span class='ocrx_word' id='word_1_380' title='bbox 1133 2064 1292 2110; x_wconf 84' lang='lat' dir='ltr'>periodos</span> <span class='ocrx_word' id='word_1_381' title='bbox 1309 2064 1392 2097; x_wconf 84' lang='lat' dir='ltr'>dicit</span> <span class='ocrx_word' id='word_1_382' title='bbox 1411 2065 1530 2098; x_wconf 88' lang='lat' dir='ltr'>inanes</span> <span class='ocrx_word' id='word_1_383' title='bbox 1551 2077 1652 2098; x_wconf 88' lang='lat' dir='ltr'>sensu</span> 
     </span>
     <span class='ocr_line' id='line_1_60' title="bbox 979 2117 1651 2151; baseline -0.003 0"><span class='ocrx_word' id='word_1_384' title='bbox 979 2130 1020 2150; x_wconf 77' lang='lat' dir='ltr'>ex</span> <span class='ocrx_word' id='word_1_385' title='bbox 1040 2119 1224 2151; x_wconf 85' lang='lat' dir='ltr'>verborum</span> <span class='ocrx_word' id='word_1_386' title='bbox 1245 2117 1493 2150; x_wconf 80' lang='lat' dir='ltr'>redundantia.</span> <span class='ocrx_word' id='word_1_387' title='bbox 1517 2120 1651 2149; x_wconf 82' lang='lat' dir='ltr'>Concor-</span> 
     </span>
     <span class='ocr_line' id='line_1_61' title="bbox 979 2169 1651 2216; baseline 0 -15"><span class='ocrx_word' id='word_1_388' title='bbox 979 2181 1075 2212; x_wconf 81' lang='lat' dir='ltr'>quent</span> <span class='ocrx_word' id='word_1_389' title='bbox 1092 2178 1208 2203; x_wconf 82' lang='lat' dir='ltr'>autem</span> <span class='ocrx_word' id='word_1_390' title='bbox 1230 2169 1388 2215; x_wconf 84' lang='lat' dir='ltr'>periodos</span> <span class='ocrx_word' id='word_1_391' title='bbox 1399 2195 1408 2210; x_wconf 86' lang='lat'>‚</span> <span class='ocrx_word' id='word_1_392' title='bbox 1430 2170 1490 2216; x_wconf 89' lang='lat' dir='ltr'>qui</span> <span class='ocrx_word' id='word_1_393' title='bbox 1507 2169 1651 2215; x_wconf 82' lang='lat' dir='ltr'>rapidis-</span> 
     </span>
     <span class='ocr_line' id='line_1_62' title="bbox 978 2223 1650 2256; baseline -0.001 -1"><span class='ocrx_word' id='word_1_394' title='bbox 978 2223 1061 2256; x_wconf 89' lang='lat' dir='ltr'>sime</span> <span class='ocrx_word' id='word_1_395' title='bbox 1080 2231 1111 2256; x_wconf 86' lang='lat' dir='ltr'>et</span> <span class='ocrx_word' id='word_1_396' title='bbox 1135 2223 1315 2256; x_wconf 87' lang='lat' dir='ltr'>celerrime</span> <span class='ocrx_word' id='word_1_397' title='bbox 1342 2223 1493 2255; x_wconf 87' lang='lat' dir='ltr'>efferunt</span> <span class='ocrx_word' id='word_1_398' title='bbox 1516 2235 1601 2255; x_wconf 87' lang='lat' dir='ltr'>voce</span> <span class='ocrx_word' id='word_1_399' title='bbox 1617 2229 1650 2255; x_wconf 89' lang='lat' dir='ltr'>et</span> 
     </span>
     <span class='ocr_line' id='line_1_63' title="bbox 977 2275 1648 2321; baseline -0.001 -13"><span class='ocrx_word' id='word_1_400' title='bbox 977 2276 1112 2321; x_wconf 78' lang='lat' dir='ltr'>spiritu.</span> <span class='ocrx_word' id='word_1_401' title='bbox 1126 2276 1168 2308; x_wconf 89' lang='lat' dir='ltr'>E.</span> <span class='ocrx_word' id='word_1_402' title='bbox 1179 2295 1226 2300; x_wconf 69' lang='lat'>—</span> <span class='ocrx_word' id='word_1_403' title='bbox 1242 2278 1468 2318; x_wconf 81' lang='lat' dir='ltr'>Contorqnenc.</span> <span class='ocrx_word' id='word_1_404' title='bbox 1482 2275 1598 2308; x_wconf 85' lang='lat' dir='ltr'>Manet</span> <span class='ocrx_word' id='word_1_405' title='bbox 1613 2275 1648 2307; x_wconf 88' lang='lat' dir='ltr'>in</span> 
     </span>
     <span class='ocr_line' id='line_1_64' title="bbox 977 2327 1647 2375; baseline -0.006 -14"><span class='ocrx_word' id='word_1_406' title='bbox 977 2329 1181 2375; x_wconf 82' lang='lat' dir='ltr'>metaphora</span> <span class='ocrx_word' id='word_1_407' title='bbox 1208 2327 1251 2361; x_wconf 88' lang='lat' dir='ltr'>de</span> <span class='ocrx_word' id='word_1_408' title='bbox 1283 2331 1395 2371; x_wconf 78' lang='lat' dir='ltr'>spirim</span> <span class='ocrx_word' id='word_1_409' title='bbox 1426 2335 1459 2360; x_wconf 89' lang='lat' dir='ltr'>et</span> <span class='ocrx_word' id='word_1_410' title='bbox 1487 2337 1647 2359; x_wconf 80' lang='lat' dir='ltr'>torrente.-</span> 
     </span>
     <span class='ocr_line' id='line_1_65' title="bbox 976 2379 1647 2422; baseline -0.004 -9"><span class='ocrx_word' id='word_1_411' title='bbox 976 2381 1049 2415; x_wconf 82' lang='lat' dir='ltr'>haec</span> <span class='ocrx_word' id='word_1_412' title='bbox 1080 2381 1151 2415; x_wconf 90' lang='lat' dir='ltr'>duo</span> <span class='ocrx_word' id='word_1_413' title='bbox 1184 2381 1276 2414; x_wconf 89' lang='lat' dir='ltr'>enim</span> <span class='ocrx_word' id='word_1_414' title='bbox 1307 2389 1517 2422; x_wconf 76' lang='lat' dir='ltr'>contorquent</span> <span class='ocrx_word' id='word_1_415' title='bbox 1547 2379 1647 2411; x_wconf 79' lang='lat' dir='ltr'>obvia</span> 
     </span>
     <span class='ocr_line' id='line_1_66' title="bbox 976 2430 1645 2480; baseline -0.009 -13"><span class='ocrx_word' id='word_1_416' title='bbox 976 2447 1121 2480; x_wconf 85' lang='lat' dir='ltr'>quaeque</span> <span class='ocrx_word' id='word_1_417' title='bbox 1134 2445 1142 2474; x_wconf 90' lang='lat'>;</span> <span class='ocrx_word' id='word_1_418' title='bbox 1159 2434 1299 2467; x_wconf 83' lang='lat' dir='ltr'>arbores</span> <span class='ocrx_word' id='word_1_419' title='bbox 1312 2433 1404 2467; x_wconf 74' lang='lat' dir='ltr'>venti</span> <span class='ocrx_word' id='word_1_420' title='bbox 1415 2457 1424 2473; x_wconf 89' lang='lat'>,</span> <span class='ocrx_word' id='word_1_421' title='bbox 1438 2443 1518 2466; x_wconf 84' lang='lat' dir='ltr'>saxa</span> <span class='ocrx_word' id='word_1_422' title='bbox 1531 2430 1623 2463; x_wconf 75' lang='lat' dir='ltr'>fluvii</span> <span class='ocrx_word' id='word_1_423' title='bbox 1636 2455 1645 2470; x_wconf 88' lang='lat'><strong>‚</strong></span> 
     </span>
     <span class='ocr_line' id='line_1_67' title="bbox 975 2487 1102 2520; baseline 0 -1"><span class='ocrx_word' id='word_1_424' title='bbox 975 2494 1040 2520; x_wconf 89' lang='lat' dir='ltr'>etc.</span> <span class='ocrx_word' id='word_1_425' title='bbox 1058 2487 1102 2519; x_wconf 87' lang='lat' dir='ltr'>G.</span> 
     </span>
    </p>

    <p class='ocr_par' dir='ltr' id='par_1_10' title="bbox 974 2534 1644 2739">
     <span class='ocr_line' id='line_1_68' title="bbox 1024 2534 1643 2572; baseline -0.008 0"><span class='ocrx_word' id='word_1_426' title='bbox 1024 2540 1055 2572; x_wconf 85' lang='lat'>5.</span> <span class='ocrx_word' id='word_1_427' title='bbox 1089 2541 1192 2571; x_wconf 81' lang='lat' dir='ltr'>Julius</span> <span class='ocrx_word' id='word_1_428' title='bbox 1222 2540 1378 2570; x_wconf 76' lang='lat' dir='ltr'>candidus</span> <span class='ocrx_word' id='word_1_429' title='bbox 1410 2536 1534 2568; x_wconf 84' lang='lat' dir='ltr'>iterum</span> <span class='ocrx_word' id='word_1_430' title='bbox 1564 2534 1643 2567; x_wconf 86' lang='lat' dir='ltr'>Cos.</span> 
     </span>
     <span class='ocr_line' id='line_1_69' title="bbox 974 2589 1644 2637; baseline -0.01 -13"><span class='ocrx_word' id='word_1_431' title='bbox 974 2591 1211 2637; x_wconf 80' lang='lat' dir='ltr'>annoTrajani</span> <span class='ocrx_word' id='word_1_432' title='bbox 1221 2598 1352 2623; x_wconf 83' lang='lat' dir='ltr'>octavo.</span> <span class='ocrx_word' id='word_1_433' title='bbox 1362 2589 1644 2630; x_wconf 63' lang='lat' dir='ltr'>Eu-Loquemia</span> 
     </span>
     <span class='ocr_line' id='line_1_70' title="bbox 974 2639 1641 2684; baseline -0.007 -9"><span class='ocrx_word' id='word_1_434' title='bbox 974 2657 1044 2677; x_wconf 85' lang='lat' dir='ltr'>non</span> <span class='ocrx_word' id='word_1_435' title='bbox 1071 2652 1143 2677; x_wconf 85' lang='lat' dir='ltr'>erat</span> <span class='ocrx_word' id='word_1_436' title='bbox 1173 2656 1248 2676; x_wconf 85' lang='lat' dir='ltr'>voc.</span> <span class='ocrx_word' id='word_1_437' title='bbox 1279 2655 1343 2675; x_wconf 87' lang='lat' dir='ltr'>usu</span> <span class='ocrx_word' id='word_1_438' title='bbox 1369 2647 1563 2684; x_wconf 82' lang='lat' dir='ltr'>receptum,</span> <span class='ocrx_word' id='word_1_439' title='bbox 1584 2639 1641 2671; x_wconf 81' lang='lat' dir='ltr'>scd</span> 
     </span>
     <span class='ocr_line' id='line_1_71' title="bbox 974 2691 1641 2739; baseline -0.012 -8"><span class='ocrx_word' id='word_1_440' title='bbox 974 2698 1007 2731; x_wconf 84' lang='lat' dir='ltr'>id</span> <span class='ocrx_word' id='word_1_441' title='bbox 1023 2725 1031 2739; x_wconf 83' lang='grc'>,</span> <span class='ocrx_word' id='word_1_442' title='bbox 1066 2705 1101 2730; x_wconf 85' lang='lat' dir='ltr'>ut</span> <span class='ocrx_word' id='word_1_443' title='bbox 1136 2697 1293 2731; x_wconf 78' lang='lat' dir='ltr'>observat</span> <span class='ocrx_word' id='word_1_444' title='bbox 1320 2693 1479 2727; x_wconf 80' lang='lat' dir='ltr'>Valerius</span> <span class='ocrx_word' id='word_1_445' title='bbox 1512 2691 1641 2724; x_wconf 85' lang='lat' dir='ltr'>Probus</span> 
     </span>
    </p>
   </div>
  </div>
 </body>
</html>
