1742 2989
177 165 264 192 2212

1459 126 1477 142 a)

579 150 626 190 C.
663 147 888 191 PLINII
922 148 1047 191 LIB.
1084 146 1170 189 lv.

173 239 332 290 praeter
355 238 519 273 tectum
540 238 583 272 et
602 229 804 282 hortum,
822 229 1054 288 statimque
1073 241 1226 271 arenas
1246 241 1256 269 ε
1277 224 1416 268 solum
1436 234 1582 269 tamen

173 304 281 347 mihi
312 304 357 346 in
390 302 548 346 reditu.
582 301 649 346 Ibi
687 302 803 345 enim
836 300 1075 361 plurimum
1113 299 1287 344 scribo:
1317 315 1398 341 nec
1429 315 1583 359 agrum

173 375 337 437 (quem
366 392 454 419 non
481 375 650 436 habeo)
681 374 754 418 sed
784 374 928 434 ipsum
952 390 1021 417 me
1044 372 1198 417 studiis
1222 370 1398 426 exc0103
1421 387 1470 414 ac
1490 372 1582 432 jam

172 467 349 511 possum
391 449 495 505 tibi,
527 459 575 492 ut
610 448 704 492 aliis
737 449 780 491 in
822 447 927 491 locis
958 447 1163 491 horreum
1199 445 1402 506 plenum,
1427 444 1487 488 sic
1524 444 1583 486 ibi

127 525 146 558 3
173 524 386 567 scrinium
415 521 658 566 ostendere.
695 522 836 582 Igitur
870 530 918 563 tu
944 536 1143 581 quoque,
1177 520 1212 562 si
1241 528 1359 562 certa
1393 527 1436 560 et
1464 516 1581 560 fruc-

173 606 297 640 tuosa
341 595 504 657 praedia
540 595 846 655 concupiscis,
884 593 1050 655 aliquid
1090 595 1134 637 in
1173 594 1257 637 hoc
1296 592 1422 636 litore
1465 607 1583 652 para.

172 668 297 714 Vale.

174 799 265 832 enim
290 798 362 830 fere
387 797 571 842 conjuncta
593 803 687 829 sunt.
709 795 782 829 Cic.
811 795 847 827 in

173 852 275 884 Verr.
292 850 343 883 III
358 877 366 891 ‚
383 852 425 893 98
444 862 451 882 :
477 850 647 882 «Annona
671 848 819 894 pretium
836 872 845 888 ‚

172 904 238 937 nisi
263 904 298 936 in
326 901 521 936 calamitate
552 902 731 935 fructuum
746 926 755 941 ‚
775 913 846 934 non

173 957 290 990 habet.
319 955 353 988 Si
372 963 488 989 autem
517 955 655 988 ubertas
677 954 712 986 in
735 953 845 998 perci-

173 1008 308 1055 piendis
328 1008 497 1041 fructibus
516 1008 582 1040 fuit
595 1032 603 1047 ,
622 1006 846 1051 consequitur

172 1062 285 1094 vilitas
295 1061 330 1093 in
338 1060 524 1094 vendendo
536 1085 545 1100 ,
558 1067 622 1092 etc.
630 1076 642 1089 »ι
652 1059 844 1091 G.-Rom.

174 1118 302 1146 Summa
319 1115 538 1152 abundantia,
560 1115 618 1145 sed
628 1125 748 1155 parum
765 1112 848 1142 utili-

174 1170 259 1200 tatis.
292 1167 380 1199 Hinc
415 1174 576 1211 apparet,
609 1164 701 1210 apud
733 1164 844 1197 Cicer.

174 1220 233 1252 lib.
250 1220 322 1259 ΙΙΙ,
344 1218 437 1252 offic.
460 1231 536 1263 cap.
557 1218 647 1257 XII,
673 1229 712 1249 10
726 1241 734 1256 ,
755 1224 846 1248 recte

174 1271 396 1305 emendatum
419 1283 492 1303 esse
517 1272 615 1302 tritici
636 1271 765 1306 vilitas,
786 1267 848 1300 etsi

174 1324 222 1356 ibi
237 1324 272 1357 in
296 1324 457 1357 omnibus
481 1336 586 1368 prope
607 1322 701 1354 libris
719 1328 768 1354 est
786 1323 845 1352 uti-

176 1378 261 1408 litas.
277 1376 321 1409 H.
333 1397 379 1401 -
391 1375 552 1409 Similiter
565 1377 691 1417 copiam
706 1386 785 1407 cum
799 1375 848 1405 vi-

178 1429 267 1460 litate
283 1428 461 1475 conjungit
474 1427 591 1461 Livius
606 1427 695 1458 XLV
707 1451 715 1466 ‚
732 1425 788 1464 33,
806 1426 844 1458 3:

177 1493 216 1512 ea
240 1483 335 1523 copia
357 1493 480 1518 rerum,
506 1493 545 1512 ea
564 1482 674 1511 vilitas
696 1491 843 1510 ιιηηοηω.

913 794 982 826 Ubi
996 794 1076 827 item
1092 793 1136 826 al.
1150 794 1285 825 utilitas.
1302 793 1356 827 Sic
1371 794 1447 825 vilis
1458 798 1489 824 et
1500 793 1585 824 utilis

914 845 1193 879 confunduntur.
1218 844 1300 878 Vid.
1335 844 1510 878 Drakenb.
1541 842 1585 876 ad

915 899 1054 933 Livium
1062 898 1208 938 XXXV,
1225 903 1279 939 14,
1295 898 1526 938 4.Bur1nann.
1540 895 1584 929 ad

912 951 1033 984 Vellei.
1051 964 1085 996 p.
1102 963 1169 994 910
1184 975 1192 989 ‚
1213 949 1269 983 ed.
1290 950 1428 982 Ruhnk.
1441 951 1476 984 S.

961 1017 991 1036 2.
1024 1005 1202 1045 Statimque
1235 1015 1365 1035 arenas.
1399 1002 1460 1034 Est
1495 1000 1585 1033 enim

911 1055 1085 1088 maritima
1104 1055 1187 1087 villa
1205 1054 1271 1100 ipsi
1286 1054 1392 1087 littori
1411 1053 1582 1099 imposita.

913 1107 995 1140 Vid.
1017 1109 1071 1147 ΙΙ,
1090 1120 1143 1151 17.
1165 1107 1209 1139 G.

961 1161 991 1194 3.
1003 1162 1108 1192 Certa.
1118 1160 1236 1200 Quum
1253 1158 1337 1192 alias
1341 1161 1429 1204 fides
1439 1156 1586 1204 praedio-

912 1225 989 1245 rum
1020 1211 1181 1245 laudetur
1195 1237 1203 1252 ‚
1229 1213 1283 1245 vel
1311 1219 1493 1245 accusetur
1513 1212 1586 1254 fal-

913 1268 998 1297 [acia
1021 1279 1031 1297 .·
1049 1264 1106 1298 hic
1127 1264 1259 1299 Plinius
1278 1263 1436 1298 alludens
1461 1276 1501 1296 eo
1524 1275 1586 1295 no-

912 1318 1004 1350 mine
1017 1327 1105 1349 certa
1115 1325 1215 1350 vocat
1227 1343 1235 1358 ,
1248 1317 1344 1362 quod
1354 1316 1482 1362 ingenii
1497 1316 1586 1348 fetus

913 1369 1177 1402 subministrant
1190 1394 1198 1408 ,
1219 1370 1322 1402 nullis
1341 1375 1583 1413 tempestatum

911 1423 1047 1455 casibus
1056 1422 1452 1466 expositos.G.—Litore.
1463 1421 1587 1454 Jocose

911 1475 1011 1521 quasi
1021 1474 1100 1507 litus
1111 1486 1231 1507 caussa
1243 1482 1328 1508 esset
1338 1474 1429 1507 illius
1440 1472 1583 1506 reditus.

179 1608 716 1621 »nsumsmwvmwms‘txzxz
722 1606 1020 1618 mmnxuszsmwzm
1026 1606 1061 1616 ιη
1069 1602 1570 1615 ιιιιᾎὶινιωωωωινν

809 1730 951 1786 VII.

248 1883 382 1933 Reguli
404 1882 596 1932 ingenium
619 1890 655 1918 et
675 1879 900 1917 industriam
921 1879 959 1916 in
979 1878 1170 1916 laudando
1191 1886 1228 1914 ct
1246 1876 1419 1914 ornando
1438 1875 1516 1913 filio

789 1943 980 1981 describit.

485 2078 525 2106 c.
563 2076 791 2105 PLINIUS
828 2057 1079 2103 LEPIDO*
1113 2073 1215 2102 suo
1246 2072 1278 2101 s.

243 2195 370 2238 SAEPE
392 2191 472 2235 tibi
500 2190 623 2246 dico,
653 2192 791 2233 inesse
817 2190 905 2232 vim
932 2185 1115 2248 Regulo.
1142 2187 1307 2229 Mirum
1334 2194 1424 2238 est,
1453 2200 1585 2244 quam

179 2266 364 2321 efficiat,
383 2266 428 2307 in
449 2263 568 2324 quod
592 2262 808 2306 incubuit.
833 2261 1003 2304 Placuit
1021 2261 1060 2303 ei
1081 2259 1229 2319 lugere
1252 2257 1390 2302 filium
1411 2274 1420 2300 ε
1444 2257 1585 2317 luget,

226 2393 307 2425 VII.
328 2393 343 2408 *
368 2391 455 2433 Quis
481 2390 583 2423 fuerit
602 2388 751 2434 Lepidus
779 2401 851 2421 non

180 2452 328 2496 sanstat.
354 2444 486 2476 Plinius
509 2441 758 2476 cousuetudine
778 2444 850 2488 ejus

171 2495 318 2530 =assidua
333 2508 415 2529 usus
435 2508 506 2528 esse
524 2494 660 2528 videtur
678 2505 685 2526 ς
702 2495 850 2527 Comen-

181 2562 253 2583 sem
271 2550 374 2582 fuisse
391 2554 544 2593 apparet.
561 2547 625 2579 ΕΙ).

233 2615 262 2634 I.
282 2604 362 2634 Vim.
378 2613 480 2646 quam
499 2612 575 2632 mox
594 2600 666 2643 ipse
682 2598 825 2643 explicat
838 2622 847 2637 ,

179 2654 405 2687 intentionem
418 2678 426 2692 ‚
448 2650 615 2697 quicquid
640 2650 739 2689 velis,
759 2650 848 2682 obti-

915 2386 1021 2420 nendi
1036 2412 1044 2427 ,
1061 2398 1137 2426 quae
1155 2394 1269 2419 tamen
1285 2386 1319 2418 in
1336 2384 1467 2429 Regulo
1482 2382 1587 2415 auda„

916 2440 974 2472 ciae
994 2447 1026 2472 et
1045 2439 1241 2472 obstinaciae
1265 2435 1516 2482 [obstinationis
1533 2436 1582 2480 §.1

916 2491 1114 2537 adjunctam
1129 2491 1304 2523 notionem
1321 2488 1474 2520 liaberet.
1494 2487 1535 2519 E.

962 2564 1007 2568 -
1018 2546 1152 2574 Mirum.
1169 2567 1176 2574 .
1192 2567 1198 2573 .
1209 2542 1357 2573 incubuit.
1373 2540 1426 2573 Sic
1444 2546 1476 2572 et
1486 2541 1585 2571 Rom.

914 2597 1034 2628 Postea
1051 2607 1058 2627 ε
1077 2597 1203 2627 Placuit
1225 2602 1349 2624 statuas
1371 2594 1437 2635 (jus
1458 2601 1488 2623 et
1508 2593 1587 2622 ima-

911 2651 1001 2691 gines
1015 2660 1112 2691 quam
1120 2648 1279 2690 plurimas
1283 2646 1410 2689 facere.
1431 2643 1484 2678 Sic
1500 2642 1585 2687 opti⁴
