1742 2989
199 1971 216 1990 ¹0

235 198 325 244 316
656 198 708 240 C.
748 197 968 242 PLINII
1002 199 1126 241 LIB.
1169 200 1218 241 V.

233 282 277 324 in
306 280 510 324 domibus
537 280 625 323 suis
653 278 910 340 pulchrum,
935 280 1017 323 nisi
1049 280 1260 340 imagines
1285 279 1475 323 habeant
1505 296 1515 324 :
1543 296 1638 340 quae

232 371 350 398 nunc
376 353 481 397 mihi
507 354 586 397 hos
607 352 901 403 adolescentes
926 354 1055 397 tacite
1082 353 1282 408 laudare,
1305 352 1552 406 adhortari,
1574 361 1639 406 et,

232 426 351 486 quod
380 426 611 470 amborum
635 425 783 487 gloriae
815 426 916 469 satis
942 442 1151 487 magnum
1184 436 1272 482 est,
1301 442 1538 487 agnoscere
1572 427 1639 468 vi-

231 498 407 542 dentur.
430 497 553 542 Vale.

233 623 346 657 vendi.
374 624 409 658 S.
426 644 472 649 —
494 627 572 666 Quae
596 637 679 656 nunc
706 626 803 662 nu'ln',
837 631 899 657 etc.

233 679 315 709 Rom
323 703 330 709 .
344 680 422 718 Quae
431 690 516 708 nunc
525 679 582 709 lzos
592 679 670 709 milu'
679 679 899 709 adolescentes.

233 729 277 762 H.
290 751 335 754 —
347 730 462 763 Placet
486 729 542 762 hic
563 729 662 762 ordo.
689 730 722 763 S.
734 750 780 755 —
793 734 901 773 Agno-

232 795 327 815 scere.
341 783 583 828 prosopopoeia
598 782 718 815 utitur.
734 783 903 828 Imagines

236 836 407 881 majorum
435 847 578 868 suorum
609 842 803 880 agnoscunt
827 834 903 868 Cal-

234 887 397 932 purnium
409 912 418 927 ‚
433 896 465 920 et
478 886 599 920 dicunt
610 888 639 920 ei
651 913 660 929 ‚
675 887 771 934 quod
782 888 905 922 Teren-

233 940 347 973 tianus
360 941 487 974 Demea
497 939 562 974 Ad.
576 941 642 981 IV,
656 954 688 983 2,
703 940 757 974 25.
772 944 903 980 ζαμία,-

234 1006 252 1024 ο
273 994 418 1036 Ctesipho
429 1019 438 1032 ,
457 995 615 1036 patrissas
626 1007 637 1026 .·
654 995 710 1026 abi
722 1018 731 1034 ‚
749 996 855 1026 virum
875 1003 904 1026 te

963 626 1090 668 judico.
1102 624 1177 657 Hoc
1189 633 1238 658 est
1248 649 1257 665 ,
1268 630 1461 669 agnoscunt
1469 623 1640 662 homines,

966 677 1026 722 qui
1040 685 1203 723 utrosque
1216 685 1345 710 norunt
1358 701 1366 716 ‚
1381 675 1640 709 similitudinem

967 729 1158 774 quamdam
1176 729 1263 763 inter
1276 738 1405 762 veteres
1417 729 1622 774 Calpurnios
1632 753 1641 769 ,

969 790 1002 816 et
1024 782 1118 816 hunc
1138 782 1314 828 juvenem.
1337 782 1427 815 Huic
1456 782 1643 828 gloriosum

969 843 1018 869 est
1033 835 1222 882 majoribus
1237 847 1309 868 esse
1324 834 1469 868 similem
1486 846 1493 867 z
1510 833 1574 866 illis
1589 833 1645 866 de-

970 900 1091 922 corum
1106 913 1114 927 ‚
1134 887 1218 921 tales
1239 886 1421 933 praedicari
1434 913 1442 928 ‚
1463 886 1577 931 qualis
1594 893 1644 918 est

968 941 1026 974 hic
1045 953 1165 973 eorum
1185 940 1353 985 sanguiue
1373 946 1469 971 ortus
1486 963 1494 978 ‚
1511 946 1577 971 cte.
1599 937 1642 970 G.

968 994 1122 1026 —Rom.
1146 995 1340 1037 Cognoscere
1358 993 1522 1023 videntur.
1542 990 1588 1022 H.

234 1121 597 1133 ιἏΜιἋινἏ-ΜΜ
601 1121 959 1133 ΜΜΜΜΜΜ
963 1118 1508 1132 mmxummmmmm
1513 1116 1628 1127 unm

808 1247 1056 1305 XVIII.

570 1404 744 1439 SCCCSSUS
765 1399 1017 1438 alnoenltateln
1036 1399 1070 1436 Oi
1090 1400 1314 1450 gl'atlllsstul'.

540 1540 579 1568 c.
619 1539 850 1568 PLiNius
885 1538 1083 1568 MAcno
1112 1522 1131 1541 *
1167 1538 1272 1566 suo
1308 1537 1342 1564 s.

304 1663 426 1705 BENE
446 1670 510 1703 est
527 1660 656 1713 mihi,
670 1660 772 1719 quia
791 1659 869 1702 tibi
887 1659 998 1702 bene
1015 1667 1095 1702 est.
1116 1657 1260 1701 Habes
1279 1670 1463 1699 uxorein
1484 1663 1648 1708 tecum,

242 1733 375 1777 habes
396 1732 549 1777 filium.
566 1733 741 1776 Frueris
760 1733 869 1776 mari
882 1767 893 1786 ,
913 1732 1130 1787 fontibus,
1150 1729 1362 1774 viridibus
1375 1764 1386 1785 ‚
1408 1744 1535 1789 agro,
1550 1726 1650 1771 villa

241 1808 548 1851 amoenissima.
576 1808 732 1867 Neque
768 1806 883 1850 enim
914 1805 1068 1849 dubito
1100 1821 1190 1848 esse
1218 1802 1578 1855 amoenissimam,
1604 1802 1648 1844 in

241 1896 327 1941 qua
354 1896 398 1924 se
423 1889 731 1940 composuerat
755 1879 888 1922 homo
911 1878 1100 1932 felicior,
1117 1887 1352 1937 antequam
1376 1874 1651 1919 felicissimus

243 1955 379 1998 ficret.
407 1955 503 2015 Ego
534 1954 578 1996 in
604 1954 756 1997 Tuscis
786 1962 827 1995 et
857 1968 994 1995 venor
1027 1961 1070 1995 et
1104 1950 1280 2004 studeo,
1306 1965 1401 2009 quae
1430 1945 1651 1990 interdum

290 2082 423 2115 XVIII.
436 2080 449 2096 '³
465 2080 515 2113 De
538 2084 653 2113 Macro
674 2078 745 2113 vid.
773 2078 818 2112 ad
836 2079 889 2111 III
903 2102 911 2118 ,

244 2147 299 2180 ep.
321 2134 354 2168 5.
368 2135 433 2166 En.

295 2199 308 2219 1
318 2213 325 2219 .
337 2188 502 2225 Fontibus,
513 2186 689 2223 viridibus,
712 2197 802 2227 agro.
814 2183 913 2216 Rom.

245 2241 396 2272 Fontibus
408 2264 415 2276 ,
437 2240 577 2276 ruribus,
599 2250 691 2280 agro.
708 2236 752 2268 H.

292 2296 387 2323 ——In
410 2304 476 2334 qua
498 2304 530 2322 se
549 2298 777 2333 composuerat.
795 2287 849 2320 Ad
866 2287 916 2319 vi-

245 2353 315 2378 tam
330 2343 499 2389 privatam
511 2369 519 2384 ‚
537 2350 575 2375 ut
595 2355 658 2375 suo
676 2341 844 2374 arbitratu
863 2339 915 2372 vi-

246 2405 341 2431 veret
354 2422 363 2437 ‚
377 2395 527 2429 redierat
539 2407 546 2428 :
564 2403 601 2427 ut
620 2406 806 2437 cormponere
822 2405 854 2424 se
865 2391 917 2424 di·

247 2458 372 2483 cuntur
386 2476 394 2491 ‚
409 2448 469 2494 qui
483 2448 517 2480 in
530 2448 618 2480 lecto
633 2446 676 2479 ad
691 2458 844 2478 inensam
864 2444 918 2477 vel

248 2503 334 2536 alias
353 2501 575 2535 accumbunt.
594 2500 763 2532 Caeterum
780 2498 837 2530 ille
841 2498 917 2541 seli-

248 2559 316 2588 (tior
328 2557 422 2586 homo
437 2579 445 2594 ‚
461 2563 634 2596 antequam
642 2553 846 2595 felicissimus
850 2552 917 2595 fie-

249 2618 314 2646 ret,
345 2607 456 2640 Nerva
481 2604 615 2639 videtur
640 2604 809 2637 Catanaeo.
828 2601 917 2634 Mihi

250 2659 359 2704 magis
371 2659 483 2704 placet
495 2684 504 2698 ‚
523 2656 617 2704 quod
632 2656 734 2688 etiam
747 2654 865 2688 Cortio
883 2653 916 2685 in

252 2719 399 2745 mentem
418 2711 511 2744 venit
528 2735 537 2750 ‚
558 2710 671 2756 ipsum
686 2708 817 2741 Sullam
835 2710 917 2738 Fau—

979 2088 1061 2110 stum
1071 2103 1081 2117 ,
1102 2077 1199 2110 illum
1212 2103 1221 2118 ‚
1238 2078 1371 2108 Felicem
1385 2101 1393 2113 ,
1415 2072 1630 2120 ἐπαῳρόδιτον
1645 2100 1653 2114 ,

979 2130 1181 2175 intelligere,
1192 2129 1333 2174 ejusque
1344 2127 1461 2159 villani
1474 2124 1652 2159 Puteolan.

981 2183 1024 2216 de
1037 2182 1236 2229 quaVictor
1249 2181 1292 2214 de
1301 2180 1380 2213 Vir.
1396 2180 1451 2212 Ill.
1468 2192 1498 2212 c.
1511 2178 1652 2211 LXXV.

981 2235 1082 2269 Brevi
1096 2234 1261 2267 nimirum
1281 2230 1448 2266 sententia
1461 2228 1657 2275 complecti-

982 2296 1038 2321 tur
1054 2295 1183 2327 noster,
1199 2286 1293 2332 quod
1308 2285 1409 2318 latius
1425 2285 1469 2318 ab
1484 2281 1656 2317 avunculo

982 2339 1088 2386 ipsius
1099 2339 1370 2384 disputaturVII
1381 2363 1389 2378 ,
1404 2338 1461 2377 43,
1473 2348 1531 2369 seu
1544 2338 1600 2375 44.
1610 2332 1638 2365 G
1647 2359 1654 2365 .

1032 2406 1062 2425 2.
1076 2396 1119 2424 Et
1130 2405 1243 2424 venor.
1256 2390 1339 2424 Vid.
1354 2391 1371 2422 I
1382 2415 1391 2429 ‚
1409 2391 1429 2422 (5
1441 2414 1450 2429 ,
1465 2388 1541 2421 init.
1557 2385 1600 2418 G.
1611 2405 1655 2409 —

986 2449 1065 2488 Quce
1077 2447 1255 2482 interdum,
1274 2451 1338 2476 ete.
1354 2444 1452 2475 Rom.
1472 2443 1549 2481 Qua:
1563 2439 1658 2469 incer-

983 2500 1057 2529 dam
1083 2499 1179 2529 simul
1195 2498 1303 2540 ficcio.
1323 2496 1456 2527 Desunt
1475 2491 1609 2523 alternis
1628 2498 1659 2520 ec

983 2551 1154 2582 interdum.
1176 2549 1220 2582 H.
1236 2568 1281 2573 —-
1296 2549 1380 2591 Leg.
1404 2548 1482 2587 Quoe
1501 2543 1659 2574 interdum

984 2603 1115 2633 alternis
1126 2626 1134 2642 ‚
1146 2603 1303 2634 interdum
1312 2597 1499 2641 sirnulfizcio
1509 2621 1518 2633 ,
1532 2594 1658 2639 copula

983 2652 1095 2687 deleta
1108 2678 1117 2694 ,
1136 2665 1242 2699 quam
1267 2664 1336 2686 non
1363 2654 1554 2695 agnoscunt
1575 2646 1652 2679 libri

984 2705 1153 2739 Cortiani.
1169 2706 1202 2739 S.
