1742 2989
557 205 903 247 EPISTOLA
937 205 1044 246 ΧΧ.

274 292 354 334 Καὶ
384 294 480 335 ἔπεα
509 286 736 352 νιφάδεσσιν
767 294 926 335 ἐοικότα
954 288 1237 351 χειμερίοισιν;

103 389 191 416 non
219 373 320 432 quia
348 389 438 416 non
468 382 510 416 et
538 371 608 415 ille
633 372 741 415 mihi
762 372 1024 415 validissime
1047 368 1190 430 placet
1207 403 1218 422 ,

276 465 419 525 Παῦρα
446 465 536 523 μὲν,
562 462 665 506 ἀλλὰ
691 465 802 523 μάλα
826 465 997 524 λιγέως;

103 551 135 593 si
162 560 307 593 tamen
336 551 463 594 detur
491 550 669 605 electio,
698 549 815 593 illam
846 549 1090 593 orationem
1119 544 1303 590 similem
1333 543 1508 586 nivibus

101 623 322 679 hibernis,
352 623 395 666 id
422 634 486 668 est
504 659 515 679 ,
544 624 742 667 crebram
759 659 770 679 ,
801 623 1019 666 assiduam
1046 630 1089 663 et
1115 618 1307 678 largam,
1336 625 1508 677 postre-

100 713 172 739 mo
198 696 388 740 divinam
414 707 458 742 et
484 698 715 754 caelestem,
731 697 842 741 volo.
866 699 923 741 At
948 706 1012 739 est
1035 694 1199 756 gratior
1221 690 1369 734 multis
1395 690 1508 733 actio

100 769 254 814 brevis.
281 774 385 826 Est3
412 772 486 816 sed
511 773 747 825 inertibus,
773 787 961 831 quorum
986 768 1159 813 delicias
1184 764 1508 823 desidiamque,

99 845 222 902 quasi
247 845 488 904 judicium,
522 846 735 907 respicere
767 843 999 888 ridiculum
1031 852 1107 886 est.
1139 842 1251 884 Nam
1288 838 1322 881 si
1352 839 1432 880 hos
1463 838 1508 878 in

99 916 280 961 consilio
317 919 501 973 habeas,
538 936 628 963 non
664 918 803 963 solum
845 919 977 961 satius
1015 926 1079 960 est
1111 914 1302 958 breviter
1339 911 1508 964 dicere,

100 989 174 1032 sed
205 992 384 1035 omnino
414 1009 503 1035 non
535 992 692 1035 dicere.
731 995 834 1035 Haec
863 1001 926 1034 est
959 990 1103 1034 adhuc
1139 987 1353 1031 sententia
1385 1000 1508 1037 mea,

98 1078 230 1120 quam
256 1065 463 1120 mutabo„
493 1066 526 1108 si
553 1065 806 1108 dissenseris
836 1074 911 1119 tu,
942 1063 1015 1106 sed
1045 1061 1200 1122 plane,
1232 1076 1311 1103 cur
1337 1058 1504 1101 dissen-

100 1134 180 1177 tias
207 1136 393 1196 explices
419 1154 541 1197 rogo.
573 1138 786 1194 Quamvis
817 1137 934 1179 enim
964 1135 1118 1178 cedere
1146 1131 1397 1176 auctoritati
1424 1140 1507 1172 tuae

98 1206 280 1251 debeam
294 1243 305 1264 ,
330 1211 491 1254 rectius
512 1219 659 1253 tamen
678 1210 869 1253 arbitror
890 1209 933 1252 in
953 1218 1075 1252 tanta
1095 1223 1161 1259 re,
1185 1207 1354 1249 ratione
1374 1219 1506 1264 quam

98 1282 359 1325 auctoritate
379 1283 590 1342 superari.
612 1282 828 1337 Proinde,
852 1283 885 1325 si
908 1298 995 1324 non
1016 1296 1162 1324 errare
1182 1278 1354 1330 videor,
1378 1276 1421 1319 id
1442 1276 1505 1336 ip-

99 1368 220 1407 sum,
248 1371 379 1414 quam
405 1355 521 1398 voles
546 1356 666 1398 brevi
694 1355 876 1415 epistola
893 1391 904 1408 ,
933 1355 1007 1398 sed
1034 1363 1178 1397 tamen
1205 1351 1370 1404 scribe,
1399 1366 1507 1392 con-

99 1425 339 1471 firmaveris
357 1430 473 1471 enim
486 1429 701 1489 judicium
718 1446 864 1472 meum
885 1446 893 1472 ε
915 1429 947 1473 si
967 1443 1192 1477 erravere,
1211 1423 1507 1484 longissimam

98 1515 218 1558 para.
240 1503 359 1546 Num
380 1503 557 1563 corrupi
579 1512 620 1546 te
635 1539 646 1558 ,
669 1503 744 1563 qui
768 1503 874 1557 tibi,
899 1503 932 1545 si
957 1501 1064 1544 mihi
1088 1498 1318 1543 accederes
1333 1532 1343 1551 ,
1363 1495 1506 1539 brevis

142 1635 188 1639 —-
206 1617 273 1651 Καὶ
292 1619 374 1651 ἔπεα
387 1641 397 1656 ‚
419 1633 448 1652 κ..
467 1633 497 1651 τ.
516 1624 544 1651 λ.
560 1620 658 1651 Rom.
680 1619 769 1664 νιφά-

96 1665 208 1702 δεσσιν
226 1671 351 1704 ἐοικότα
364 1674 557 1717 χειμέρησιν·
572 1671 688 1706 Scribe
706 1686 769 1715 χει-

98 1723 259 1767 μερίῃσιν,
276 1729 312 1754 ut
324 1721 417 1766 apud
426 1722 617 1755 Homerum
628 1722 767 1767 legitur,

99 1786 167 1806 non
186 1776 400 1820 χειμερίοιο-ιν.
421 1775 466 1807 H.

144 1846 189 1850 ——
207 1826 260 1858 Ibi
278 1834 309 1859 et
326 1826 472 1859 alterum
491 1828 525 1859 in
544 1826 641 1860 libris
656 1840 770 1872 reper-

97 1885 194 1911 tum:
222 1879 280 1911 sed
310 1882 510 1926 χειμερίοισιν
539 1881 582 1913 ab
609 1882 764 1913 Ionismo

97 1931 214 1964 Iliadis
229 1931 403 1964 abhorret.
422 1933 455 1965 S.

143 2004 188 2008 ——
203 1987 325 2017 Placet.
343 1985 454 2017 Immo
463 1988 614 2028 placeat,
635 1992 672 2017 ut
686 1984 768 2017 Cor-

97 2036 189 2069 tiana
206 2045 238 2069 et
256 2037 468 2082 Gierigiana.
491 2039 526 2071 S.

143 2110 188 2114 ——
206 2092 375 2129 Crebram,
396 2093 559 2123 assiduam
575 2102 607 2123 et
627 2094 764 2135 largam.

97 2141 188 2173 Bene
202 2142 339 2175 Cortius
357 2156 396 2176 ex
412 2143 507 2176 libris
523 2155 530 2175 ε
551 2146 713 2180 crebram,
736 2154 767 2176 ec

98 2195 259 2226 assiduam
270 2221 279 2233 ,
298 2206 329 2227 el
342 2199 477 2240 largam.
494 2197 527 2230 S.
552 2218 597 2221 -—
611 2198 708 2229 Rom·
726 2200 769 2228 Id

99 2255 144 2276 est
161 2249 304 2278 crebram
324 2258 355 2278 et
372 2251 534 2281 assiduam
547 2276 555 2288 ,
576 2252 635 2281 sed
654 2260 685 2281 et
704 2253 767 2282 lar-

97 2311 184 2341 galll.
202 2299 244 2331 H.

145 2355 198 2383 23.
224 2355 303 2390 Est,·
321 2355 378 2384 sed
399 2355 558 2385 inertibus.
584 2355 682 2387 Rom.
710 2359 769 2387 Est

99 2405 226 2445 quidem
239 2430 248 2442 ‚
267 2407 325 2436 sed
339 2408 499 2438 inertibus.
518 2406 561 2438 H.
581 2427 627 2430 —
646 2408 767 2452 Inepta

99 2455 204 2502 hujus
231 2458 409 2502 particulae
432 2457 604 2492 additione
635 2459 733 2492 librat
746 2460 768 2492 ii

100 2520 194 2553 aeque
206 2509 402 2555 frequenter
412 2518 598 2555 peccarunt
610 2524 648 2543 ac
663 2512 767 2556 primi

101 2561 303 2605 scriptorum
320 2571 471 2596 veterum
492 2562 637 2596 editores
652 2589 660 2603 ‚
680 2576 767 2609 quos

103 2613 290 2647 innumeris
310 2616 394 2647 locis
415 2615 503 2648 hanc
523 2627 643 2648 vocem
662 2616 767 2648 inter-

102 2665 273 2708 posuisse,
294 2667 352 2699 ubi
372 2668 405 2700 in
424 2668 526 2700 MStis
546 2680 615 2699 non
635 2668 769 2714 conspi-

104 2716 210 2749 ciatur
225 2743 232 2757 ‚
266 2731 341 2751 vere
376 2727 493 2752 monet
521 2719 693 2753 Drakenb.
725 2720 768 2753 ad

834 1617 907 1649 LiV.
928 1617 1018 1661 Epit.
1039 1617 1066 1648 L
1080 1641 1089 1654 ‚
1109 1614 1164 1648 55.
1187 1614 1220 1647 S.
1239 1633 1284 1638 -—
1303 1614 1403 1653 Quasi
1414 1612 1506 1654 judi-

833 1670 1116 1715 cium.Tanquam
1127 1679 1283 1700 normam
1293 1673 1325 1698 et
1333 1663 1489 1709 regulam
1497 1688 1505 1702 ‚

834 1735 939 1767 quam
960 1722 994 1754 in
1018 1720 1154 1767 agendo
1177 1728 1210 1752 et
1235 1718 1386 1751 dicendo
1412 1717 1507 1761 sequi

835 1775 1035 1808 debeamus.
1053 1776 1092 1807 Ε.
1111 1795 1155 1798 -ψ
1168 1773 1453 1815 Immojndicimn
1470 1769 1506 1801 h.

835 1828 859 1860 l.
882 1841 944 1873 pro
954 1830 1119 1870 jndicibus
1139 1825 1278 1858 (licitur.
1297 1824 1349 1857 Sic
1367 1830 1398 1856 et
1413 1823 1507 1855 Cice-

833 1894 884 1913 ro.
902 1881 993 1913 Vide
1012 1881 1150 1913 Clavem
1174 1877 1437 1911 Ciceronianam
1464 1874 1508 1907 ad

833 1934 899 1967 hoc
918 1933 1140 1966 vocabulum.
1161 1933 1194 1966 S.

881 1994 933 2024 24.
953 1988 1156 2018 Auctoritazi
1171 1995 1234 2016 tuce
1248 1986 1391 2015 debeam.
1406 1983 1503 2013 Rom.

835 2041 1037 2071 Auctoritati
1046 2041 1178 2069 debeam
1192 2048 1265 2069 cuce.
1280 2036 1323 2068 H.
1339 2056 1383 2059 ψ
1394 2033 1509 2066 Placet

832 2092 890 2125 hic
905 2091 1004 2125 ordo.
1024 2092 1058 2125 S.

879 2159 896 2176 2
904 2148 933 2177 5.
946 2146 1189 2189 Confirmaveris
1196 2169 1202 2175 .
1211 2169 1217 2175 .
1226 2154 1394 2174 ‚erravera
1404 2141 1502 2171 Rom.

835 2199 1046 2239 Confirmabis
1063 2199 1146 2227 enim
1157 2197 1319 2239 judicium
1338 2206 1439 2225 meum
1458 2206 1468 2223 .·
1482 2194 1509 2223 si

833 2239 953 2282 errare.
982 2249 1055 2281 Hoc
1080 2248 1185 2281 malo.
1214 2248 1257 2280 H.
1283 2268 1328 2271 -—
1357 2244 1505 2278 Accede).

833 2307 991 2334 Erravero
1005 2309 1125 2334 natum
1139 2314 1177 2333 ex
1191 2300 1365 2333 infinitivo
1376 2298 1505 2342 glossa-

833 2367 901 2399 que
916 2368 994 2385 ‘ivero
1009 2354 1152 2387 coalitis.
1167 2355 1201 2386 S.
1217 2374 1262 2377 —
1281 2356 1365 2384 Num
1380 2351 1509 2391 corrupi

834 2418 874 2439 te.
894 2408 983 2439 Num
1000 2407 1088 2439 forte
1103 2407 1167 2439 feci
1182 2431 1190 2446 ‚
1210 2414 1247 2438 ut
1260 2412 1384 2451 praeter
1401 2402 1507 2435 animi

833 2460 882 2492 tui
911 2460 1114 2492 sententiam
1145 2458 1338 2491 secundum
1365 2468 1419 2488 me
1447 2454 1507 2487 des

833 2511 1023 2558 judicium?
1034 2513 1103 2546 Ista
1113 2512 1205 2544 enim
1219 2512 1293 2555 lege
1306 2535 1313 2549 ‚
1329 2520 1434 2554 qnam
1446 2508 1507 2540 tibi

834 2564 920 2603 tuli,
942 2564 1048 2597 males
1072 2564 1217 2597 fortasse
1244 2562 1336 2594 brevi
1362 2559 1507 2606 epistola

835 2615 1024 2649 secundum
1051 2630 1105 2649 me
1132 2615 1378 2661 pronuntiare,
1400 2626 1504 2659 quam

835 2669 919 2701 mihi
936 2668 1206 2702 contradicendo
1223 2667 1415 2700 molestiam
1435 2666 1508 2699 lon-

834 2734 883 2765 gae
906 2722 1054 2767 epistolae
1083 2720 1272 2755 scribendae
1300 2720 1425 2752 subire.
1448 2719 1502 2751 list

1535 680 1575 712 23
