1742 2989
126 436 165 470 25

126 801 166 832 αδ

126 1475 165 1502 28

198 217 280 263 172
604 203 1213 247 (J.PL1NIIJ.,IB.111.

190 285 338 327 animo
379 293 525 343 potes,
552 300 681 343 quam
716 283 850 326 simus
888 283 1082 345 fatigati,
1109 282 1268 344 quibus
1304 283 1430 326 toties
1467 299 1593 343 agen-

191 355 320 410 dum,
346 357 474 399 toties
498 355 821 411 altercandum,
847 366 936 400 tam
962 357 1088 401 multi
1115 366 1242 400 testes
1270 356 1593 417 interrogandi,

191 429 470 484 sublevandi,
503 429 736 473 refutandi.
769 432 863 473 Jam
896 429 967 474 illa
999 447 1128 491 quam
1157 428 1315 484 ardua,
1342 445 1473 489 quam
1505 445 1598 473 mo-

191 502 324 558 lesta,
349 511 414 546 tot
435 519 609 546 reorum
642 503 793 547 amicis
825 513 991 547 secreto
1022 503 1277 564 rogantibus
1309 518 1493 562 negare,
1518 502 1597 546 ad-

192 575 464 619 versantibus
490 575 635 636 palam
665 575 907 620 obsistere?
935 577 1137 620 Referam
1168 592 1307 619 unum
1334 575 1512 636 aliquod
1546 592 1598 619 ex

192 649 270 703 iis,
296 664 394 709 quae
427 648 529 692 dixi.
570 650 722 707 Quum
749 650 857 693 mihi
887 650 1065 711 quidam
1086 667 1109 694 e
1127 650 1348 710 judicibus
1377 651 1482 710 ipsis
1517 667 1597 710 pro

192 737 267 765 reo
292 723 604 782 gratiosissimo
631 722 946 780 reclamarent,
971 727 1081 770 Non
1105 728 1271 778 minus,
1299 724 1504 784 inquam,
1527 723 1598 766 lzic

191 797 401 838 innocens
423 799 531 850 erit,
555 799 599 839 .ςί
619 812 702 857 ego
728 801 882 841 omnia
909 797 1085 842 dixero.
1115 797 1393 857 Conjectabis
1415 813 1468 839 ex
1493 796 1599 850 hoc,

191 876 375 927 quantas
397 870 727 923 contentiones,
752 879 937 930 quantas
951 871 1080 913 etiam
1108 869 1298 914 offensas
1312 870 1596 924 subierimus,

191 940 418 983 dumtaxat
444 941 498 984 ad
524 941 654 985 breve
680 952 855 1002 tempus
877 960 885 985 :
907 959 1008 986 nam
1038 942 1143 986 fides
1166 943 1211 984 in
1241 942 1469 1002 praesentia
1497 958 1570 985 eos
1586 977 1597 994 ,

190 1013 350 1073 quibus
385 1016 572 1070 resistit,
608 1015 818 1071 offendit,
847 1015 1005 1059 deinde
1029 1016 1083 1060 ab
1121 1015 1204 1060 illis
1233 1016 1336 1076 ipsis
1363 1016 1600 1076 suspicitur

190 1086 492 1147 laudaturque.
522 1089 625 1132 Non
651 1089 776 1148 potui
802 1089 940 1149 magis
964 1098 1006 1132 te
1033 1090 1078 1131 in
1105 1105 1195 1132 rem
1222 1097 1479 1148 praesentem
1502 1104 1599 1148 per-

148 1187 162 1214 7
190 1160 361 1204 ducere.
385 1161 541 1215 Dices,
571 1164 675 1207 Non
686 1162 793 1220 fuit
813 1165 961 1206 tanti:
981 1162 1098 1222 quid
1120 1166 1236 1206 enim
1262 1162 1373 1205 milli
1387 1177 1486 1204 cum
1506 1170 1599 1204 tam

189 1235 328 1293 longa
358 1235 592 1296 epistola?
632 1234 782 1279 Nolito
815 1252 920 1297 ergo
954 1235 1193 1279 identidem
1229 1251 1423 1296 quaerere
1446 1270 1457 1290 ,
1493 1233 1598 1295 quid

191 1310 343 1351 Romae
383 1318 574 1368 geratur.
604 1311 661 1354 Et
692 1319 839 1353 tamen
868 1320 1091 1353 memento
1120 1326 1210 1353 esse
1245 1325 1334 1351 non
1371 1306 1597 1368 epistolam

192 1379 367 1441 longam
384 1417 394 1437 ,
423 1399 522 1442 quae
549 1392 615 1425 tot
640 1382 753 1439 dies,
780 1393 846 1427 tot
872 1384 1168 1445 cognitiones,
1197 1392 1262 1427 tot
1290 1382 1477 1443 denique
1502 1397 1599 1424 reos

191 1471 450 1515 caussasque
483 1456 710 1516 complexa
744 1458 808 1500 sit.
848 1458 958 1514 Quae
988 1458 1136 1500 omnia
1173 1456 1325 1499 videor
1363 1454 1470 1498 mihi
1509 1470 1597 1497 non

193 1529 337 1572 minus
372 1529 588 1585 breviter,
620 1546 751 1590 quam
783 1529 1039 1591 diligenter,
1073 1538 1365 1590 persequutus
1393 1545 1401 1571 :
1435 1536 1599 1570 temere

191 1601 279 1644 dixi
304 1602 539 1662 diligenter
560 1620 573 1646 .·
596 1604 814 1647 succurrit
850 1603 969 1664 quod
999 1603 1293 1664 praeterieram
1310 1637 1321 1655 ,
1353 1611 1396 1644 et
1421 1600 1596 1661 quidem

190 1691 312 1730 sero,
350 1675 446 1729 sed,
487 1693 754 1736 quamquam
789 1686 1078 1737 praepostere,
1108 1675 1328 1719 reddetur.
1356 1674 1477 1717 Facit
1515 1673 1599 1717 hoc

191 1749 406 1792 Homerus
422 1784 433 1802 ,
466 1748 682 1809 multique
711 1748 824 1793 illius
848 1749 1076 1810 exemplo:
1108 1758 1172 1793 est
1197 1747 1360 1809 alioqui
1389 1746 1596 1808 perdeco-

188 1893 252 1925 pro
262 1884 413 1924 pretium.
435 1882 479 1914 H.
497 1903 541 1906 ——
558 1882 684 1915 Errant
700 1907 708 1923 ‚
724 1881 784 1927 qui
795 1895 863 1925 par

190 1933 245 1966 liic
259 1934 414 1968 absolute
429 1934 582 1980 positum
595 1942 734 1980 putant.
744 1935 861 1967 Verba

190 1985 236 2019 sic
269 1986 431 2020 struenda
455 1989 622 2030 :pretinm
648 1989 779 2030 dignum
811 2000 861 2018 so-

928 1882 1071 1928 intelligi
1096 1881 1225 1914 Plinius
1239 1906 1248 1921 ,
1277 1879 1497 1926 interpellare
1519 1891 1575 1911 me
1589 1903 1597 1917 ,

928 1943 960 1968 et
977 1933 1146 1979 impedire
1160 1959 1169 1974 ‚
1183 1946 1252 1980 quo
1269 1933 1382 1966 minus
1397 1931 1511 1965 dicam
1526 1943 1598 1963 om-

927 1988 999 2020 nia.
1017 1987 1060 2020 G.

977 2042 1031 2072 26.
1054 2040 1253 2081 Corzjectabis
1268 2050 1309 2068 ex
1323 2038 1392 2068 hoc.
1405 2037 1504 2068 Rom.
1520 2037 1598 2067 Con-

915 2094 1055 2135 jeccabis
1069 2104 1110 2122 ex
1122 2092 1179 2121 his.
1195 2088 1262 2123 Sed
1278 2101 1387 2121 unum
1404 2095 1488 2121 erat.
1504 2087 1549 2119 H.

971 2164 1015 2168 --
1030 2146 1103 2174 Non
1116 2144 1211 2184 potui
1231 2143 1331 2184 magis
1347 2151 1375 2172 te
1386 2165 1394 2180 ‚
1413 2148 1479 2173 etc.
1497 2140 1595 2173 Rom.

190 2041 316 2081 lamque
328 2053 396 2081 par
410 2042 494 2071 tanei
511 2042 639 2071 laboris.
661 2040 703 2071 Et
720 2042 835 2083 dignus
847 2069 854 2079 ‚

190 2099 307 2133 (ηραν,
320 2087 495 2131 Ἑλληνικῶς
504 2118 513 2134 ,
525 2092 713 2137 genitivum
723 2099 857 2137 regunt.

189 2143 272 2176 Vid.
288 2144 462 2177 Vechner.
482 2144 653 2177 Hellenol.
675 2157 754 2189 pag.
779 2157 837 2186 29¹
850 2168 858 2183 ‚

191 2209 242 2241 sq.
261 2196 316 2229 ed.
334 2196 501 2241 Heusing.
518 2198 551 2230 S.

241 2248 294 2280 25.
333 2252 433 2280 Unum
469 2251 607 2291 aliquod
636 2262 677 2280 m·
702 2251 756 2283 iis,
793 2257 857 2281 etc.

190 2302 285 2332 Rom.
309 2305 409 2332 Unum
424 2303 560 2343 aliquod
572 2314 613 2332 ea:
629 2304 772 2333 munibus
790 2314 861 2344 (flur

192 2355 274 2385 dtr-i.
292 2353 336 2385 H.

240 2426 284 2430 —
300 2409 402 2447 Quum
417 2407 494 2436 mll'zi
512 2408 642 2448 quidam
660 2408 857 2449 ejn(l1'c[bns.

195 2460 287 2490 Rom.
302 2462 402 2498 Quum
418 2459 495 2489 milzi
507 2460 637 2500 quidam
652 2460 859 2501 arjudicibns

194 2510 236 2541 Π.
253 2531 296 2534 -ff
312 2513 385 2541 rVon
400 2512 501 2541 minus
511 2535 516 2541 .
528 2536 534 2541 .
547 2535 553 2541 .
563 2511 612 2541 lzic
627 2513 774 2541 innocens
790 2512 857 2542 eric.

195 2564 344 2595 Acci-bus
356 2563 388 2595 iu
403 2576 497 2595 rcum
510 2565 772 2606 gratiosissimam
786 2577 861 2608 σαρ-

194 2620 337 2661 κασμὸς,
363 2616 460 2660 cujus
485 2615 552 2647 *sim
578 2615 778 2659 interpretes
805 2628 860 2659 pa-

195 2680 269 2700 rum
286 2667 448 2701 ridentur
462 2666 658 2700 attendisse.
671 2668 703 2700 S.
720 2688 738 2691 η
750 2688 759 2690 «
773 2670 818 2698 Si.
832 2694 856 2698 .,

195 2722 299 2751 “nnn-n
321 2722 442 2752 (Ιῇιῃινη,
467 2720 576 2754 Nollle
598 2733 677 2763 ‘'fg“
696 2744 703 2759 7
730 2720 856 2752 volebat

926 2200 999 2227 Non
1010 2197 1107 2237 potui
1121 2204 1151 2225 te
1168 2196 1269 2237 magis
1286 2195 1317 2224 in
1332 2206 1396 2224 rem
1407 2192 1597 2235 prcesencen'z

920 2250 1105 2290 perducere.
1137 2249 1239 2277 Dices.
1273 2247 1322 2279 Ita
1353 2257 1469 2279 versus
1496 2244 1596 2277 hexa-

927 2308 1034 2332 meter
1049 2298 1187 2331 exsistit.
1200 2298 1244 2330 H.

976 2365 1028 2396 27.
1051 2356 1094 2384 Ec
1112 2362 1217 2383 tamen
1239 2360 1393 2382 memento
1420 2362 1483 2381 esse
1509 2362 1592 2386 non,

928 2413 991 2437 etc.
1031 2406 1128 2437 Rom.
1158 2420 1171 2431 «
1194 2404 1235 2434 Et
1268 2410 1382 2434 tamen
1425 2408 1595 2433 memento

926 2458 1048 2496 ctiam„
1065 2469 1134 2489 non
1153 2467 1224 2488 esse
1239 2453 1417 2498 epistolam
1431 2453 1570 2496 longam
1585 2476 1593 2490 ,

926 2521 1001 2554 quae
1026 2516 1075 2541 tot
1100 2507 1313 2552 cognitiones
1329 2529 1337 2544 ‚
1362 2511 1411 2536 tot
1436 2503 1527 2543 dies,
1546 2511 1595 2536 tot

926 2561 1074 2606 (lenique
1092 2572 1201 2593 reos.»
1221 2560 1319 2590 Recte
1345 2556 1470 2601 priora.
1491 2557 1535 2589 H.
1550 2575 1595 2580 —-

929 2614 1019 2646 Vere
1046 2611 1290 2656 Heusingcrus.
1310 2612 1386 2640 Esse
1404 2621 1466 2639 non
1489 2608 1594 2640 miror

926 2667 1079 2699 Gesnero
1093 2665 1148 2697 hie
1166 2664 1297 2709 placere
1312 2661 1472 2706 potuisse.
1489 2661 1521 2695 S.

976 2720 1027 2751 ¹28.
1046 2719 1137 2750 Fam}
1151 2717 1209 2748 hoc
1224 2719 1386 2747 Homrlns.
1404 2710 1592 2746 Commode
