1742 2989
204 202 259 233 10
631 187 677 229 C.
715 183 943 226 PLINII
976 185 1102 227 LIB.
1141 185 1174 227 Ι.

196 268 342 329 Coepit
360 268 522 319 vereri,
545 282 599 309 ne
621 266 701 309 sibi
728 265 938 308 irascerer
959 280 968 307 ε
989 280 1070 308 nec
1092 264 1348 319 fallebatur3
1370 262 1600 311 irascebar.

159 361 175 381 2
197 341 365 385 Rustici
398 339 578 384 Aruleni
608 337 853 400 periculum
886 338 1076 394 foverat,
1111 338 1403 382 exsultaverat
1427 348 1568 382 morte
1593 357 1601 382 .·

197 414 305 458 adeo
331 424 381 458 ut
407 413 567 457 librum
594 414 796 457 recitaret
821 410 1178 472 publicaretque‚
1196 412 1240 455 in
1266 429 1352 475 quo
1371 413 1604 458 Rusticum

198 487 463 541 insectatur,
481 496 612 547 atque
634 486 763 530 etiam
779 487 1027 530 Stoicorum
1051 488 1226 528 sz'nzmm
1249 479 1455 546 appellat.
1479 485 1603 546 Adji-

198 633 305 673 odio;
329 641 432 678 atque
460 632 562 665 etiam
587 632 621 664 in
643 630 698 663 his
723 629 874 675 epistolis

198 686 325 732 flagitia
345 689 417 733 ejus
440 686 566 731 passim
590 686 797 723 insectatum
815 683 849 715 II
862 707 870 722 ,

198 752 252 784 ep.
276 751 338 777 203
361 740 426 779 IV,
441 752 496 784 ep.
521 752 537 771 2
561 745 593 770 et
613 749 653 782 73
673 738 745 777 VI,
766 749 820 780 ep.
841 749 871 768 2.

199 790 266 825 Sed
284 791 424 824 mutatis
449 792 513 823 sub
531 791 647 823 Nerva
667 796 699 822 et
715 790 871 834 'I'rajano

198 844 412 889 temporibus
430 869 438 884 ‚
469 843 505 875 in
535 842 680 888 gratiam
708 841 766 874 ille
791 853 870 873 cum

197 909 239 929 eo
256 895 369 929 redire
387 896 506 929 voluit.
529 899 607 940 Ejus
627 904 759 926 conatus
774 904 872 937 acque

198 951 295 980 etiam
317 951 504 981 insidiarum
523 950 734 991 pristinarum
756 959 871 978 narra-

199 1003 315 1032 tionem
340 1001 560 1046 perspicuam
575 1026 583 1040 ,
611 1012 726 1033 acrem
747 1007 779 1032 et
801 1011 872 1031 mo-

197 1060 307 1085 ratam
319 1053 391 1086 haec
405 1052 550 1098 epistola
561 1054 667 1084 habet.
677 1050 872 1085 Crudelitas

199 1105 315 1145 enim,
348 1104 562 1151 impudentia
587 1128 596 1143 ‚
630 1103 779 1136 versutia
810 1110 843 1135 et
863 1128 871 1143 ,

198 1157 339 1191 mutatis
357 1157 571 1203 temporibus
586 1181 594 1196 ‚
611 1154 790 1188 humilitas
810 1155 874 1187 Re-

198 1210 271 1254 guli
297 1212 383 1244 bene
405 1218 598 1249 notantur3
628 1208 688 1241 sed
716 1215 749 1241 et
773 1208 875 1241 Plinii

198 1275 312 1296 mores
335 1262 483 1296 fideliter
504 1261 755 1308 exprimuntur.
779 1261 872 1293 Ami-

198 1326 319 1347 corum
347 1323 564 1347 mortuorum
592 1314 720 1346 famam
747 1321 846 1345 curat
864 1338 873 1353 ‚

199 1375 299 1400 caute
339 1367 441 1401 evitat
474 1367 617 1411 laqueos
655 1365 843 1398 adversarii
863 1390 872 1405 ‚

198 1418 370 1453 honorem
388 1420 493 1452 habet
512 1418 592 1451 viris
610 1418 774 1463 gravibus
789 1443 798 1458 ‚
819 1430 875 1451 co-

199 1484 349 1516 rumque
378 1471 519 1505 consilia
551 1472 706 1517 sequitur
722 1481 730 1509 ;
764 1470 875 1504 malos

200 1523 273 1556 odit
292 1524 433 1569 quidem
448 1550 456 1565 ‚
471 1523 529 1556 sed
552 1537 616 1557 nec
631 1530 767 1557 recusat
781 1547 790 1562 ‚
805 1536 875 1569 quo

201 1576 317 1609 minus
348 1577 388 1610 iis
413 1579 666 1612 reconcilietur.
692 1579 873 1618 Personae,

202 1642 278 1675 quae
296 1631 398 1663 rebus
415 1631 646 1665 interfuerant
664 1656 673 1671 ,
693 1631 874 1676 loquentes

201 1683 416 1716 inducuntur
434 1709 441 1723 ,
469 1692 506 1716 ut
529 1697 583 1717 res
609 1684 664 1729 agi
689 1683 873 1723 videatur;

201 1735 469 1781 interponuntur
493 1736 639 1769 subinde
660 1735 792 1782 judicia
811 1735 876 1768 Pli-

202 1788 271 1827 nii,
291 1796 321 1821 et
339 1789 405 1822 alia
421 1814 428 1828 ‚
448 1802 522 1834 quse
538 1789 640 1821 rebus
656 1788 873 1822 illustrandis

201 1839 406 1873 inserviunt.
423 1842 549 1874 Forma
563 1841 730 1874 orationis
747 1849 797 1873 est
813 1853 851 1873 ea
862 1865 871 1880 ‚

201 1904 277 1936 quae
293 1893 453 1925 convenit
470 1893 663 1926 narrationi
681 1893 874 1925 amicorum

203 1945 515 1978 confabulantium.
537 1945 601 1979 Sed
622 1958 726 1990 quem
745 1945 846 1977 nobis
864 1970 873 1985 ,

202 2004 380 2041 tamquam
415 1999 602 2042 pessimum
633 1998 842 2030 nebulonem
864 2023 872 2038 ,

202 2049 361 2082 describit
379 2050 510 2082 Plinius
521 2075 529 2089 ‚
545 2062 624 2082 eum
646 2050 788 2082 summis
803 2051 876 2082 lau-

203 2101 304 2134 dibus
321 2102 446 2146 passim
468 2102 596 2134 extollit
614 2101 783 2134 Martialis
803 2114 810 2134 :
829 2109 875 2134 et-

208 2154 297 2186 enim
320 2154 475 2199 1‚Epigr.
497 2155 535 2187 13
551 2162 582 2186 et
602 2154 660 2193 83,
673 2154 793 2198 Reguli
810 2156 875 2187 vir—

205 2214 313 2239 tutem
338 2206 409 2238 Diis
434 2207 671 2246 carissimam3
693 2207 729 2246 I,
756 2208 872 2253 Epigr.

207 2272 220 2291 1
232 2272 285 2299 12,
305 2260 377 2306 ejus
400 2259 555 2304 sophiam
568 2284 576 2299 ‚
594 2260 756 2305 pietatem
777 2269 808 2293 et
827 2261 876 2294 in-

204 2311 342 2355 genium
353 2311 520 2351 celebrat3
536 2312 601 2351 IV,
613 2312 731 2357 Epigr.
747 2316 801 2352 16,
817 2326 876 2346 au-

203 2371 273 2395 tem
283 2363 515 2408 eloquentiam
527 2364 775 2409 ejusTullianae
788 2365 874 2399 adeo

204 2417 354 2460 praefert3
368 2420 505 2459 BIagnns
517 2419 557 2447 ab
572 2418 701 2460 infernis
715 2429 876 2449 revocetur

210 2471 327 2500 Tullius
340 2471 455 2500 umbris
464 2494 471 2507 ,
490 2478 520 2500 et
533 2479 562 2500 te
575 2470 727 2512 defendat
741 2473 874 2513 Regulus

207 2524 302 2551 IPSE
317 2523 398 2553 licet.
409 2521 486 2553 Utri
497 2521 600 2566 igitur
616 2519 700 2553 fides
714 2521 873 2555 habenda

207 2571 280 2605 est?
294 2573 440 2605 Plinium
455 2599 463 2614 ,
481 2575 578 2618 cujus
593 2573 728 2606 animus
745 2575 787 2607 ab
804 2588 875 2607 om-

207 2626 240 2657 ni
258 2626 500 2659 malevolentia
525 2634 557 2658 et
584 2626 689 2658 livore
712 2627 777 2659 fuit
797 2628 875 2661 alie-

206 2677 366 2711 nissimus
388 2680 440 2719 (v.
460 2679 558 2724 Disp.
578 2678 720 2723 Gierigii
737 2679 780 2712 de
797 2692 871 2713 mo-

938 629 1034 663 ribus
1060 629 1208 675 Plinii),
1234 630 1364 677 quique
1391 631 1427 664 in
1454 631 1607 676 epistolis

938 683 1111 716 neminem
1146 685 1218 716 fere
1235 709 1244 725 ‚
1268 691 1388 729 praeter
1418 684 1605 729 Regulum,

939 735 1126 768 insectatur
1138 761 1146 776 ,
1166 744 1215 769 tot
1233 736 1264 769 ei
1278 736 1420 781 crimina
1435 743 1468 769 et
1481 736 1609 769 scelera

940 788 1112 821 affluxisse
1135 814 1145 829 ‚
1181 801 1305 834 parum
1343 782 1408 823 est*
1430 787 1606 822 credibile.

936 840 1034 874 Adde
1051 866 1059 881 ‚
1078 841 1173 886 quod
1194 850 1226 875 et
1245 854 1284 875 ea
1299 867 1307 882 ‚
1327 853 1402 887 quae
1420 841 1609 874 Montanus

936 905 993 939 ap.
1011 894 1121 927 Tacit.
1142 895 1186 927 H.
1204 895 1269 934 IV,
1288 899 1346 935 42,
1365 893 1408 927 de
1424 892 1608 926 horrendis

937 946 1010 989 ejus
1035 947 1220 980 sceleribus
1245 954 1363 980 narrat
1380 972 1388 986 ‚
1413 947 1502 979 bene
1529 958 1608 978 cum

935 997 989 1031 his
1021 998 1184 1032 Plinianis
1224 998 1455 1032 consentiunt.
1492 997 1610 1030 Potius

937 1050 1107 1084 Martialis
1130 1051 1218 1084 fides
1242 1050 1349 1084 dubia
1378 1051 1478 1084 nobis
1500 1049 1609 1083 videri

937 1102 1039 1135 debet
1050 1128 1058 1142 ‚
1071 1103 1198 1149 quippe
1206 1103 1264 1149 qui
1273 1103 1387 1136 multis
1397 1103 1610 1136 carminibus

937 1155 1050 1200 ipsum
1064 1155 1301 1188 Domitianum
1317 1156 1352 1188 in
1368 1155 1490 1188 caelum
1508 1154 1608 1193 tollit,

937 1208 1020 1248 VII,
1030 1209 1147 1254 Epigr.
1161 1214 1194 1249 4,
1208 1209 1270 1249 5,6
1283 1217 1313 1241 et
1326 1222 1345 1253 7
1357 1221 1366 1249 3
1376 1210 1478 1248 VIII,
1489 1208 1609 1253 Epigr.

940 1265 958 1300 4
974 1285 982 1299 ,
1006 1273 1018 1292 1
1030 1273 1043 1293 1
1058 1286 1066 1301 ,
1082 1269 1146 1294 etc.
1169 1262 1219 1294 Ex
1234 1261 1302 1294 fine
1319 1268 1444 1294 nostrae
1461 1260 1611 1306 epistolae

939 1313 1095 1346 videmus
1109 1338 1118 1353 ‚
1136 1314 1262 1347 multos
1283 1313 1386 1346 fuisse
1400 1339 1409 1353 ,
1429 1313 1489 1358 qui
1503 1314 1612 1357 Regu-

939 1366 1010 1398 lum
1036 1373 1176 1412 propter
1201 1366 1354 1412 ingentes
1380 1365 1533 1405 divitias,
1554 1365 1612 1397 he-

940 1418 1145 1452 reditatibus
1162 1418 1307 1464 captatis
1330 1417 1473 1463 aliisque
1495 1417 1611 1463 pravis

939 1471 1069 1505 artibus
1082 1478 1262 1515 congestas
1274 1496 1282 1510 ‚
1298 1471 1351 1503 vel
1363 1471 1517 1504 colerent
1531 1496 1539 1510 ‚
1557 1469 1611 1503 vel

941 1524 1112 1557 timerent.
1135 1524 1213 1556 Non
1232 1524 1336 1569 igitur
1358 1531 1407 1556 est
1431 1523 1525 1569 quod
1550 1523 1611 1555 mi-

938 1589 1078 1617 remur,
1105 1576 1160 1609 his
1187 1589 1220 1609 se
1248 1575 1444 1622 adjunxisse
1475 1583 1610 1620 poetam

939 1642 1126 1675 pauperem
1144 1654 1152 1669 ‚
1186 1629 1284 1675 cujus
1312 1628 1413 1673 agelli
1441 1628 1513 1667 nil,
1547 1627 1611 1660 nisi

939 1682 1134 1721 (lominum,
1143 1680 1526 1725 ferebant(VII‚Epigr.
1539 1681 1609 1723 30),

941 1735 1038 1781 cujus
1070 1735 1187 1780 inopia
1219 1732 1433 1767 sublevanda
1465 1731 1611 1765 subinde

940 1795 1012 1821 erat
1028 1787 1175 1821 aliorum
1195 1786 1415 1819 facultatibus
1427 1811 1435 1825 ‚
1455 1793 1487 1818 et
1506 1797 1609 1830 quern

937 1841 1045 1873 Roma
1054 1838 1269 1872 secedentem
1285 1839 1388 1872 etiam
1398 1838 1528 1870 Plinius
1540 1837 1612 1870 via-

938 1893 1006 1925 tico
1019 1899 1222 1938 prosecutus
1239 1899 1309 1931 est3
1328 1892 1381 1923 III
1392 1916 1400 1930 ,
1416 1890 1534 1935 Epigr.
1555 1902 1592 1922 21
1603 1916 1611 1922 .

938 1946 1096 1978 Fortasse
1124 1957 1187 1978 nec
1219 1944 1300 1977 satis
1327 1950 1430 1976 notus
1461 1941 1611 1974 Martiali

938 1997 1044 2030 homo
1070 1997 1135 2030 fuit
1151 2022 1160 2037 ,
1189 1996 1248 2042 qui
1274 2003 1362 2028 tecte
1388 1993 1521 2039 flagitia
1549 2007 1611 2028 sua

939 2050 1153 2083 committere
1171 2048 1315 2082 solebat.
1342 2047 1408 2079 ΕΒ.

989 2117 1020 2136 2.
1040 2105 1182 2134 Rusticus
1202 2103 1376 2137 Arulenus,
1397 2099 1451 2133 vir
1468 2100 1582 2133 bonus
1599 2125 1606 2140 ‚

939 2168 1042 2201 quem
1057 2154 1185 2187 Plinius
1200 2159 1357 2185 sanctum
1372 2151 1611 2186 adolescentiae

940 2207 1146 2240 monitorem
1161 2205 1343 2238 habuerat.
1362 2205 1432 2238 Sub
1447 2205 1612 2238 Domitia-

941 2273 987 2293 no
1003 2260 1163 2292 Thraseae
1188 2265 1220 2291 et
1241 2256 1391 2291 Helvidii
1411 2257 1516 2290 Prisci
1539 2257 1612 2290 lau-

941 2311 1001 2345 des
1037 2311 1144 2344 edidit
1160 2336 1168 2351 ‚
1210 2322 1336 2355 eosque
1379 2309 1612 2343 sanctissimos

941 2364 1031 2397 viros
1050 2363 1235 2409 appellavit
1255 2375 1262 2395 τ
1280 2375 1349 2408 qua
1366 2375 1402 2396 re
1421 2362 1528 2395 iratus
1546 2363 1613 2395 Do-

912 2427 926 2449 ⁸
941 2417 1104 2451 initianus
1126 2417 1304 2449 Rusticum
1327 2414 1473 2448 interfici
1495 2415 1609 2459 jussit.

939 2470 1094 2511 Tacitus,
1105 2467 1610 2515 Agric.11‚N0st.Col.V01.1V,

940 2536 974 2568 p.
1007 2536 1061 2565 92.
1092 2523 1157 2556 En.
1183 2543 1228 2547 -—
1256 2523 1427 2553 Vitelliam
1451 2521 1610 2551 cicatrice.

938 2576 1065 2609 Praetor
1075 2588 1183 2621 quum
1194 2582 1281 2607 esset
1291 2572 1420 2606 Vitellii
1431 2571 1475 2604 ad
1483 2573 1612 2616 Vespa-

940 2628 1075 2661 sianum
1093 2628 1217 2661 missus
1236 2652 1244 2667 ,
1260 2625 1461 2659 vulneratus
1480 2632 1529 2658 est
1546 2625 1613 2657 Ru-

940 2681 1057 2714 sticus.
1072 2678 1155 2712 Vid.
1169 2679 1255 2713 Tac.
1273 2677 1360 2710 Hist.
1376 2678 1449 2717 ΙΙΙ,
1465 2677 1521 2710 80.
1536 2675 1613 2709 Hoc
