1742 2989
244 158 333 210 332
645 157 692 196 (1.
731 154 955 197 PLINII
989 155 1113 198 ΜΒ.
1150 155 1234 197 vl.

171 249 214 288 14
239 239 433 283 cebatur.
455 240 635 282 Summo
665 235 733 278 die
765 235 1026 279 abeuntibus
1055 235 1180 278 nobis
1208 235 1358 295 (quam
1385 235 1568 296 diligens
1594 238 1639 281 in

173 469 214 497 15

239 314 408 357 Caesare
434 305 731 369 humanitasl)
759 308 884 351 xenia
914 316 1015 351 sunt
1037 308 1179 351 missa.
1201 307 1283 351 Sed
1309 308 1444 361 mihi,
1470 317 1519 351 ut
1544 325 1638 369 gra·

235 389 347 432 vitas
372 387 697 448 cognitionum,
720 383 888 428 consilii
909 384 1073 438 honor,
1092 385 1281 428 suavitas
1301 383 1640 445 simplicitasque

237 461 480 514 convictus,
508 460 567 502 ita
591 457 709 501 locus
735 457 827 517 ipse
856 455 1152 517 perjucundus
1177 455 1273 500 fuit.
1297 455 1410 500 Villa
1438 456 1639 516 pulcher-

238 535 348 577 rima
373 533 564 593 cingitur
589 529 859 574 viridissimis
883 529 997 590 agris
1025 545 1034 572 :
1062 529 1260 573 imminet
1283 529 1424 583 litori,
1452 529 1576 588 cujus
1597 529 1642 572 in

238 608 336 650 sinu
362 605 411 649 fit
431 622 567 666 quum
590 604 778 648 maxime
802 612 971 663 portus.
996 604 1137 663 Hujus
1160 604 1382 647 sinistrum
1411 602 1641 646 brachium

174 694 187 713 ⁷
239 680 488 723 firmissimo
521 695 651 740 opere
685 678 906 720 munitum
945 686 1032 731 est3
1066 675 1267 719 dextrum
1299 675 1563 734 elaboratur.
1590 677 1642 718 In

240 770 315 797 ore
346 763 499 814 portus
530 751 672 795 insula
704 750 923 810 adsurgit,
950 765 1046 809 quae
1071 748 1240 792 illatum
1266 758 1396 792 vento
1422 764 1542 791 mare
1567 747 1643 805 qb-

234 827 384 885 jacens
404 825 600 884 fiangat
628 833 860 883 tutumque
880 822 933 865 ab
954 831 1142 882 utioque
1162 821 1295 865 latere
1317 821 1547 865 decursum
1569 837 1641 863 na-

240 899 366 942 vibus
387 907 573 959 praestet
597 897 807 956 Adsurgit
825 905 970 939 autem
997 905 1088 939 arte
1110 895 1300 938 visenda.
1323 895 1523 954 Ingentia
1543 910 1644 936 saxa

240 971 449 1032 latis-sima
468 972 589 1014 navis
613 969 852 1030 provehit:
881 966 1050 1030 [contra
1061 966 1088 1030 ,]
1107 967 1199 1013 haec
1223 949 1305 1011 alia
1326 984 1489 1027 super
1477 966 1560 1009 alia
1579 966 1644 1009 de-

237 1046 353 1105 jecta
379 1045 472 1105 ipso
499 1043 691 1104 pondere
717 1051 920 1097 manent,
939 1058 989 1085 ac
1016 1043 1173 1085 sensim
1201 1040 1391 1101 quodam
1420 1038 1539 1082 velut
1566 1054 1641 1099 ag·

242 1134 342 1178 gere
367 1126 696 1161 construuntur.
726 1115 902 1160 Eminet
928 1114 1019 1174 jam
1051 1124 1093 1157 et
1125 1124 1308 1175 apparet
1334 1129 1510 1156 saxeum
1540 1112 1644 1155 dor-

241 1209 336 1235 sum
364 1209 373 1234 z
402 1193 701 1251 impactosque
729 1189 888 1232 fluctus
918 1189 961 1230 in
995 1188 1256 1231 immensum
1289 1186 1410 1254 0Ιὲίί
1444 1194 1486 1228 et
1517 1184 1642 1229 tollit.

291 1349 343 1385 14.
359 1348 486 1375 Summo
500 1345 567 1374 die.
585 1368 592 1374 .
608 1366 614 1373 .
632 1344 792 1385 ‚diligenm
812 1342 908 1373 Rom.

239 1401 365 1428 Summo
412 1398 533 1438 vesperi
568 1396 757 1426 abeuntibus
795 1395 884 1425 nobis
898 1419 908 1431 ,

241 1463 337 1492 qnam
356 1451 500 1492 diligens.
525 1447 569 1479 H.
584 1467 630 1472 —
648 1448 775 1489 Vesperi
798 1446 911 1490 profe-

240 1509 334 1534 ctum
353 1513 372 1533 a
391 1501 599 1545 glossatore,
629 1500 689 1544 qui
712 1511 832 1530 szmzmo
861 1500 912 1529 die

240 1553 453 1598 interpretari
468 1552 582 1585 vellet.
602 1552 637 1585 S.

290 1619 303 1639 Ῐ
311 1606 328 1640 5
336 1632 342 1639 .
353 1608 506 1648 Filqllllln
517 1606 781 1646 ῙῙΖαέΖῘΖ-ῘῙΖΈΡΟῘῚΠΣ.
794 1601 911 1634 LectiO

243 1672 261 1691 a
286 1658 402 1691 Cortio
426 1658 580 1690 restituta
606 1669 624 1689 e
654 1654 910 1699 libris.Vulg0‚

250 1728 261 1739 «
273 1714 370 1758 cujus
384 1713 418 1742 in
438 1711 516 1742 sinu
530 1721 635 1754 quam
650 1708 820 1740 maximus
835 1718 912 1750 por-

242 1772 294 1795 tus
316 1763 410 1796 velut
430 1762 761 1806 amphitheatrum.»
782 1758 912 1790 Ultima

243 1816 345 1848 verba
363 1814 510 1860 glossam
530 1821 626 1859 putat
646 1825 686 1845 ex
703 1811 816 1845 Rutilii
835 1811 911 1843 itin.

244 1870 257 1901 I
270 1894 277 1908 ,
296 1869 359 1910 239
376 1892 384 1906 ‚
403 1867 462 1899 ubi
477 1865 523 1899 de
537 1866 603 1899 hoc
614 1872 719 1911 portu
730 1890 738 1905 ,
754 1866 909 1902 Molibus,

242 1921 352 1966 inquit
366 1946 374 1960 ‚
392 1922 560 1952 (ethereum
578 1920 779 1950 concluditur
790 1919 913 1961 amplii-

244 1976 401 2005 rheazrum
416 1987 426 2004 .·
439 1972 607 2017 reliquam
621 1971 846 2004 mutationem
862 1982 914 2002 or-

245 2034 312 2058 tam
327 2039 364 2059 ex
378 2027 534 2071 ignorato
549 2038 613 2057 usu
625 2030 681 2064 τῆς
699 2037 796 2066 quum
809 2025 914 2055 maxi-

244 2092 303 2116 me,
320 2091 423 2123 quern
434 2078 533 2111 [locet
548 2077 650 2110 index
663 2084 777 2109 noster
788 2101 797 2115 ‚
812 2083 844 2108 et
858 2075 913 2108 hic

245 2132 418 2164 stabiliunt
429 2155 437 2169 ,
452 2143 527 2175 quae
542 2130 696 2175 proxime
708 2135 913 2173 sequuntur,

244 2183 336 2216 unde
359 2183 579 2227 intelligimus
600 2180 763 2214 nimirum
789 2194 824 2211 eo
847 2183 914 2222 ipso

246 2249 400 2279 (empore,
417 2235 483 2267 hoc
499 2243 547 2267 est
561 2248 655 2277 quum
671 2235 831 2270 maxime,
849 2232 916 2265 ela·-

247 2290 405 2322 lioratum
426 2300 497 2319 esse
517 2288 550 2319 in
566 2295 681 2332 portu.
701 2286 745 2318 G.
761 2306 805 2309 μ*
816 2287 914 2318 Rom.

254 2358 265 2366 ¹¹
278 2342 384 2386 Cujus
398 2340 431 2372 in
446 2340 521 2372 sinu
536 2346 655 2384 portus
671 2338 763 2371 velut
779 2337 914 2382 amphi-

245 2393 431 2426 theatrum.
442 2409 454 2420 υ
476 2392 519 2424 Η.

298 2448 350 2478 16.
371 2450 408 2476 In
429 2458 483 2477 orc-
500 2453 611 2486 portus
637 2445 740 2474 insula
760 2445 913 2485 adsurgit.

248 2500 342 2531 Rom.
361 2502 398 2529 In
419 2510 473 2529 ore
487 2498 591 2528 insula
609 2498 755 2538 assurgit.
777 2495 820 2527 H.

302 2570 344 2574 „-
368 2548 545 2593 [Conera],
575 2549 651 2579 hoec.
678 2546 746 2578 Vix
775 2545 915 2584 dubim,

250 2609 452 2647 corruptum
471 2613 544 2633 esse
562 2598 648 2631 illud
667 2595 777 2630 contra
796 2613 806 2630 .·
825 2605 917 2631 certe

250 2654 334 2686 mihi
346 2653 533 2698 ignorabile
545 2660 593 2685 est
603 2663 610 2683 :
621 2658 652 2684 et
660 2662 767 2695 quum
777 2650 849 2682 sine
860 2649 917 2681 illo

977 1341 1144 1373 sententia
1157 1340 1241 1373 mihi
1259 1339 1417 1372 videatur
1433 1338 1583 1384 planior,
1597 1338 1646 1369 in-

978 1393 1077 1425 terim
1103 1394 1200 1427 uncis
1216 1404 1386 1436 *coercere
1413 1404 1516 1425 ausus
1547 1401 1621 1423 sum
1635 1415 1643 1429 ,

978 1445 1061 1477 dum
1076 1470 1084 1485 ,
1105 1445 1190 1491 quid
1203 1445 1262 1478 illo
1277 1445 1441 1477 faciamus
1455 1469 1464 1483 ‚
1482 1443 1645 1476 decerna-

976 1504 1044 1530 tur.
1070 1499 1147 1530 Non
1177 1497 1326 1529 multum
1358 1498 1455 1541 juvat
1486 1495 1624 1528 Cortius
1636 1520 1644 1534 ⁷

978 1562 1087 1595 quum
1112 1550 1291 1588 observat,
1309 1555 1366 1581 aut
1381 1558 1493 1580 contra
1507 1554 1648 1592 portum

971 1603 1104 1644 provehi
1110 1627 1120 1639 ,
1137 1609 1196 1634 aut
1209 1611 1322 1632 contra
1337 1612 1414 1633 eum
1431 1602 1526 1642 dejici
1540 1610 1620 1631 saxa
1637 1610 1644 1630 :

976 1662 1139 1686 neutrum
1154 1653 1245 1684 enixu
1261 1665 1277 1684 a
1294 1664 1348 1684 me
1362 1651 1507 1695 intelligi
1523 1651 1645 1691 fateor,

976 1713 1068 1738 certe
1077 1729 1086 1742 ,
1100 1703 1185 1749 quid
1196 1716 1283 1749 opus
1295 1704 1336 1736 sit
1346 1715 1386 1736 ea
1397 1703 1625 1748 propositione
1635 1728 1644 1743 ‚

977 1770 1047 1789 non
1072 1756 1325 1789 comminiscor,
1354 1756 1395 1787 In
1420 1763 1570 1788 mentem
1589 1766 1646 1787 ve-

978 1810 1092 1842 niebat
1110 1809 1155 1842 sic
1174 1809 1286 1854 legere
1299 1810 1426 1851 quadra
1442 1807 1479 1840 id
1498 1815 1547 1840 est
1562 1819 1646 1852 qua-

979 1862 1077 1895 drata
1098 1864 1165 1894 lzoec
1182 1874 1261 1894 saxa
1283 1863 1351 1893 alia
1369 1874 1461 1904 snper
1478 1863 1563 1898 alia,
1580 1867 1645 1892 etc.

978 1915 1043 1947 Cui
1057 1912 1261 1959 compendia
1275 1921 1306 1946 et
1321 1920 1409 1946 notae
1424 1912 1646 1945 librariorum

979 1979 1049 2000 non
1069 1968 1186 2012 ignota
1205 1973 1283 1998 sunt
1296 1990 1304 2006 ‚
1324 1965 1380 1998 ille
1410 1964 1504 1997 dabit
1523 1964 1623 1996 nohis
1637 1989 1644 1994 .

979 2020 1129 2064 potuisse
1152 2021 1279 2062 quadra
1303 2017 1337 2049 in
1363 2026 1474 2048 contra
1496 2015 1644 2053 mutari,

979 2085 1098 2105 vocem
1106 2071 1356 2104 insolentiorem
1363 2095 1370 2110 ,
1378 2070 1505 2102 bonam
1515 2076 1630 2101 tamen
1638 2093 1645 2101 .

980 2127 1016 2158 in
1041 2125 1223 2158 notiorem.
1255 2122 1347 2164 Quin
1374 2134 1458 2153 saza
1483 2122 1645 2163 quadrata

979 2177 1062 2211 huic
1072 2177 1121 2210 rei
1135 2177 1201 2209 sint
1214 2175 1391 2220 aptissima
1404 2198 1413 2213 ,
1426 2185 1502 2218 quae
1510 2173 1647 2206 facilius

980 2230 1044 2263 sibi
1055 2229 1270 2275 applicentur
1281 2252 1289 2267 ‚
1303 2233 1510 2259 moveantur
1520 2223 1646 2258 diffici-

980 2281 1046 2315 lius
1057 2307 1066 2321 ,
1083 2280 1235 2313 dubitari
1252 2279 1349 2312 nulla
1369 2278 1504 2311 ratione
1522 2285 1643 2322 potest.

980 2335 1143 2379 G.——Ego
1151 2332 1338 2379 aliquando
1348 2331 1395 2364 sic
1404 2329 1645 2375 conjiciebam:

975 2389 1124 2430 pondera
1145 2389 1213 2418 lzoec
1234 2388 1301 2417 alia
1318 2397 1420 2426 super,
1440 2390 1505 2415 etc.
1523 2381 1647 2415 Saltem

982 2440 1046 2472 hoc
1074 2451 1127 2472 res
1152 2447 1184 2471 et
1211 2449 1329 2470 sensns
1356 2436 1501 2480 patitur,
1526 2441 1558 2465 et
1581 2431 1650 2463 hoc

982 2491 1094 2536 ipsum
1104 2493 1268 2534 pondera.
1286 2516 1291 2521 .
1309 2515 1315 2521 .
1332 2491 1414 2531 .ipso
1426 2488 1569 2530 pondere
1585 2498 1647 2518 suo

982 2554 1130 2579 manem,
1149 2541 1242 2588 quod
1261 2540 1390 2586 aliquid
1409 2552 1449 2571 ex
1466 2539 1542 2570 lusu
1561 2550 1647 2583 quo·

983 2596 1062 2629 dam
1095 2595 1263 2629 acuminis
1298 2594 1416 2631 habet,
1452 2589 1647 2623 Plinianum

984 2648 1068 2681 mihi
1081 2661 1152 2680 esse
1166 2646 1356 2679 ridebatur.
1374 2644 1412 2676 F.
