1742 2989
220 229 242 256 2
251 215 307 266 Off}

620 216 666 257 C.
708 214 929 258 PLINII
966 216 1089 258 LIB.
1128 216 1211 258 IV.

218 343 573 354 wsmsmxuxtsxas
580 342 818 354 mmmm-vs
824 343 1185 354 ικτωιιιικτικνιιῃ
1191 344 1239 356 tw!
1247 343 1604 355 uaexmmmnmnt

876 486 954 541 ΙΙ.

310 641 363 675 M.
387 639 572 688 Regulum
585 667 594 683 ,
616 646 737 674 morte
757 636 824 674 filii
843 636 1015 674 dolorem
1034 638 1291 685 simulantem,
1310 638 1524 676 notabiliter

803 703 1032 752 perstringit.

479 842 516 869 c.
558 841 793 870 PLINIUS
827 841 1114 871 CLEMENTI
1142 825 1159 843 *
1189 842 1290 871 suo
1324 844 1357 870 s.

277 963 500 1004 REGULUS
523 957 662 1001 filium
683 958 826 1001 amisit
848 973 858 1000 z
887 958 971 1001 hoc
991 974 1079 1001 uno
1105 957 1219 1001 malo
1246 958 1452 1019 indignus
1468 994 1478 1012 ‚
1499 958 1616 1019 quod

214 1034 359 1077 nescio
389 1050 446 1076 an
473 1031 637 1076 malum
664 1041 803 1092 putet.
829 1033 934 1075 Erat
955 1047 1064 1091 puer
1088 1032 1197 1074 acris
1218 1032 1403 1092 ingenii,
1429 1031 1503 1074 sed
1523 1048 1617 1074 am-

214 1108 366 1168 bigui:
399 1107 474 1167 qui
513 1116 659 1149 tamen
700 1114 845 1165 posset
885 1114 1000 1147 recta
1038 1105 1215 1157 sectari,
1244 1105 1277 1147 si
1312 1114 1480 1164 patrem
1523 1121 1612 1147 non

170 1198 185 1216 2
214 1180 407 1223 referret.
453 1182 583 1223 Hunc
622 1177 819 1239 Regulus
862 1179 1179 1238 emancipavit,
1212 1188 1260 1221 ut
1298 1178 1423 1221 heres
1462 1179 1611 1221 matris

211 1254 448 1297 exsisteret.
486 1252 790 1313 Mancipatum
822 1250 909 1312 (ita
940 1250 1071 1311 vulgo
1109 1267 1161 1294 ex
1190 1251 1386 1294 moribus
1420 1251 1609 1294 hominis

210 1325 531 1387 loquebantur)
557 1325 670 1369 foeda
694 1334 737 1368 et
761 1322 937 1368 insolita
966 1324 1223 1384 parentibus
1248 1322 1529 1384 indulgentiae
1555 1324 1611 1367 si-

210 1399 450 1444 mulatione
475 1399 702 1459 captabat:
728 1396 983 1441 incredibile
1003 1406 1093 1452 est3
1117 1396 1190 1440 sed
1211 1395 1428 1457 Regulum
1453 1397 1612 1457 cogita.

254 1519 485 1551 II.*Clemem1·.
496 1518 575 1551 Sine
589 1516 696 1549 dubio
710 1525 758 1549 est
766 1519 879 1549 Atrius

210 1574 365 1608 Clemens,
388 1569 433 1603 ad
449 1582 552 1615 quem
566 1571 580 1601 Ι
597 1595 606 1611 ,
623 1581 677 1614 ep.
696 1581 749 1602 10.
765 1569 831 1601 En.

247 1636 259 1655 1
270 1650 276 1656 .
287 1625 452 1666 Indignus.
466 1621 535 1662 Qui
547 1634 615 1654 non
629 1621 769 1662 meruit,
779 1620 880 1654 adeo-

207 1689 274 1721 que
299 1674 597 1708 commiseratione
617 1673 754 1719 dignus.
775 1673 815 1705 E.
836 1693 879 1698 —

207 1728 330 1761 Melius
341 1755 349 1769 ‚
366 1728 401 1759 ni
417 1727 518 1760 fallor
529 1751 538 1766 ,
554 1727 734 1759 Catanaeus
748 1737 756 1758 t
781 1725 881 1759 «Sen-

207 1793 264 1813 sus
275 1788 323 1814 est
334 1808 343 1823 ‚
359 1779 556 1812 merebatur
568 1778 716 1823 Regulus
734 1786 880 1810 mortem

207 1832 268 1865 filii
284 1857 293 1873 ‚
321 1833 349 1865 si
376 1843 451 1864 eam
477 1830 608 1864 malum
633 1837 782 1876 putaret.
814 1830 879 1864 Sed

206 1897 314 1930 quum
325 1883 518 1918 timendum
532 1883 665 1916 obitum
679 1884 751 1929 ejus
764 1891 879 1928 optas-

207 1946 284 1978 set,
311 1946 347 1969 ut
378 1937 476 1970 heres
501 1936 565 1968 filii
591 1936 748 1969 existeret
765 1963 775 1978 ,
802 1935 880 1969 ideo

206 1989 388 2034 indignum
414 2001 536 2022 censeo
565 1988 632 2021 hoc
662 1988 777 2029 malo,
799 1989 878 2033 quia

207 2041 337 2073 malum
354 2054 421 2074 non
438 2041 547 2075 credit
562 2067 570 2082 ,
587 2039 646 2073 sed
661 2040 757 2073 utile.
768 2056 780 2069 »
802 2041 881 2073 Pro-

206 2092 295 2126 fecto
309 2101 378 2126 tota
391 2093 535 2138 epistola
549 2101 618 2125 tam
631 2093 734 2138 plena
750 2101 799 2125 est
813 2101 877 2126 sto-

207 2144 345 2185 machi,
370 2154 510 2191 tamque
533 2145 656 2178 acerbe
679 2145 879 2190 perstringit

205 2197 413 2229 nebulonem
427 2198 525 2230 illum
540 2224 547 2238 ‚
564 2205 601 2229 ut
616 2197 752 2229 initium
767 2198 841 2242 ejus
859 2209 876 2229 a

206 2248 502 2281 commiseratione
526 2257 701 2294 sumptum
725 2261 796 2282 esse
823 2249 878 2282 vix

207 2300 358 2333 credam.
376 2301 409 2333 S.

256 2366 286 2385 2.
311 2354 545 2395 Emancipawic.
575 2353 682 2386 Filius
713 2354 748 2386 in
774 2354 878 2399 patris

202 2413 375 2452 potestate
396 2418 435 2437 ac
455 2417 560 2437 manu
588 2405 671 2438 dum
694 2414 742 2438 est
758 2433 767 2448 ‚
788 2405 877 2438 nihil

206 2458 271 2491 sibi
294 2457 467 2502 adquirit,
488 2457 602 2490 omnia
627 2459 727 2502 patri.
759 2458 876 2502 Reguli

206 2509 317 2542 filium
346 2518 454 2543 mater
486 2522 597 2543 mores
631 2511 745 2543 mariti
776 2523 874 2543 exosa

206 2561 370 2594 heredem
399 2575 466 2595 non
494 2563 565 2595 vult
592 2563 762 2603 scribere,
786 2563 811 2594 si
841 2563 874 2594 in

207 2615 313 2657 patris
337 2623 503 2659 potestate
523 2623 629 2655 esset;
649 2615 702 2647 vel
722 2615 814 2659 quod
833 2627 875 2647 ne

208 2675 449 2711 corrumpatur
481 2667 602 2700 metuit
620 2694 628 2707 ‚
649 2666 701 2699 vel
739 2679 781 2699 ne
798 2667 877 2700 insi-

210 2717 284 2749 dias
309 2719 381 2751 filio
408 2727 505 2763 pater
533 2727 652 2753 struat.
680 2719 878 2763 Emancipat

944 1517 1048 1561 igitur
1061 1524 1093 1549 et
1105 1524 1272 1562 potestate
1284 1528 1345 1549 sua
1361 1515 1462 1549 solvit
1471 1526 1550 1549 eum
1561 1528 1617 1561 pa-

945 1577 1008 1601 ter.
1020 1569 1238 1602 Simillimam
1252 1568 1334 1601 huic
1347 1568 1496 1614 speciem
1511 1568 1618 1602 habes

945 1621 1052 1663 VIII,
1076 1622 1115 1654 18
1131 1646 1139 1661 ‚
1162 1625 1194 1661 4.
1218 1621 1262 1654 G.
1278 1642 1323 1646 ——
1342 1623 1512 1654 Exisceret.
1539 1622 1617 1654 Non

945 1673 1146 1718 simpliciter
1170 1683 1249 1706 esset
1271 1672 1464 1718 significat,
1491 1681 1529 1706 ut
1554 1674 1615 1706 faex

945 1726 1236 1759 Scholasticorum
1265 1734 1384 1771 postea
1410 1727 1588 1770 usurpavit
1606 1737 1614 1758 τ

946 1778 1006 1811 sed
1021 1779 1182 1816 evaderet,
1193 1780 1341 1821 prodiret
1347 1803 1357 1817 ,
1367 1779 1475 1823 fieret.
1489 1777 1532 1811 G.

991 1851 1037 1855 —
1050 1833 1285 1873 Mancipatum.
1307 1830 1461 1864 Debebat
1482 1829 1596 1864 dicere
1607 1857 1615 1872 ,

947 1883 973 1915 si
987 1891 1079 1916 recta
1092 1883 1149 1916 via
1165 1896 1237 1916 rem
1253 1895 1413 1916 enarrare
1430 1882 1593 1915 voluisset
1607 1910 1615 1924 ‚

946 1938 1190 1978 emmzczpatum.
1205 1934 1270 1969 Sed
1285 1936 1403 1979 jocum
1424 1947 1493 1967 una
1513 1935 1618 1967 refert

945 1987 1125 2020 hominum
1141 2014 1149 2029 ,
1176 1988 1235 2032 qui
1264 1999 1333 2019 11011
1365 1994 1434 2018 tam
1465 1986 1616 2018 solutum

945 2041 1055 2086 patria
1079 2048 1245 2085 potestate
1270 2038 1389 2083 Reguli
1416 2038 1527 2071 filium
1553 2038 1614 2071 ista

944 2092 1215 2137 emancipatione
1227 2091 1341 2124 dicere
1353 2090 1480 2123 vellent
1491 2117 1499 2131 ‚
1511 2102 1615 2135 quam

944 2158 1032 2177 nova
1048 2144 1261 2189 indulgentia
1278 2170 1285 2184 ‚
1303 2143 1504 2175 muneribus
1516 2170 1524 2184 ‚
1544 2155 1616 2175 cor-

943 2196 1103 2241 ruptelis,
1123 2197 1339 2238 mancipatum
1357 2195 1463 2240 patri,
1475 2203 1507 2228 et
1525 2207 1615 2228 nexu

944 2261 1032 2281 novo
1049 2246 1260 2281 devinctum.
1275 2247 1422 2291 Regulus
1441 2247 1561 2291 igitur,
1579 2255 1617 2279 ut

944 2309 993 2333 est
1009 2308 1079 2333 tota
1095 2300 1162 2332 vita
1189 2298 1367 2331 simulator
1386 2306 1417 2330 et
1440 2298 1543 2330 fallax
1557 2325 1565 2339 ‚
1583 2306 1613 2331 et

943 2366 961 2386 e
980 2352 1160 2386 contrariis
1179 2350 1269 2382 vitiis
1284 2350 1493 2394 compositus
1506 2374 1515 2390 ‚
1530 2349 1613 2382 dum

944 2407 1126 2447 emancipat
1144 2403 1253 2435 [ilium
1274 2402 1475 2447 imaginaria
1493 2401 1613 2434 vendi-

942 2457 1034 2489 tione
1048 2483 1057 2498 ,
1073 2468 1108 2488 re
1128 2456 1202 2501 ipsa
1227 2455 1309 2487 emit
1329 2463 1361 2487 et
1375 2456 1548 2496 mancipat.
1568 2454 1611 2486 G.

941 2530 986 2534 —-
1000 2511 1096 2542 Rom.
1112 2510 1358 2550 Emancipatum
1376 2510 1399 2547 Γ
1400 2508 1446 2537 ita
1460 2508 1558 2549 vulgo
1573 2520 1614 2538 egr

942 2564 1079 2594 moribus
1094 2562 1234 2592 homines
1253 2561 1493 2601 loquebantur.)
1509 2558 1555 2589 H.
1569 2579 1613 2582 —

941 2615 1059 2659 Neque
1069 2615 1208 2645 homines
1220 2610 1398 2644 ferendum
1412 2635 1421 2650 ,
1432 2623 1494 2643 uec
1508 2623 1613 2641 eman-

944 2669 1083 2709 cipatum
1099 2668 1196 2711 jocus
1217 2663 1397 2696 hominum
1417 2674 1528 2695 mores
1548 2663 1611 2694 Re-

945 2718 1013 2763 guli
1045 2717 1235 2750 notantium
1257 2715 1417 2759 postulat.
1445 2715 1612 2748 Caeterum
