1742 2989
202 198 286 241 12ss

613 198 659 238 C.
697 196 917 240 PLINII
953 195 1078 238 Llss.
1117 197 1177 238 Il.

190 280 262 339 jor
287 287 431 322 aestate
453 295 461 320 :
485 293 585 320 nam
612 286 713 320 ante
751 275 977 319 meridiem
1008 285 1177 336 xystum
1196 311 1205 328 ,
1236 286 1331 336 post
1367 280 1589 323 meridiem

195 352 456 412 gestationes
489 351 693 410 hortique
720 349 963 409 proximam
991 358 1156 409 partem
1187 350 1342 393 umbra
1374 367 1449 394 sua
1481 363 1590 395 tem—

194 435 316 485 perat
350 443 358 468 :

391 440 512 484 quae,
538 433 586 466 ut
623 422 714 465 dies
746 422 881 465 crevit
915 421 1212 482 decrevitque,
1238 424 1367 467 modo
1393 425 1591 475 brevior.

131 514 168 545 ¹9
194 497 325 542 modo
355 496 528 557 longior
553 495 635 539 hac
665 493 730 538 vel
757 493 853 538 illac
882 495 1009 538 cadit.
1039 497 1138 555 Ipsa
1167 512 1268 540 vero
1293 501 1590 559 cryptoporti-

192 587 268 614 cus
293 580 399 613 tunc
429 568 616 612 maxime
643 577 761 610 caret
782 567 870 611 sole
883 602 894 621 ‚
914 584 1050 628 quum
1066 568 1394 614 ardentissimus
1411 571 1589 615 culmini

191 645 284 704 ejus
310 644 479 686 insistit.
509 640 577 685 Ad
603 641 687 684 hoc
712 640 963 700 patentibus
990 640 1190 685 fenestris
1211 642 1405 687 favonios
1431 645 1589 705 accipit

191 716 561 776 transmittitque:
594 730 674 758 nec
707 730 901 773 unquam
933 729 1031 757 aere
1057 715 1184 775 pigro
1219 726 1259 759 et
1291 727 1494 760 manente
1519 719 1590 760 in-

191 824 215 851 b

192 790 412 834 ‹rravescin
437 791 489 833 In
524 787 666 848 capite
693 786 803 847 xysti
834 785 1037 847 deinceps
1074 790 1448 849 cryptoporticus,
1472 791 1588 834 horti

188 863 315 907 diaeta
339 872 425 918 est,
459 876 628 905 amores
657 859 766 913 mei,
801 875 846 902 re
878 875 980 902 vera
1015 876 1213 904 amores:
1240 863 1330 923 ipse
1365 864 1503 923 posui.
1538 866 1585 907 Iu

190 937 269 981 hac
291 935 608 980 heliocaminus
634 933 811 994 qui-dem
827 968 838 987 ,
865 931 948 976 alia
971 943 1141 994 xystum
1156 969 1167 988 ‚
1195 934 1278 978 alia
1300 953 1418 980 mare
1434 972 1446 991 a
1472 947 1587 980 utra-

186 1027 271 1070 que
301 1009 462 1063 solem,
489 1007 738 1052 cubiculum
768 1015 913 1049 autem
943 1006 1101 1063 valvis,
1130 1011 1503 1070 cryptoporticum
1529 1010 1587 1053 fe-

122 1100 158 1119 21
187 1093 332 1127 nestra
377 1081 600 1143 prospicit.
632 1080 733 1136 Qua
766 1095 884 1121 mare
919 1089 1073 1123 contra
1114 1082 1327 1141 parietem
1369 1082 1587 1136 medium,

186 1158 365 1201 zotheca
396 1171 607 1216 perquam
634 1152 856 1213 eleganter
878 1152 1041 1197 recedit
1067 1171 1075 1196 :
1102 1172 1196 1214 quae
1225 1155 1521 1215 specularibus
1546 1166 1587 1199 et

235 1287 286 1318 18.
303 1287 502 1316 Gestationes
516 1285 662 1325 hortique
670 1284 854 1324 proximam

179 1349 317 1381 partem.
346 1339 444 1370 Rom.
481 1337 699 1367 Gestationem
731 1335 855 1375 ortique

180 1394 365 1433 [nomimant
385 1400 526 1433 partem.
550 1388 594 1420 H.
621 1408 665 1412 —-—
689 1386 855 1419 Cortiana

179 1446 317 1487 gestatio
345 1458 355 1475 .·
378 1442 483 1487 idque
509 1440 716 1475 novissimus
743 1437 853 1471 editor

184 1497 305 1529 tacitus
325 1495 467 1540 recepit.
486 1493 608 1527 Laudo
626 1505 632 1525 :
651 1492 716 1525 nisi
733 1491 853 1538 praefe-

181 1549 325 1582 rendam
338 1561 478 1582 censeas
492 1547 571 1580 libri
584 1544 728 1579 Romani
740 1544 852 1577 lectio-

182 1615 273 1635 nem.
289 1603 323 1635 S.
337 1623 383 1627 -ἥ
403 1605 431 1632 U
432 1612 443 1633 t
455 1603 521 1633 dies
535 1602 631 1632 crevit
643 1600 849 1639 decrevitque.

182 1657 232 1688 Ita
257 1663 289 1687 et
308 1656 406 1687 Rom.
426 1660 532 1686 recte.
553 1652 598 1685 H.
624 1672 669 1676 -—-
689 1650 785 1683 Cort.
812 1654 854 1681 Ut

180 1710 245 1739 dies
271 1709 367 1739 erevit
385 1708 564 1738 decrevicve.
587 1705 622 1738 S.
644 1724 689 1728 —
708 1707 779 1735 Hac
797 1705 853 1734 vel

180 1762 254 1791 illac
264 1762 364 1792 cadit.
373 1761 470 1792 Rom.
481 1762 554 1790 Hac
562 1760 619 1789 vel
626 1758 682 1788 illa
693 1758 793 1787 cadit.
803 1755 847 1786 H.

179 1834 223 1837 —
240 1812 336 1846 Idem
351 1813 387 1845 in
404 1813 502 1845 Cort.
520 1818 553 1843 et
565 1809 695 1854 Gierig.
710 1810 743 1842 S.

230 1877 282 1909 19.
305 1870 390 1897 Tunc
403 1867 544 1897 maxime
557 1873 646 1895 caret
657 1865 731 1894 sole.
748 1863 846 1893 Rom.

184 1921 260 1949 Tum
281 1920 422 1950 maxime
446 1926 535 1949 caret
552 1918 629 1948 sole.
650 1913 848 1959 Amplector

180 1969 257 2003 hoc.
278 1970 323 2002 H.

228 2036 281 2055 20.
292 2024 444 2064 Deinceps
457 2022 719 2063 cryptoporticus.
732 2023 846 2060 Xystus

180 2083 212 2107 et
228 2077 477 2118 cryptoporticus
493 2074 591 2119 juxta
612 2081 822 2117 procurrunt
837 2097 845 2112 ,

179 2127 245 2159 hoc.
257 2135 320 2167 cst,
334 2125 491 2171 paralleli
507 2133 600 2164 sunt,
613 2124 707 2170 quod
721 2125 846 2169 colligo

180 2192 219 2212 ex
238 2182 267 2222 5.
294 2192 332 2224 17
346 2205 354 2219 ‚
375 2180 477 2224 igitur
495 2178 590 2224 quod
609 2186 658 2211 est
680 2179 715 2211 in
736 2179 846 2223 capite

178 2233 289 2278 xysti,
314 2233 416 2265 etiam
438 2240 486 2264 est
510 2232 545 2263 in
568 2231 678 2276 capite
702 2239 839 2277 crypto—

178 2285 328 2330 porticus
338 2284 500 2329 deinceps
513 2284 640 2329 positae.
652 2284 683 2315 G
691 2310 698 2316 .
708 2305 753 2308 ——
765 2284 844 2316 erc

178 2339 365 2371 sufficiant.
391 2338 541 2382 Operam
569 2345 602 2369 et
626 2337 739 2369 oleum
768 2349 844 2381 per-

178 2391 264 2425 dunt
278 2417 285 2431 ‚
304 2391 363 2436 qui
378 2390 476 2423 lineis
496 2397 528 2422 et
544 2389 662 2434 figuris
679 2396 823 2421 utuntur
835 2413 843 2428 ‚

179 2452 214 2475 nt
237 2445 280 2476 ob
307 2444 426 2476 oculos
450 2449 601 2488 ponant,
627 2454 703 2486 qua:
728 2449 842 2473 tamen

179 2497 319 2541 intelligi
334 2509 404 2528 non
418 2502 574 2540 possunt.
591 2495 631 2526 F..
648 2514 692 2518 —-
713 2497 840 2534 Duas,

179 2551 285 2589 ξυστὸς
298 2576 308 2590 .,
321 2549 437 2594 graecis
451 2548 603 2594 porticus
615 2573 623 2587 ‚
635 2548 669 2579 in
680 2560 749 2593 qua
762 2555 844 2579 tem-

181 2614 263 2645 pore
274 2603 420 2635 hiberno
434 2602 681 2635 exercebantur
694 2599 842 2639 athletae‚

181 2653 260 2687 inde
292 2655 411 2699 xystici
446 2654 539 2687 dicti.
569 2653 732 2686 Romanis
762 2666 842 2685 vcro

180 2707 369 2739 ambulatio
413 2706 577 2739 subdialis
618 2713 695 2738 auto
739 2706 843 2749 porti-

919 1292 998 1312 cum
1015 1305 1023 1321 ,
1054 1294 1162 1327 eaque
1194 1284 1341 1316 exaltata
1376 1283 1587 1328 floribusque

917 1333 1042 1366 cincta.
1058 1334 1123 1367 ΕΒ.
1135 1355 1181 1359 -
1192 1339 1430 1368 Heliocaminus
1445 1336 1584 1368 cubicu-

916 1386 988 1418 lum
1013 1387 1061 1419 ita
1090 1395 1281 1428 structum,
1312 1397 1349 1421 ut
1373 1389 1452 1421 solis
1480 1388 1584 1421 radiis

916 1439 1062 1484 exceptis
1089 1448 1122 1472 et
1157 1442 1284 1474 coactis
1316 1441 1466 1475 validius
1499 1442 1585 1474 cale-

916 1500 1034 1524 sceret.
1056 1493 1121 1524 ED.
1142 1513 1188 1517 ——
1208 1496 1312 1525 salvis
1320 1518 1420 1526 .....
1421 1495 1581 1537 fenestra.

915 1544 1005 1578 Vide
1022 1545 1065 1578 ad
1083 1547 1112 1588 5.
1133 1545 1165 1578 5.
1184 1546 1227 1578 G.

963 1610 1017 1631 21.
1041 1602 1111 1640 Qua
1131 1612 1231 1631 mare.
1252 1600 1409 1632 Refertur
1424 1599 1469 1632 ad
1487 1612 1584 1645 supe-

913 1649 1003 1683 riora
1029 1654 1098 1684 alia
1122 1662 1266 1692 xystum,
1290 1655 1357 1684 alia
1382 1665 1481 1684 mare.
1508 1652 1583 1685 Ple-

913 1714 997 1735 num
1016 1704 1132 1749 itaque
1157 1704 1258 1736 fuerit
1272 1729 1280 1743 ‚
1302 1718 1366 1747 qua
1383 1714 1476 1746 parce
1495 1718 1583 1736 mare

906 1759 1075 1798 prospicit.
1093 1757 1136 1789 G.
1158 1778 1202 1782 —
1224 1761 1295 1799 Qua
1312 1770 1401 1789 mare
1418 1770 1489 1789 non
1504 1765 1583 1789 sunt

912 1807 947 1840 in
965 1810 1063 1842 Rom.
1086 1811 1150 1842 Pro
1171 1813 1286 1847 diceto,
1310 1812 1457 1842 zotheca.
1475 1809 1519 1842 H.
1537 1829 1581 1833 -—

912 1864 1066 1895 Zoclzeca.
1084 1862 1309 1895 Eruditorum
1324 1862 1367 1895 de
1380 1862 1447 1894 hoc
1460 1862 1537 1894 loco
1550 1869 1583 1893 et

911 1916 977 1948 hac
992 1928 1077 1949 voce
1091 1914 1339 1960 disputationes
1352 1914 1489 1947 exhibet
1501 1914 1582 1946 Cor-

911 1968 990 2001 tius.
1006 1968 1114 2001 Nobis
1132 1967 1218 2001 illud
1232 1968 1313 2001 satis
1331 1975 1399 2005 est,
1416 1968 1580 1998 zotha-am

910 2034 983 2055 esse
1004 2035 1022 2054 a
1040 2022 1134 2054 libris
1150 2021 1287 2066 optimis
1301 2045 1309 2059 ‚
1328 2027 1361 2052 et
1380 2018 1580 2064 significare

910 2074 1031 2107 nidum
1046 2073 1231 2120 quemdam
1247 2072 1472 2105 amoeniorem
1487 2096 1496 2111 ‚
1511 2083 1580 2103 ma-

907 2128 975 2172 jori
1000 2127 1162 2160 cubiculo
1189 2125 1420 2171 adjunctum,
1448 2123 1485 2156 in
1509 2136 1579 2168 quo

908 2181 985 2226 quis
996 2180 1148 2212 inclusus
1163 2179 1276 2223 legere
1286 2202 1295 2217 ,
1308 2177 1458 2210 scribere
1468 2201 1476 2216 ‚
1489 2188 1580 2208 com-

908 2232 1053 2266 mentari
1066 2233 1185 2277 possit.
1204 2234 1388 2263 Cabinetum
1400 2228 1579 2262 hodiernae

907 2286 1030 2331 linguae
1044 2292 1168 2318 vocant
1181 2310 1189 2324 ‚
1206 2283 1422 2317 (leflexumne
1439 2294 1458 2314 a
1471 2294 1577 2313 caver-

907 2352 950 2369 na
959 2344 975 2369 Ρ
982 2337 1025 2370 de
1032 2336 1347 2383 quaVoss.(levitiis
1356 2348 1457 2368 serm.
1467 2335 1533 2373 III,
1544 2334 1561 2366 3
1569 2358 1576 2371 ,

908 2398 991 2423 extr.
1010 2399 1101 2423 certe
1118 2398 1304 2434 utrumque
1319 2402 1338 2421 a
1352 2390 1436 2419 cavis
1451 2386 1578 2420 anima-

908 2443 1015 2484 lium,
1037 2444 1122 2476 sicut
1148 2445 1313 2476 zothecam
1340 2441 1444 2472 fuisse
1472 2438 1576 2470 cellu-

906 2495 974 2527 lam
994 2494 1192 2540 saginandis
1209 2492 1414 2528 animalibus
1429 2489 1577 2522 destina-

910 2557 980 2581 tam
1002 2549 1163 2580 observat
1181 2547 1323 2580 Salmas.
1347 2542 1390 2576 ad
1408 2542 1513 2576 Solin.
1537 2554 1572 2586 p.

908 2602 974 2635 850
984 2626 992 2641 ‚
1006 2613 1056 2645 sq.
1069 2600 1112 2633 G.
1126 2621 1170 2624 ἠ
1185 2597 1494 2640 Qnoespecularibus,
1508 2601 1571 2626 etc.

908 2655 1004 2686 Rom.
1028 2657 1105 2694 Quce
1123 2653 1334 2694 specularibus
1350 2675 1357 2682 ,
1384 2650 1455 2679 velis
1475 2649 1574 2678 obdu-

911 2709 966 2737 cris
984 2708 1166 2737 reductisve.
1186 2703 1227 2734 H.
