1742 2989
602 228 940 271 EPISTULA
976 230 1113 272 XIX.
1470 229 1554 275 1315

152 309 280 353 nullis
303 310 593 363 extrinsecus,
615 317 690 352 aut
711 307 1020 354 blandimentis
1037 320 1188 371 capta,
1210 320 1286 354 aut
1304 311 1464 354 aculeis
1485 328 1556 354 ex-

152 384 295 427 citata.
325 382 403 425 His
428 381 619 437 accedit,
642 382 762 442 quod
791 384 955 436 oratio,
983 384 1036 428 de
1063 401 1148 445 qua
1177 383 1353 445 loquor,
1378 374 1555 446 pugnax
1582 394 1600 424 5

150 466 193 499 et
217 456 489 500 contentiosa
513 465 589 499 est.
623 456 760 499 Porro
786 457 845 499 ita
874 467 1029 501 natura
1056 467 1359 518 comparatum
1390 467 1479 514 est,
1508 468 1557 501 ut

149 545 222 585 ea,
249 546 343 589 quae
377 528 630 589 scripsimus
663 545 763 572 cum
796 528 969 583 labore,
996 547 1095 575 cum
1127 530 1276 574 labore
1308 531 1440 575 etiam
1474 547 1555 574 au-

148 602 230 645 diri
260 612 476 663 putemus.
503 604 560 645 Et
576 617 678 645 sane
698 602 1045 663 quotusquisque
1070 612 1159 646 tam
1185 612 1329 646 rectus
1355 602 1556 657 auditor,
1582 615 1601 643 c

149 692 281 735 quem
306 692 395 719 non
426 675 573 736 potius
606 674 749 719 dulcia
776 675 868 719 haec
896 685 938 719 et
968 676 1194 732 sonantia,
1221 693 1353 737 quam
1381 685 1555 719 austera

146 757 190 790 et
218 764 388 808 pressa,
419 747 667 792 delectent?
698 750 775 792 Est
801 749 978 810 quidem
1004 751 1185 793 omnino
1214 751 1356 811 turpis
1385 751 1464 793 ista
1487 749 1556 793 di-

145 820 349 877 scordia3
379 831 443 865 est
471 831 619 865 tamen
651 838 661 865 ε
690 821 809 882 quod
849 821 1109 884 plerumque
1146 824 1323 879 evenit,
1354 832 1403 866 ut
1437 822 1556 866 aliud

144 894 389 949 auditores,
415 894 534 938 aliud
554 895 721 955 judices
747 897 922 957 exigant
946 914 954 939 :
986 914 1125 957 quum
1149 897 1313 958 alioqui
1335 898 1555 958 praecipue

145 967 319 1011 auditor
359 968 410 1011 iis
444 967 572 1012 adfici
605 968 788 1024 debeat,
830 970 989 1030 quibus
1028 970 1142 1013 idem
1176 972 1209 1014 si
1248 970 1363 1014 foret
1394 969 1555 1030 judex,

145 1041 331 1084 maxime
355 1052 699 1102 permoveretur.
727 1046 875 1088 Potest
895 1052 1042 1086 tamen
1068 1043 1185 1097 fieri,
1212 1053 1260 1087 ut
1287 1060 1553 1104 quamquam
1581 1069 1599 1099 3'

144 1115 187 1156 in
216 1115 283 1158 his
314 1115 648 1160 difficultatibus
683 1115 795 1160 libro
833 1118 902 1161 isti
930 1118 1100 1161 novitas
1135 1117 1441 1162 lenocinetur:
1478 1134 1556 1160 no-

142 1188 253 1231 vitas
291 1189 408 1249 apud
453 1199 649 1244 nostros;
679 1190 798 1251 apud
840 1193 1019 1236 Graecos
1057 1191 1175 1234 enim
1214 1200 1278 1234 est
1319 1190 1555 1251 quiddam,

140 1264 340 1321 quamvis
366 1279 418 1307 ex
443 1264 640 1320 diverso,
662 1281 751 1308 non
778 1274 925 1308 tamen
953 1265 1136 1308 omnino
1165 1264 1387 1308 dissimile.
1415 1265 1531 1308 Nam
1548 1300 1559 1319 ,
1580 1270 1600 1298 8

142 1343 189 1376 ut
223 1333 305 1378 illis
338 1346 431 1379 erat
465 1337 627 1394 moris,
654 1337 796 1398 leges,
828 1354 936 1399 quas
970 1348 1020 1381 ut
1057 1338 1300 1383 contrarias
1333 1338 1554 1398 prioribus

140 1406 310 1468 legibus
351 1410 624 1470 arguebant,
664 1410 850 1454 aliarum
894 1410 1132 1455 collatione
1167 1412 1459 1464 convincere,
1494 1410 1555 1453 ita

139 1478 279 1534 nobis,
290 1480 428 1524 inesse
443 1482 788 1543 repetundarum
808 1482 916 1544 legi,
930 1483 1048 1544 quod
1062 1483 1401 1544 postularemus,
1415 1500 1552 1544 quum

136 1641 221 1679 gatae
235 1648 305 1668 non
319 1635 546 1681 praeferenda.
560 1636 663 1669 Conf.
679 1637 809 1682 Interp.

137 1685 181 1719 ad
195 1687 272 1721 Liv.
287 1689 434 1730 XXXV,
452 1689 493 1730 45
508 1714 518 1730 ,
542 1689 575 1723 5.
596 1690 631 1723 S.

185 1742 214 1771 5.
229 1742 287 1772 His
297 1744 433 1779 accedit,
446 1745 543 1784 quod,
561 1749 625 1775 etc.
640 1744 738 1775 Rom.
752 1745 813 1774 Ac-

135 1793 221 1823 cedit
232 1794 279 1824 lzis
290 1817 298 1832 ,
315 1796 404 1835 quod
415 1797 533 1833 oratio,
551 1797 591 1826 de
604 1808 670 1838 qua
684 1798 809 1838 loquor,

131 1857 271 1887 pugnax
295 1855 327 1876 et
346 1848 441 1889 quasi
463 1849 663 1879 contentiosa
688 1857 742 1879 est.
769 1847 811 1879 H.

183 1917 230 1921 -
244 1901 322 1939 Quoe
331 1901 529 1942 scripsimus,
544 1907 607 1933 etc.
622 1901 720 1933 Rom.
735 1904 813 1942 Qua,²

139 1951 319 1992 scripsimus
336 1964 407 1982 cum
428 1954 538 1983 labore
549 1978 557 1990 ‚
579 1955 678 1984 eciam
693 1956 738 1985 sic
753 1967 811 1984 αιι-

135 2004 201 2034 diri
219 2013 380 2045 putemus.
412 2004 456 2038 H.
484 2025 530 2030 —
553 2005 657 2038 Haud
683 2005 811 2050 impro-

135 2055 258 2088 babilis
284 2056 411 2097 lectio,
437 2057 473 2090 in
499 2058 576 2091 aliis
605 2058 687 2090 item
712 2058 809 2091 libris

135 2116 280 2153 reperta.
306 2109 462 2143 Alterum
490 2110 577 2143 illud
603 2124 674 2142 cum
699 2113 810 2143 labore

136 2159 271 2193 videtur
306 2163 503 2207 glossatoris
539 2176 612 2197 esse
625 2189 634 2203 ,
671 2163 732 2210 qui
764 2166 809 2196 sic

137 2212 306 2257 explicare
321 2216 436 2248 vellet.
452 2216 485 2249 S.

183 2267 216 2298 6.
257 2269 336 2298 Tam
365 2278 477 2301 rectus.
510 2270 599 2302 Tam
629 2269 742 2315 gravis
775 2277 808 2302 et

136 2330 295 2358 severus,
325 2320 384 2363 qui
410 2320 495 2353 nihil
522 2333 589 2354 suae
615 2322 806 2368 voluptati,

135 2371 253 2404 omnia
271 2384 387 2404 rerum
407 2374 543 2406 veritati
565 2375 742 2408 attribuat.
763 2375 804 2408 E.

135 2443 178 2447 —
189 2427 328 2456 Austera
347 2435 376 2456 ec
386 2439 509 2468 pressa.
525 2428 592 2460 Vel
606 2440 646 2460 ex
661 2429 737 2473 ipsa
750 2440 809 2473 op-

133 2475 302 2520 positione
321 2477 522 2523 intelligitur
536 2504 546 2518 ,
563 2490 693 2512 austera
711 2493 784 2514 esse
798 2506 807 2521 ,

133 2538 207 2572 quae
233 2531 437 2564 sententiam
467 2531 669 2565 adversario
696 2534 806 2567 mole-

133 2586 217 2613 stam
228 2606 236 2620 ‚
250 2583 364 2615 verbis
377 2596 451 2615 rem
464 2585 574 2629 ipsam
589 2585 806 2629 signantibus

133 2631 330 2677 ¹*impliciter
347 2644 378 2667 et
398 2638 469 2669 sine
483 2638 687 2682 ambagibus
704 2639 805 2683 expli-

132 2691 207 2714 γρηῒ
226 2697 233 2716 :
249 2701 375 2726 pressa,
397 2702 473 2733 quae
494 2691 577 2723 nihil
590 2716 599 2730 ,
620 2690 716 2736 quod
734 2705 805 2724 non

134 2733 177 2766 acl
193 2747 263 2768 rem
284 2741 448 2780 pertimuit
465 2769 472 2777 ,
493 2743 576 2774 nihil
591 2769 599 2783 ,
622 2743 715 2786 quod
745 2744 807 2776 mi-

878 1637 959 1682 tiget
985 1639 1203 1684 asperitatem
1217 1663 1226 1678 ,
1253 1637 1431 1684 adjiciant.
1447 1638 1490 1671 G.
1508 1659 1552 1663 ———

878 1690 982 1723 Phua
998 1704 1078 1724 cum
1092 1691 1208 1724 multis
1223 1698 1377 1724 veterum
1395 1690 1478 1724 locis
1493 1690 1552 1723 da-

877 1743 928 1775 bit
941 1751 1100 1776 nostrum
1114 1744 1266 1777 Lexicon
1280 1743 1432 1777 technol.
1450 1743 1550 1776 Rhet.

879 1795 938 1827 lat.
956 1808 984 1828 s.
1004 1809 1038 1829 v.
1052 1809 1210 1838 premere.
1225 1798 1266 1829 E.

926 1867 970 1872 —-
985 1852 1052 1880 Isca
1068 1850 1241 1881 discordia.
1258 1849 1332 1881 Hoc
1345 1848 1493 1893 pertinet
1506 1847 1552 1881 ad

877 1900 936 1932 illa
956 1901 1134 1945 sequentia
1150 1913 1158 1933 :
1177 1904 1267 1944 quod
1276 1904 1466 1944 plerumque
1484 1913 1550 1932 eve-

878 1955 944 1990 nit,
970 1962 1004 1983 uc
1025 1955 1121 1984 aliud
1145 1956 1326 1991 auditores,
1348 1955 1459 1991 aliud,
1482 1960 1548 1987 ete.

876 2005 918 2038 E.
938 2025 983 2030 ——
1001 2010 1062 2037 Est
1081 2016 1188 2038 tamen
1203 2020 1214 2038 .·
1234 2009 1339 2049 quod,
1362 2013 1428 2040 etc.
1450 2008 1551 2039 Rom.

876 2062 936 2090 Est
956 2069 1064 2092 cametz
1085 2072 1096 2091 ,·
1113 2061 1203 2101 quod
1216 2061 1407 2102 plerumque
1425 2061 1527 2091 evenit
1539 2084 1550 2097 ,

876 2121 910 2143 ut
928 2113 1154 2156 aliudjudices
1171 2114 1326 2155 exigant,
1344 2114 1439 2144 aliud
1454 2114 1550 2144 audi-

875 2173 960 2196 tores
974 2179 985 2197 :
998 2178 1094 2208 quum
1110 2166 1237 2207 alioqui
1251 2166 1299 2196 lais
1311 2167 1476 2208 proeczpue
1491 2178 1551 2197 au-

875 2218 962 2248 ditor
974 2219 1069 2261 affici
1077 2220 1202 2250 debeat.
1214 2217 1259 2250 H.
1268 2238 1314 2242 -—-
1323 2211 1419 2250 Bona
1434 2218 1551 2251 lectio:

874 2279 958 2301 certe
968 2272 1094 2313 alioqui
1104 2272 1151 2302 Izis
1162 2270 1264 2303 unice
1274 2269 1505 2315 probandum.
1515 2271 1548 2303 S.

922 2335 952 2362 7.
977 2327 1018 2355 Ut
1035 2336 1233 2365 quamquam
1251 2325 1285 2355 in
1307 2325 1355 2355 lzis
1373 2325 1549 2368 difficulta-

874 2375 966 2406 tibus.
982 2375 1037 2408 Sic
1052 2383 1084 2408 et
1102 2377 1202 2408 Rom.
1221 2375 1266 2408 H.
1282 2396 1326 2400 -
1345 2377 1495 2417 Quamvis
1508 2388 1549 2406 ex

874 2429 995 2460 diverso
1008 2454 1016 2465 ‚
1045 2442 1108 2460 non
1135 2439 1254 2462 tamen.
1274 2430 1373 2461 Rom.
1400 2430 1549 2470 Quamvis

875 2494 916 2511 ea·
931 2483 1064 2513 adverso
1079 2506 1087 2521 ,
1106 2495 1170 2513 non
1189 2491 1307 2513 lamen.
1325 2480 1369 2512 H.

921 2537 951 2567 8.
970 2538 1067 2577 Leges
1077 2559 1086 2572 ,
1104 2548 1185 2577 quas
1200 2545 1235 2566 uc
1247 2535 1442 2565 contrarias.
1458 2531 1549 2565 Hinc

873 2595 980 2620 status
1003 2586 1095 2632 apud
1121 2587 1197 2620 illos
1221 2587 1422 2632 ἀντινομίαις,
1445 2597 1547 2630 (μυ-ιη

872 2642 1109 2671 contrariarum
1121 2643 1223 2683 legum
1234 2646 1347 2678 vocat,
1358 2646 1391 2670 ct
1401 2638 1549 2670 illustrat

872 2693 999 2725 Fabius
1028 2693 1096 2724 Vll
1111 2717 1119 2731 ‚
1153 2704 1191 2735 7,
1214 2692 1257 2723 G.
1284 2711 1327 2715 -—-
1350 2692 1547 2732 lv'epetmccla-

876 2759 943 2776 rum
971 2747 1042 2785 legi.
1064 2746 1160 2777 Rom,
1187 2743 1443 2783 Hcpcluudurum.
1467 2744 1542 2781 lege.
