1757 2880
210 157 323 185 Lviu
699 150 851 193 VITA
885 151 1120 195 PLINIL

207 243 355 269 rorum
381 230 574 272 amicitiae
600 232 787 289 epistolis
815 235 1028 277 illustratae
1052 247 1148 277 sunt
1174 236 1277 292 (39).
1311 239 1502 296 Corpore
1527 241 1608 283 fuit

208 299 421 341 imbecillo
458 313 499 342 et
532 303 673 345 minus
703 305 906 359 robusto,
945 306 1059 363 quod
1093 308 1372 364 corpusculum
1405 310 1607 366 Trajanus

209 367 315 409 dixit
331 370 396 421 X,
425 386 501 427 29,
529 387 544 412 1
561 404 571 423 ,
598 384 638 414 et
664 374 867 416 intentius
887 391 1070 418 caussam
1094 389 1283 419 orantem
1312 395 1387 436 per
1407 380 1607 422 liberium

206 438 453 493 admonuit,
482 453 528 482 ut
551 442 673 485 lateri
696 446 932 487 consuleret
963 448 1003 487 ΙΙ
1021 479 1031 499 ,
1056 463 1100 488 11
1119 479 1130 500 ,
1164 447 1227 488 15.
1253 449 1498 505 Aliquando
1527 452 1606 508 lip-

205 509 403 565 pitudine
429 511 635 554 laboravit
651 515 753 567 VII,
781 530 828 556 21
845 548 856 567 ‚
887 532 902 556 1
920 549 931 570 ,
959 517 1263 558 honestissimis
1286 520 1461 572 caussis,
1485 521 1607 562 lucu-

205 579 474 622 brationibus
498 594 734 633 contracta,
758 586 911 642 quibus
939 598 979 628 et
1007 590 1161 629 caeterae
1184 589 1491 631 imbecillitates
1518 607 1606 631 ma-

201 651 338 704 jorem
372 651 480 694 forte
511 665 671 710 partem
704 656 964 713 imputandae
988 670 1087 699 sunt
1114 658 1218 715 (40).
1248 660 1309 700 De
1337 671 1471 702 morte
1500 661 1608 701 nihil

203 731 316 761 certo
342 734 505 765 constat
533 740 540 765 :
576 726 713 768 simile
745 738 885 768 autem
909 743 1009 770 vero
1037 729 1239 781 habetur,
1272 745 1346 787 per
1372 731 1605 787 plurimum

202 790 371 847 imperii
411 794 582 849 Trajani
621 808 819 854 tempus,
863 811 934 840 aut
973 800 1117 857 paullo
1158 801 1295 853 ultra‚
1335 801 1462 842 vitam
1504 817 1605 859 pro-

204 858 384 903 duxisse.
408 863 474 918 (41
483 865 498 921 >

247 976 320 1018 (39)
342 975 424 1009 Vid.
453 977 561 1012 Index
587 979 766 1013 hominum
781 1006 789 1020 ‚
816 983 870 1014 cui
937 983 1039 1016 etiam
1051 983 1421 1029 adnotarejucundum
1431 985 1607 1030 est,quod

200 1028 407 1061 intexuimus
424 1029 620 1075 catalogum
640 1044 758 1064 eorum
771 1058 781 1074 ‚
797 1034 870 1078 qui·
936 1049 999 1069 nec
1019 1037 1137 1069 annuli
1160 1038 1211 1069 sui
1231 1039 1486 1084 ἀποσφράγισμα
1509 1050 1536 1070 s.
1557 1046 1607 1083 ty-

198 1081 262 1113 bus
275 1081 447 1127 inscriptae
468 1091 547 1115 sunt
565 1082 726 1127 epistolae.
934 1100 1017 1131 pum
1031 1089 1191 1132 ignorare
1204 1101 1266 1121 nos
1284 1090 1413 1129 voluit,
1431 1092 1606 1133 quadrigas

245 1134 315 1176 (40)
331 1135 525 1179 AEgrotasse
542 1135 641 1168 illum
655 1138 759 1170 etiam
776 1137 868 1170 circa
934 1140 980 1179 X,
997 1143 1051 1180 16,
1065 1140 1096 1173 3.
1108 1140 1267 1174 Tandem
1277 1141 1363 1174 illud
1378 1142 1464 1174 forte
1477 1142 1546 1175 huo
1556 1155 1607 1175 re—

198 1184 318 1217 Nervae
344 1188 464 1220 mortis
488 1196 623 1234 tempus
635 1214 645 1229 ,
669 1199 811 1236 apparet
830 1203 868 1224 ex
935 1191 1116 1224 ferendum
1128 1193 1431 1237 superest‚librum
1443 1202 1605 1227 octavum

198 1237 243 1276 X,
261 1242 316 1277 24,
336 1239 369 1278 3,
389 1247 421 1272 et
438 1241 640 1284 gravissime
660 1241 802 1286 quidem
822 1243 867 1282 X,
935 1245 1067 1276 editum
1081 1244 1188 1277 videri
1202 1254 1280 1290 post
1295 1259 1428 1279 nonum
1441 1247 1605 1279 Massono

199 1293 231 1328 4.
253 1289 353 1323 Forte
371 1290 463 1324 idem
481 1293 545 1325 fuit
565 1294 706 1325 morbus
720 1318 728 1333 ‚
746 1294 780 1326 in
799 1307 867 1340 quo
933 1297 1061 1338 XLIV,
1083 1298 1116 1337 3,
1135 1310 1268 1330 nonum
1286 1307 1400 1332 autem
1418 1299 1528 1344 ipsum
1547 1299 1606 1332 ali-

198 1341 545 1377 abstinentiamsuam
554 1345 867 1380 etmoderationem
933 1362 1002 1394 quo
1018 1358 1094 1394 post
1113 1362 1169 1383 sex
1188 1351 1318 1395 priores
1335 1351 1515 1384 intervallo
1533 1351 1604 1384 edi-

196 1394 358 1437 probavit
373 1395 456 1437 VII,
481 1408 511 1436 1,
531 1402 564 1438 4,
583 1409 634 1443 sq.
933 1410 1006 1434 turn
1019 1429 1027 1444 ‚
1043 1402 1085 1435 ad
1100 1403 1208 1442 XLV,
1227 1416 1258 1442 2,
1275 1403 1403 1448 colligit
1417 1416 1455 1436 ex
1469 1405 1532 1443 IX,
1549 1416 1603 1447 19,

245 1448 317 1490 (41)
332 1449 430 1482 Certe
443 1449 530 1482 inter
546 1451 706 1496 epistolas
721 1454 793 1498 ejus
807 1477 815 1492 ‚
830 1461 868 1485 ut
937 1468 968 1494 1,
986 1455 1065 1488 coll.
1079 1456 1143 1495 VI,
1168 1468 1221 1494 10,
1238 1461 1270 1496 4.
1288 1455 1417 1489 Caetera
1431 1481 1439 1496 ‚
1460 1469 1535 1501 quae
1558 1455 1604 1489 ad

198 1500 292 1533 nulla
314 1500 418 1534 habet
444 1503 677 1537 characterem
702 1506 866 1550 temporis
932 1506 1118 1539 literarium
1158 1508 1383 1552 epistolarum
1422 1508 1602 1541 historiam

198 1552 320 1595 prioris
332 1567 424 1587 anno
437 1555 537 1588 Plinii
553 1557 594 1589 36
610 1556 693 1600 (vid.
712 1558 862 1591 Masson.
930 1560 1103 1604 pertinent
1114 1585 1122 1600 ,
1141 1573 1158 1593 e
1171 1561 1376 1594 Fabriciana
1391 1560 1603 1594 Bibliotheca

198 1606 233 1638 h.
255 1618 286 1639 a.
308 1608 326 1649 S
349 1609 415 1649 10),
436 1607 481 1641 ita
504 1621 568 1642 nec
593 1609 664 1642 ulla
692 1611 864 1644 recentior
930 1612 1079 1657 petenda
1094 1621 1191 1653 sunt,
1207 1614 1260 1647 cui
1275 1613 1367 1659 quod
1384 1613 1600 1658 adjiciamus,

197 1669 287 1690 anno
306 1660 411 1692 aetatis
428 1660 519 1694 illius
540 1662 596 1702 55,
612 1663 713 1696 certis
730 1662 863 1696 indiciis
929 1665 963 1696 in
978 1673 1071 1698 tanta
1086 1667 1273 1710 praesertim
1284 1666 1509 1700 Sclmarziani
1524 1678 1602 1710 ope-

197 1709 406 1755 deprehendi
419 1725 439 1746 a
451 1713 614 1747 Massono
624 1715 745 1760 potuit.
761 1717 864 1749 Caete-
929 1718 975 1749 ris
989 1719 1251 1763 exspectatione,
1258 1720 1331 1765 jani
1345 1732 1414 1753 non
1428 1718 1532 1751 hodie
1543 1718 1601 1750 ha—

196 1775 272 1796 rum
286 1788 294 1803 ,
324 1765 487 1810 quoniam
516 1767 572 1800 hic
604 1780 721 1801 sumus
736 1795 744 1811 ,
775 1768 862 1801 illud
929 1770 1066 1802 bemus.

766 2040 1027 2130 Q&
