1742 2989
213 207 290 258 ¹24

624 208 920 251 ‹J.PL1N11
955 211 1076 253 LlB.
1111 212 1174 253 11.

137 308 174 329 12
201 287 383 330 mirifice
403 322 413 340 ,
451 304 502 331 ex
538 305 621 348 qua
652 299 850 334 natantes
883 307 1000 334 mare
1035 291 1290 351 adspiciunt.
1322 294 1413 336 Nec
1446 291 1598 352 procul

201 360 565 420 sphaeristerium⁷
597 363 715 422 quod
745 363 1004 408 calidissimo
1030 364 1106 408 soli
1125 401 1135 421 ‚
1163 364 1369 409 inclinato
1393 367 1485 426 jam
1506 366 1599 419 die,

201 435 405 478 occurrit.
436 435 549 478 Hinc
579 437 710 479 turris
740 438 945 497 erigitur,
971 439 1051 482 sub
1081 456 1165 500 qua
1197 439 1331 483 diaetae
1358 439 1479 494 duae3
1501 441 1598 483 toti-

200 504 298 548 dem
325 507 368 549 in
405 507 508 567 ipsa.
542 510 754 553 Praeterea
785 511 998 566 coenatio,
1027 527 1123 572 quae
1157 511 1411 555 latissimum
1447 528 1566 554 mare
1588 547 1598 565 ‚

136 579 174 612 ¹3
200 576 499 639 longissimum
535 580 657 635 litus,
688 583 1004 627 amoenissimas
1034 584 1155 628 villas
1195 585 1416 645 prospicit.
1450 586 1528 628 Est
1558 594 1598 627 et

199 650 282 694 alia
314 654 473 697 turris:
501 655 545 697 in
572 654 653 698 hac
676 655 953 711 cubiculum,
987 658 1032 700 in
1064 675 1151 718 quo
1185 657 1246 702 sol
1278 658 1470 701 nascitur
1498 674 1602 701 con-

198 724 402 785 diturque
427 743 435 769 :
463 726 546 770 lata
582 737 680 788 post
715 729 926 789 apotheca
964 740 1006 773 et
1034 730 1254 774 horreum.
1290 731 1381 775 Sub
1411 730 1495 773 hoc
1526 731 1601 773 tri-

198 798 377 842 clinium
392 835 402 855 ,
430 801 547 860 quod
570 802 733 845 turbati
757 803 888 846 maris
910 820 1000 847 non
1030 805 1112 847 nisi
1138 804 1355 864 fragorem
1376 813 1419 847 et
1444 820 1600 847 sonum

198 871 386 930 patitur,
418 889 605 934 eumque
633 875 723 934 jam
748 874 1005 936 languidum
1031 893 1080 920 ac
1104 876 1397 932 desinentem3
1423 876 1600 920 hortum

132 956 169 991 14
197 952 239 985 et
286 946 573 1006 gestationem
613 947 731 990 videt
748 985 759 1005 a
798 965 884 1008 qua
918 949 1072 993 hortus
1114 949 1365 993 includitur.
1405 951 1602 994 Gestatio

193 1015 334 1072 buxo,
353 1029 428 1061 aut
446 1036 544 1062 rore
563 1021 757 1074 marino,
779 1022 855 1065 ubi
881 1021 1028 1066 deficit
1056 1022 1216 1075 buxus,
1242 1023 1434 1066 ambitur
1454 1039 1465 1067 ε
1493 1039 1595 1066 nam

194 1088 334 1133 buxus
351 1125 362 1145 7
391 1108 477 1151 qua
508 1102 631 1152 parte
654 1093 903 1138 defenditur
929 1095 1077 1149 tectis,
1098 1094 1270 1138 abunde
1294 1096 1427 1150 viret3
1450 1105 1601 1155 aperto

195 1161 298 1205 caelo
326 1174 566 1225 apertoque
594 1176 747 1222 vento,
780 1177 850 1221 et,
868 1183 1136 1228 quamquam
1158 1167 1397 1228 longinqua
1414 1204 1424 1223 ‚
1451 1185 1598 1228 asper-

131 1238 172 1271 15
196 1237 295 1296 gine
315 1238 468 1292 maris,
491 1239 707 1283 inarescit.
736 1240 918 1300 Adjacet
935 1242 1165 1302 gestationi
1187 1243 1395 1285 interiore
1415 1243 1600 1286 circuitu

193 1310 319 1352 vinea
340 1320 490 1355 tenera
516 1322 558 1355 et
588 1313 820 1365 umbrosa,
847 1314 1063 1375 nudisque
1084 1316 1214 1358 etiam
1248 1315 1431 1375 pedibus
1457 1314 1598 1358 mollis

196 1391 238 1425 et
268 1383 437 1427 cedens.
469 1387 657 1430 Hortum
692 1404 840 1431 morus
875 1398 917 1432 et
945 1388 1053 1432 ficus
1082 1387 1282 1449 frequens
1310 1389 1465 1431 vestit:
1491 1404 1599 1448 qua—

195 1501 294 1542 libri,
312 1516 331 1536 a
346 1504 463 1537 Cortio
481 1506 638 1550 probata.
657 1510 793 1551 Mirifice
808 1521 864 1553 pa-

195 1567 273 1587 rum
292 1556 418 1601 placet.
437 1558 471 1590 S.

246 1620 258 1639 1
266 1621 282 1639 2
292 1634 299 1640 .
311 1611 377 1639 Nec
378 1612 497 1651 procul
503 1612 756 1652 splzaeristerinm.
766 1613 861 1644 Rom.

196 1663 263 1691 Nec
269 1664 388 1703 procul
395 1664 630 1704 spheriscerion.
643 1663 687 1696 H.
703 1684 748 1688 -—
761 1666 864 1707 Splzae-

194 1715 350 1744 risterium
362 1739 370 1752 ,
386 1713 572 1747 aedificium
587 1716 689 1749 variis
703 1717 864 1749 exercita-

192 1765 343 1798 tionibus
357 1767 633 1801 accomodatum.
647 1769 712 1801 En.
726 1790 771 1793 ——
785 1769 865 1802 Pro-

192 1817 309 1851 banda
332 1819 528 1853 terminatio
554 1832 664 1865 graeca
677 1846 686 1862 ,
706 1833 812 1866 quam
832 1829 864 1854 et

195 1869 385 1903 Helmstad.
403 1879 530 1905 tuetur.
549 1873 583 1907 S.

240 1942 284 1946 —-
303 1926 408 1955 Turris
430 1927 572 1968 erigitur.
590 1925 710 1966 Quum
725 1926 859 1971 reliqua

194 1975 350 2008 membra
365 1976 451 2008 villae
471 1989 540 2009 una
559 1985 708 2019 tantum,
718 1979 771 2010 vel
786 1991 865 2011 con-

193 2026 451 2071 tignatione‚vel
460 2029 688 2062 fornicatione
696 2038 864 2072 constent,

194 2078 250 2111 hic
261 2079 386 2113 eminet
395 2080 543 2127 δίστεγος
552 2082 747 2122 aedfficatio,
758 2084 865 2117 instar

190 2134 393 2174 papilionum
413 2159 421 2170 ‚
455 2134 580 2178 quibus
607 2133 865 2179 distinguuntur

194 2183 299 2216 hodie
308 2184 493 2218 humiliora
503 2187 668 2219 membra.
681 2186 759 2220 Haec
771 2191 864 2220 turris

196 2235 345 2270 videtur.
367 2237 409 2271 G.

248 2309 293 2313 —
322 2292 560 2322 Amoem'ssimas
578 2294 676 2323 villas
689 2295 856 2335 prospicit.

194 2342 277 2373 Rom
285 2367 291 2373 .
302 2345 538 2374 Amoenissimas
548 2346 802 2386 villaspossidet.
816 2345 860 2378 H.

194 2414 238 2417 -—
259 2394 390 2439 Inepte.
412 2397 577 2427 Possidet-e
593 2396 659 2428 hoc
678 2409 778 2429 sensu
794 2422 802 2436 ‚
822 2406 860 2430 ut

194 2445 399 2490 respondeat
423 2446 556 2480 Gallico
584 2450 744 2484 dominer,
773 2450 862 2482 Lati-

194 2510 279 2530 num
298 2511 366 2531 non
387 2507 447 2531 est.
466 2501 499 2533 S.

245 2554 294 2583 13.
313 2553 479 2594 Apoclzecn
497 2562 527 2583 ec
546 2554 703 2585 horreum.
722 2554 858 2597 Optime

194 2602 323 2635 faciunt
338 2629 346 2643 ‚
363 2604 421 2648 qui
438 2604 530 2637 illam
546 2604 589 2636 de
605 2605 688 2637 cella
702 2605 833 2638 vinaria
848 2631 855 2645 ‚

194 2654 260 2687 hoc
276 2654 317 2687 de
334 2663 522 2689 statuarum
535 2656 793 2702 imaginumque
809 2671 857 2691 re-

197 2709 374 2750 ceptaculo
389 2734 396 2748 ,
422 2710 471 2741 vel
496 2710 596 2742 latius
620 2708 662 2742 (le
692 2709 775 2742 cella
804 2723 858 2754 pc-

929 1509 1050 1541 nuaria
1068 1508 1308 1554 explicandum
1326 1516 1458 1554 putant.
1477 1508 1531 1541 Cf.
1553 1507 1597 1540 de

929 1561 1094 1605 apotheca
1113 1561 1249 1594 Colum.
1267 1563 1306 1594 R.
1332 1563 1370 1593 R.
1400 1562 1432 1593 II
1447 1586 1456 1600 ‚
1483 1563 1502 1594 6
1519 1586 1526 1600 ‚
1553 1559 1595 1592 de

928 1613 1053 1646 horreo
1065 1614 1135 1658 ipse
1146 1614 1339 1651 Plin.V111‚
1352 1626 1405 1659 ep.
1423 1615 1477 1654 18,
1495 1626 1507 1646 1
1518 1626 1529 1644 1
1540 1640 1547 1645 .
1560 1613 1598 1645 E.

976 1686 1019 1690 —
1034 1670 1178 1709 Eumque
1189 1669 1262 1709 jam
1279 1669 1477 1710 languidum.
1497 1668 1594 1698 Rom.

930 1722 1075 1760 Eumque
1092 1721 1295 1761 languidum,
1314 1719 1477 1762 sinejam.
1494 1717 1538 1750 H.
1552 1739 1596 1743 —-

929 1770 1100 1803 Particula
1127 1771 1249 1804 melius
1279 1771 1388 1804 adest.
1417 1772 1450 1804 S.

982 1826 1033 1854 15.
1057 1825 1156 1854 Vinea
1178 1832 1286 1855 tenera
1316 1834 1346 1856 ec
1370 1826 1527 1855 umbrosa.
1548 1824 1598 1855 Ita

931 1883 963 1907 et
986 1876 1085 1908 Rom.
1112 1874 1192 1907 Aldi
1216 1876 1312 1920 prior
1336 1878 1435 1908 vinca
1469 1886 1596 1912 tenera,

932 1939 1007 1972 quae
1021 1935 1070 1960 est
1086 1927 1205 1960 herba.
1223 1928 1355 1973 Scripta
1371 1927 1516 1960 lectione
1529 1939 1600 1959 me-

930 1979 1051 2012 liorem
1060 1980 1212 2024 requiro.
1222 1980 1265 2013 H.
1275 2001 1320 2005 —
1328 1982 1494 2022 Nudisque
1504 1981 1598 2011 etiam

925 2034 1074 2076 pedibus.
1098 2033 1204 2065 Terra
1231 2033 1304 2078 ipsa
1332 2044 1402 2064 non
1435 2044 1596 2076 scruposa

931 2092 991 2117 aut
1012 2083 1106 2117 duris
1123 2084 1230 2129 glebis
1247 2097 1366 2129 aspera
1379 2110 1387 2124 ‚
1410 2084 1469 2117 sed
1488 2096 1573 2129 pura
1588 2109 1597 2123 ,

930 2137 1039 2182 putris
1055 2161 1064 2176 ,
1083 2136 1177 2181 pulla
1202 2138 1305 2180 (nam
1327 2136 1393 2170 hoc
1417 2137 1519 2169 etiam
1540 2149 1599 2169 uo-

930 2189 1022 2221 mine
1055 2197 1209 2221 teneram
1228 2214 1237 2228 ,
1271 2197 1302 2222 et
1322 2190 1419 2234 quasi
1444 2189 1597 2235 puellam

929 2240 1041 2274 notari
1060 2239 1104 2273 ad
1123 2242 1268 2274 rusticos
1285 2242 1566 2285 observavimus)
1583 2266 1592 2280 ‚

929 2292 1029 2326 facile
1041 2294 1144 2325 etiam
1158 2293 1238 2339 pedi
1251 2293 1347 2327 nudo
1358 2293 1482 2327 cedens
1500 2305 1507 2325 :
1524 2301 1595 2326 tum

928 2345 1027 2378 vinea
1044 2345 1116 2390 ipsa
1132 2347 1269 2391 juvenis
1285 2372 1293 2387 ‚
1310 2359 1385 2392 quae
1405 2359 1468 2379 nec
1485 2345 1596 2378 nudas

928 2397 1144 2443 nodosasque
1156 2398 1289 2432 radices
1302 2398 1472 2437 ostendat,
1483 2410 1595 2442 neque

927 2449 1155 2482 eminentibus
1170 2458 1202 2482 et
1220 2451 1485 2496 impedientibus
1499 2450 1588 2482 viam

926 2501 1021 2534 (luris
1040 2502 1220 2535 sarmentis
1238 2503 1487 2547 pollicibusque
1508 2501 1594 2533 anti-

926 2555 1001 2599 quis
1018 2555 1116 2587 tibias
1134 2567 1173 2587 ac
1190 2568 1284 2588 suras
1300 2554 1591 2587 inambulantium

924 2607 1068 2651 stringat
1090 2615 1121 2639 et
1139 2607 1304 2639 vulneret.
1323 2606 1377 2640 Sic
1394 2608 1492 2638 *vinca
1511 2618 1594 2651 quo—

924 2659 1083 2691 rumdam
1095 2684 1102 2697 ,
1123 2672 1223 2704 quam
1241 2661 1344 2691 vinea*
1358 2660 1568 2693 substituunt
1583 2683 1593 2697 2,

926 2711 1007 2743 nihil
1025 2723 1111 2757 opus
1128 2719 1187 2744 est.
1206 2712 1248 2743 G.
