1742 2989
614 179 957 223 EPISTOLA
993 181 1057 223 ΙΙ.

1448 180 1534 237 143

130 261 183 306 ad
210 261 324 306 hanc
349 259 579 322 epistolam
609 276 774 315 meam,
798 271 841 305 et
860 262 1084 323 quiescere
1105 261 1281 321 jubeas,
1301 278 1436 322 quum
1465 264 1535 307 in-¹

129 335 248 379 ertiae
275 335 440 378 crimen
466 332 675 394 effugero.
699 332 821 378 Vale.

128 459 201 500 <103
233 458 339 493 veluti
373 457 454 493 data
488 458 708 506 syngrapha,
738 459 799 492 tibi

128 511 293 558 spondeo.
333 512 375 545 E.
417 532 461 538 —-
498 514 630 545 laertia>
667 513 798 544 crimen.

865 459 955 493 Vide
971 460 1037 500 IV,
1053 461 1094 494 23
1109 485 1118 500 ,
1139 463 1159 500 4
1171 483 1180 500 ,
1201 466 1233 493 et
1250 459 1360 494 Cicer.
1381 459 1533 494 Sextium

865 513 974 546 LXV.
995 512 1038 546 G.

140 638 1348 651 mmmmmtnmmmmmnzmmmmmmmmm
1352 638 1515 651 mmm

784 767 864 822 II.

590 906 796 944 Arrianum
819 906 1069 944 commendat.

433 1039 472 1068 C.
510 1038 745 1068 PLINIUS
780 1039 1014 1069 MAXIMO
1049 1038 1149 1068 SUO
1183 1039 1218 1067 S.

189 1149 346 1206 QUOD
370 1149 462 1209 ipse
491 1150 642 1193 amicis
669 1149 757 1193 tuis
785 1147 1039 1193 obtulissem
1055 1184 1066 1205 ,
1084 1150 1119 1192 si
1141 1149 1249 1193 mihi
1273 1149 1424 1194 eadem
1446 1167 1537 1194 ma-

127 1221 234 1265 teria
256 1231 533 1282 suppeteret3
551 1221 594 1265 id
619 1238 738 1266 nunc
754 1221 854 1282 jure
877 1221 1029 1265 videor
1055 1239 1080 1266 a
1106 1232 1148 1266 te
1175 1223 1282 1267 meis
1306 1225 1536 1284 petiturus.

123 1295 338 1338 Arrianus
366 1295 589 1339 Maturius
614 1295 877 1340 Altinatium
911 1306 976 1339 est
1009 1297 1236 1357 princeps;
1271 1314 1409 1357 quum
1438 1297 1537 1342 dico
1564 1319 1580 1339 2

124 1368 328 1428 princeps
347 1402 358 1423 ,
386 1384 476 1411 non
505 1367 558 1411 de
582 1367 864 1412 facultatibus
889 1367 1049 1429 loquor
1066 1403 1078 1423 ‚
1107 1387 1203 1429 quae
1235 1369 1296 1413 illi
1324 1369 1444 1431 large
1469 1387 1537 1414 su-

123 1448 305 1499 persunt
326 1456 335 1482 ε
363 1439 437 1483 sed
463 1439 516 1483 de
542 1440 740 1484 castitate
758 1475 769 1495 ‚
789 1441 985 1500 justitia,
1019 1442 1257 1501 gravitate,
1284 1443 1535 1503 prudentia.

122 1512 264 1572 Hujus
286 1528 368 1573 ego
391 1511 574 1556 consilio
593 1547 604 1567 ‚
634 1512 679 1555 in
699 1513 912 1574 negotiis;
930 1513 1100 1573 judicio
1119 1549 1130 1569 ‚
1161 1515 1206 1557 in
1226 1515 1381 1560 studiis
1402 1527 1504 1561 utor
1526 1534 1535 1561 :
1564 1530 1584 1563 3

122 1600 224 1628 nam
250 1583 491 1645 plurimum
511 1584 620 1639 fide,
645 1584 888 1646 plurimum
911 1588 1118 1643 veritate,
1143 1587 1384 1648 plurimum
1410 1589 1537 1634 intel-

122 1655 302 1717 ligentia
335 1667 524 1718 praestat.
558 1660 692 1701 Amat
733 1659 958 1715 me(nihil
994 1677 1172 1720 possum
1209 1662 1436 1707 ardentius
1477 1664 1538 1707 di-
1564 1676 1583 1711 4

123 1730 255 1790 cere),
275 1739 325 1773 ut
344 1740 419 1774 tu:
442 1739 561 1773 caret
587 1731 782 1786 ambitu3
805 1731 903 1775 ideo
935 1749 979 1776 se
1006 1733 1050 1775 in
1077 1735 1268 1793 equestri
1304 1736 1444 1796 gradu
1473 1745 1538 1780 te-

124 1801 244 1857 nuit,
263 1818 400 1862 quum
426 1802 552 1847 facile
575 1814 721 1863 posset
739 1803 1004 1849 adscendere
1031 1804 1287 1849 altissimum
1312 1823 1322 1851 :
1345 1808 1455 1851 mihi
1476 1818 1539 1852 ta-

124 1891 225 1918 men
251 1874 474 1919 ornandus
505 1874 857 1937 excolendusque
882 1887 957 1922 est.
986 1880 1140 1939 Itaque
1170 1880 1319 1940 magni
1346 1881 1538 1937 aestimo,
1565 1891 1582 1918 5

170 2001 215 2033 II.
228 2013 257 2033 2.
267 2002 465 2034 Altinatium
476 2002 690 2044 estprinceps.
698 2002 794 2035 Rom.

124 2055 319 2086 Altinatium
332 2055 484 2097 princeps
497 2079 506 2092 ,
531 2053 671 2087 excluso
691 2055 797 2087 verbo

125 2115 180 2138 esca
195 2105 240 2138 H.

173 2162 207 2199 4.
228 2159 320 2190 Nihil
332 2171 463 2201 possum
489 2160 656 2191 ardentius
681 2161 795 2192 dicere.

125 2210 224 2242 Rom.
242 2212 335 2242 Nihil
343 2224 477 2253 possum
495 2213 600 2244 dicere
618 2213 797 2245 ardentius.

126 2261 170 2295 H.
191 2282 237 2287 —--
252 2262 367 2296 Placet
384 2263 442 2297 hic
461 2263 562 2297 ordo.
583 2264 617 2298 S.

171 2335 217 2339 —
230 2317 396 2355 Ambitus,
416 2315 567 2348 studium
587 2316 798 2350 adscenden-

126 2366 163 2400 di
196 2366 345 2413 gradum
378 2368 535 2402 altiorem
555 2393 564 2409 ,
596 2377 634 2402 ut
663 2372 797 2402 ambicio

126 2419 301 2453 interdum
326 2420 369 2453 de
388 2421 531 2454 crimine
557 2422 706 2455 ambitus
720 2448 728 2463 ‚
751 2423 799 2457 ita

126 2472 276 2505 vicissim
297 2475 434 2506 ambitus
454 2486 516 2519 pro
534 2474 720 2508 ambitione
739 2488 798 2521 po—

126 2525 232 2558 nitur.
250 2526 316 2559 En.

174 2597 218 2602 -—
246 2581 350 2620 Quum
361 2581 467 2623 facile
486 2590 596 2623 posset
620 2583 798 2614 ascendere.

127 2628 226 2662 Rom.
243 2633 346 2672 Quum
350 2633 457 2675 facile
466 2634 571 2675 possit
585 2635 715 2666 ascend.
731 2633 775 2666 H.

176 2684 425 2716 —Milzicamen
437 2687 614 2723 ornandus,
626 2694 691 2718 etc.
702 2687 798 2719 Rom.

863 2005 947 2035 Mihi
959 2013 1066 2036 tamen
1079 2007 1245 2037 ornandus
1260 2008 1535 2051 excollendusque‚

863 2055 935 2089 sine
944 2056 1050 2089 verbo
1062 2067 1117 2088 esc.
1126 2058 1204 2090 Non
1215 2058 1317 2103 plane
1324 2059 1485 2104 repudio.
1494 2061 1536 2093 H.

862 2128 908 2132 ——
922 2111 1137 2142 Extollendus
1152 2109 1283 2143 habent
1298 2111 1400 2145 etiam
1417 2113 1539 2147 Brum-

864 2161 949 2194 meri
972 2162 1154 2208 Excerpta.
1180 2164 1256 2197 Non
1284 2163 1456 2210 displicet.
1481 2170 1538 2198 Or-

863 2226 943 2246 nare
962 2222 994 2247 et
1018 2218 1165 2247 excolere
1186 2216 1243 2249 vix
1262 2215 1431 2250 differunt
1449 2230 1458 2251 ε
1477 2218 1536 2251 sed

864 2269 1018 2300 extollere
1035 2267 1115 2313 plus
1132 2276 1182 2301 est
1200 2281 1306 2314 quarn
1325 2283 1454 2304 ornare.
1473 2272 1538 2305 Ne-

864 2331 932 2364 que
945 2319 1127 2354 Secundus
1136 2321 1204 2355 hoc
1212 2323 1320 2355 verbo
1332 2335 1402 2355 non
1415 2323 1536 2356 utitur.

863 2372 962 2405 Infra
978 2373 1031 2405 III
1046 2397 1054 2413 ‚
1077 2386 1113 2407 11
1128 2399 1136 2415 ‚
1159 2387 1188 2407 1.
1208 2391 1222 2404 α
1237 2375 1297 2408 Est
1312 2376 1458 2408 omnino
1472 2377 1538 2409 Ar-

863 2424 1143 2460 temidorinostri
1156 2435 1226 2460 tam
1238 2429 1388 2473 benigna
1397 2435 1518 2460 natura
1527 2453 1537 2468 ‚

865 2484 903 2510 ut
917 2478 1033 2512 officia
1049 2480 1243 2514 amicorum
1259 2481 1293 2514 in
1309 2483 1420 2527 majus
1436 2480 1539 2514 extol-

865 2530 925 2563 lat.
936 2548 951 2559 n
966 2530 1018 2564 Ad
1031 2544 1135 2577 quem
1148 2533 1263 2565 locum
1276 2532 1448 2566 videndus
1456 2534 1539 2567 Cor-

867 2583 946 2616 tius.
968 2584 1019 2617 Ita
1036 2591 1070 2616 et
1084 2585 1202 2618 Livius
1216 2585 1392 2625 XXVIII,
1412 2586 1450 2619 31
1468 2610 1477 2625 ‚
1495 2590 1514 2625 4
1527 2610 1536 2624 ,

870 2652 882 2664 u
899 2635 1129 2670 defectionem
1161 2637 1332 2670 sociorum
1361 2637 1394 2670 in
1429 2637 1538 2682 majus

869 2688 983 2721 verbis
1005 2690 1216 2723 extollentes.
1235 2707 1246 2718 ω
1268 2689 1301 2722 S.
