1742 2989
223 191 245 218 2
654 178 702 221 C.
738 178 962 221 PLINII
997 179 1124 222 LIB.
1158 179 1192 221 I.

234 284 773 295 mmmmmmwsmwv—tws
777 284 938 295 mmm

940 284 1240 296 mmmmm
1244 285 1422 297 mmmm
1427 285 1603 297 mmm

878 393 958 448 II.

217 509 374 546 Librum
397 522 507 545 suum
527 510 691 546 Arriano
713 508 993 546 emendandum
1015 510 1128 546 mittit
1149 525 1156 545 :
1178 510 1376 547 consilium
1398 512 1432 548 ei
1449 513 1622 562 exponit,

268 573 373 623 quod
395 574 433 610 in
451 586 497 610 eo
514 573 747 610 elaborando
765 581 914 610 secutus
932 575 999 620 sit,
1015 583 1051 611 et
1067 587 1162 623 quos
1180 574 1283 611 viros
1299 576 1477 613 imitatus.
1491 580 1533 613 In
1553 577 1623 614 hac

276 646 401 674 autem
421 638 581 688 epistola
600 638 837 688 potissimum
855 639 979 688 placet
1000 641 1092 674 ordo
1112 641 1317 684 naturalis,
1337 653 1413 689 quo
1432 642 1624 679 sententiae

278 711 491 739 nectuntur.
511 706 578 740 En.

489 815 804 843 c.1›L1N1us
839 797 1140 842 ARRIANO*
1177 815 1278 844 suo
1314 815 1346 845 5.

276 928 414 982 QUIA
446 925 681 969 tardiorem
723 924 961 968 adventum
1002 934 1126 967 tuum
1166 927 1413 986 prospicio,
1440 927 1623 980 librum,

211 1015 339 1058 quem
384 999 603 1058 prioribus
643 997 836 1058 epistolis
878 998 1188 1057 promiseram,
1224 999 1420 1043 exhibeo.
1468 1002 1621 1057 Hunc,

212 1087 343 1131 rogo.
364 1088 414 1114 ex
436 1071 753 1115 consuetudine
775 1080 850 1113 tua
871 1080 914 1113 et
937 1070 1052 1130 legas
1076 1080 1116 1113 et
1137 1072 1338 1115 emendes
1359 1089 1368 1116 :
1392 1089 1442 1116 eo
1462 1075 1624 1134 magis,

209 1145 327 1205 quod
363 1145 471 1188 nihil
508 1154 609 1188 ante
643 1161 846 1205 peraeque
881 1144 1034 1188 eodem
1063 1142 1169 1202 ζήλῳ
1203 1147 1424 1206 scripsisse
1457 1147 1618 1191 videor.

207 1220 392 1262 Tentavi
424 1219 541 1262 enim
572 1219 733 1261 imitari
760 1217 1125 1273 Demosthenem,
1150 1235 1321 1280 semper
1347 1229 1496 1273 tuum,
1517 1219 1619 1263 Cal-

272 1311 319 1342 II.
342 1310 357 1326 *
380 1311 420 1342 111
446 1310 583 1343 Arriani
612 1310 753 1342 nomine
785 1308 881 1342 MSS.

207 1362 310 1394 valde
327 1362 463 1395 variant
477 1387 484 1402 ‚
509 1375 617 1408 quum
632 1361 689 1394 alii
706 1360 861 1393 Adriano
877 1385 886 1400 ‚

208 1414 267 1446 alii
288 1414 387 1447 Arrio
406 1440 414 1455 ‚
440 1422 500 1448 aut
525 1415 666 1447 Arrinio
685 1415 883 1460 praeferant.

207 1467 272 1500 En.
302 1488 347 1491 —-
375 1467 562 1500 Arrianum
588 1480 659 1500 esse
689 1467 881 1500 Maturium

210 1520 382 1564 Gierigius
400 1527 519 1564 putat,
537 1531 556 1552 a
574 1519 683 1551 Plinio
702 1519 788 1552 mire
807 1519 882 1551 lau-

208 1571 327 1604 datum
341 1597 349 1611 ‚
366 1572 419 1603 III
437 1596 446 1611 ‚
473 1585 503 1604 2.
529 1570 628 1603 Idem
647 1571 781 1604 dudum
808 1571 882 1616 pla-

208 1632 325 1657 cuerat
357 1624 528 1656 Catanaeo.
561 1623 679 1656 Minus
707 1631 799 1656 certa
829 1636 883 1656 res

206 1677 361 1710 Gesnero
385 1676 457 1708 visa
473 1687 480 1714 ;
499 1674 577 1708 vide
598 1676 753 1708 Iudicem
767 1676 884 1709 Homi-

206 1742 290 1762 num
309 1728 511 1761 Illustrium.
532 1729 566 1762 S.

256 1795 286 1815 Ι.
308 1784 435 1813 Librum
454 1794 545 1824 quem
555 1805 653 1812 .....
661 1783 882 1823 promiseram.

206 1834 386 1866 Actionem
412 1846 477 1880 pro
507 1832 610 1865 Accia
644 1833 785 1865 Variola
819 1834 884 1866 Ca·

206 1893 334 1919 tanaeus
347 1885 524 1930 intelligit,
537 1884 580 1917 de
595 1886 731 1929 quaVI,
749 1886 834 1928 33‚§
851 1899 882 1926 23

206 1939 265 1972 secl
291 1939 426 1971 nullum
451 1939 486 1970 in
512 1950 552 1970 ea
578 1937 682 1984 hujus
707 1939 757 1971 rei
785 1939 885 1972 vesti-

206 1991 303 2034 gium
321 2003 329 2031 3
365 1998 414 2023 est
447 1990 550 2022 etiam
586 1999 706 2023 contra
738 1990 881 2036 aliquid.

206 2043 285 2076 Haec
298 2054 472 2086 totaprope
483 2045 513 2074 in
525 2045 725 2074 contentione
735 2045 863 2076 dicendi
869 2060 882 2083 ,-

206 2095 275 2128 illic
289 2096 400 2140 major
413 2095 514 2139 longe
530 2094 689 2127 varietas.
708 2095 880 2140 Compara

207 2155 390 2192 utramque
416 2146 604 2191 epistolam.
625 2146 668 2179 G.
695 2167 740 2171 —-
765 2147 880 2182 Facile

207 2200 374 2232 assentior
383 2199 550 2232 Gesnero.
560 2198 625 2232 Sed
633 2199 777 2244 Gierigii
788 2201 880 2235 idem

207 2252 382 2297 probantis
396 2251 483 2284 ratio
497 2276 506 2291 ‚
521 2250 613 2296 quod
628 2251 758 2284 Plinius
772 2252 806 2284 in
822 2254 881 2287 illa

207 2317 269 2349 pro
284 2304 388 2337 Accia
399 2304 543 2336 Variola
561 2303 694 2336 actione
710 2304 772 2336 sibi
788 2306 881 2338 miri-

207 2356 271 2389 fice
297 2357 431 2401 placeat
451 2382 459 2396 ‚
489 2355 531 2388 de
556 2356 622 2388 hoc
651 2365 765 2389 autem
793 2357 882 2391 libro

208 2409 288 2441 satis
307 2409 459 2441 modeste
473 2407 626 2454 judicet,
646 2421 770 2454 parum
795 2422 879 2454 pon-

207 2460 297 2493 deris·
322 2461 458 2493 videtur
479 2461 619 2494 habere.
644 2461 755 2493 Potuit
783 2462 881 2496 aliter

208 2514 355 2547 scribere
379 2515 554 2553 Romano,
579 2513 632 2546 cui
657 2513 742 2546 liber
766 2514 880 2559 legen-

206 2563 271 2598 dus
292 2573 323 2598 et
344 2567 553 2597 admirandus
565 2591 573 2603 ‚
591 2565 690 2598 aliter
709 2567 856 2600 Arriano
871 2594 879 2609 ,

207 2618 262 2649 0111
278 2617 443 2663 legendus
459 2625 490 2650 et
505 2620 719 2650 emendandas
734 2620 882 2653 mittere-

209 2673 277 2702 tur.
297 2671 331 2703 S.
350 2690 394 2694 —
414 2670 514 2703 Liber
528 2695 537 2708 ,
559 2673 655 2717 cujus
677 2670 732 2703 hic
752 2674 880 2705 mentio

951 1308 989 1340 sit
1003 1334 1011 1348 ,
1031 1321 1103 1342 non
1120 1309 1183 1341 fuit
1203 1312 1286 1342 actio
1300 1324 1363 1353 pro
1384 1313 1516 1343 Variola
1534 1325 1545 1342 .·
1564 1309 1625 1344 sed

951 1361 1003 1393 vel
1030 1361 1063 1392 111
1092 1361 1284 1394 Publicium
1310 1363 1449 1395 Certum
1465 1388 1474 1403 ‚
1493 1362 1536 1395 de
1555 1375 1623 1408 qua

950 1412 1010 1445 lib.
1045 1414 1094 1446 IX
1113 1439 1122 1454 ,
1155 1427 1208 1459 ep.
1240 1417 1292 1447 13.
1319 1415 1374 1448 vel
1408 1415 1487 1447 alia.
1514 1416 1624 1450 Antea

949 1466 1040 1497 enim
1061 1466 1168 1511 longae
1187 1466 1325 1499 desidiae
1346 1468 1409 1499 sub
1426 1467 1623 1501 Domitiano

947 1516 1184 1552 indormierat.
1199 1519 1281 1552 Vid.
1297 1520 1357 1552 lib.
1371 1520 1471 1559 VIII,
1486 1532 1541 1566 ep.
1563 1526 1601 1561 14
1613 1546 1622 1561 ,

949 1570 981 1602 8.
996 1571 1094 1603 Actio
1111 1584 1172 1616 pro
1187 1571 1330 1604 Variola
1344 1571 1434 1604 edita
1452 1581 1501 1605 est
1516 1598 1524 1611 ‚
1542 1585 1621 1605 cum

945 1624 1015 1668 jam
1042 1623 1155 1655 multae
1180 1624 1280 1656 Plinii
1310 1624 1481 1657 orationes
1515 1632 1622 1657 exsta-

950 1682 1038 1708 rent.
1052 1675 1134 1708 Vid.
1157 1676 1216 1708 lib.
1234 1677 1306 1715 VI,
1322 1688 1375 1721 ep.
1398 1677 1438 1709 33
1452 1701 1460 1716 ‚
1484 1689 1536 1709 11.
1554 1676 1598 1709 H.

1002 1749 1047 1752 —
1065 1731 1186 1760 Eodem
1202 1731 1296 1775 ζήλῳ.
1311 1727 1444 1761 Ardore
1459 1754 1467 1769 ,
1484 1728 1599 1761 studio
1612 1754 1621 1769 ‚

951 1781 1170 1814 contentione
1189 1806 1198 1821 ,
1223 1788 1259 1813 ut
1292 1781 1402 1813 solent
1433 1781 1621 1820 nimirum,

951 1832 1009 1877 qui
1023 1833 1177 1865 aemulari
1191 1834 1340 1879 aliquem
1356 1858 1364 1873 ,
1382 1841 1415 1866 et
1429 1834 1455 1866 51
1469 1834 1622 1879 possint,

950 1897 1113 1930 superare
1144 1893 1326 1918 conantur.
1354 1885 1469 1919 Altera
1498 1886 1599 1919 lectio
1612 1910 1622 1926 ,

949 1940 1033 1975 stilo,
1052 1950 1122 1970 non
1143 1937 1293 1970 absurda
1310 1937 1369 1970 illa
1383 1937 1523 1982 quidem
1538 1963 1546 1978 ‚
1561 1937 1621 1971 sed

949 2002 1053 2022 nemo
1072 1990 1150 2023 stilo
1167 1991 1201 2022 in
1222 1993 1301 2035 ζήλῳ
1322 1998 1517 2022 mutaturus
1536 1998 1620 2024 erat.

948 2041 991 2074 G.
1008 2062 1052 2066 —
1065 2041 1132 2076 Sed
1147 2049 1279 2087 poterat
1293 2041 1417 2087 aliquis
1430 2045 1502 2074 stilo
1517 2055 1622 2088 appo-

947 2093 1074 2133 suisse,
1096 2093 1345 2138 interpretandi
1375 2106 1479 2126 causa
1507 2106 1514 2126 :
1538 2107 1622 2127 nam

946 2148 1034 2185 ζῆλον
1057 2146 1123 2179 1100
1143 2159 1243 2179 sensu
1265 2146 1395 2179 dictum
1416 2160 1510 2187 esse,
1530 2156 1622 2192 patet

947 2210 985 2230 ex
998 2197 1172 2231 Plutarch.
1194 2200 1321 2231 Anton.
1343 2211 1419 2244 cap.
1443 2213 1459 2232 2
1478 2212 1486 2232 z
1508 2203 1619 2245 ἐχρῆτο

948 2254 986 2289 δὲ
1015 2262 1059 2302 τῷ
1090 2259 1272 2303 καλουμένῳ
1299 2260 1353 2303 μὲν
1385 2254 1513 2303 Ᾰσιανῷ
1541 2260 1621 2305 ζήλῳ

948 2314 1009 2342 τῶν
1040 2311 1142 2355 λόγων
1155 2332 1166 2348 ,
1194 2312 1335 2344 &mmm
1367 2311 1510 2356 μάλιστα
1549 2311 1623 2345 κατ’

949 2363 1062 2395 ἐκεῖνον
1082 2364 1133 2395 τῂν
1152 2364 1278 2408 χρόνον,
1306 2370 1372 2396 etc.
1399 2364 1440 2396 E.
1469 2383 1515 2387 —-
1538 2364 1617 2396 Non

948 2413 1096 2452 erravit,
1117 2414 1143 2445 si
1173 2415 1249 2459 quis
1273 2417 1345 2448 stilo
1369 2415 1626 2460 interpretandi

946 2478 1049 2499 causa
1066 2468 1239 2511 apposuit.
1257 2470 1355 2508 Ζῆλος
1371 2467 1461 2499 enim
1478 2467 1534 2500 hic
1548 2479 1619 2501 non

946 2526 994 2550 est
1009 2543 1017 2558 ‚
1034 2527 1071 2552 ut
1086 2520 1267 2557 nonnullis
1280 2520 1391 2565 placet
1403 2544 1410 2558 ,
1427 2521 1547 2558 ard0r‚·
1562 2519 1621 2552 sed

947 2573 1083 2604 imitatio
1098 2598 1106 2610 ,
1137 2575 1311 2605 (emulatio.
1342 2573 1433 2615 Lege
1465 2583 1539 2616 quae
1571 2584 1622 2604 se-

946 2632 1114 2667 quuntur.
1133 2625 1166 2658 S.

995 2689 1025 2708 2.
1045 2679 1174 2709 Tentavi
1186 2678 1265 2708 enim
1276 2701 1284 2708 ,
1300 2699 1307 2707 .
1323 2699 1329 2707 .
1339 2677 1506 2708 orationis.
1521 2676 1619 2709 Rom.
