1742 2989
591 187 931 231 iflptsTol‘A
962 184 1098 228 xix<

143 290 320 326 ¹amem,
350 288 401 315 ex
434 287 520 331 quo
560 270 677 312 nasci
714 278 895 329 nepotes
930 266 1124 311 Aruleno
1162 266 1343 309 Rustico
1385 265 1547 308 deceat.

142 346 231 403 Qui
257 344 434 405 quidem
463 342 539 386 diu
563 341 822 403 quaerendus
850 341 1021 394 fuisset,
1044 340 1127 384 nisi
1154 348 1332 399 paratus
1359 348 1402 382 et
1424 340 1547 398 quasi

1079 414 1155 474 qui
1187 430 1256 456 me
1295 423 1344 456 ut
1376 413 1549 472 juvenis

1492 181 1551 240 ὃς)

140 419 339 480 provisus
373 426 484 460 esset
518 416 743 459 Minucius
777 414 1000 460 Acilianus
1034 432 1042 457 :

134 494 342 551 juvenem
373 490 463 550 (est
493 490 610 533 enim
635 490 781 533 minor
810 488 1008 549 pauculis
1037 488 1186 547 annis)
1214 485 1549 530 familiarissime

140 565 304 625 diligit,
327 573 552 607 reveretur
573 573 624 606 ut
649 579 795 606 senem
823 579 831 605 τ
854 579 956 606 nam
983 562 1042 605 ita
1064 578 1088 604 a
1111 576 1181 604 me
1208 559 1387 602 formari
1415 568 1458 601 et
1480 559 1549 602 in—

138 638 258 681 stitui
286 637 433 698 cupit,
458 646 506 680 ut
529 653 609 697 ego
635 653 658 679 a
685 636 807 679 vobis
834 636 1038 680 solebam.
1065 635 1211 680 Patria
1240 644 1304 677 est
1334 635 1373 677 ei
1402 634 1548 678 Brixia
1575 669 1579 673 Α

126 711 188 754 'cx
228 709 300 754 illa
340 720 488 754 nostra
527 709 653 754 Italia
674 745 685 763 ‚
716 727 811 770 quae
849 709 1035 753 multum
1071 709 1215 752 adhuc
1245 707 1547 760 verecundiae.

138 783 427 845 frugalitatis,
453 794 585 844 atque
622 784 752 827 etiam
791 784 1047 827 rusticitatis
1083 782 1275 842 antiquae
1304 782 1464 824 retinet
1498 798 1548 824 ac

136 867 289 902 servat.
314 860 443 901 Pater
467 858 693 901 Minucius
719 858 968 909 Macrinus,
990 855 1202 916 equestris
1229 854 1397 898 ordinis
1422 855 1547 914 prin-

135 947 234 991 ceps
252 966 263 987 ,
285 931 387 991 quia
408 930 517 974 nihil
540 930 669 974 altius
694 930 832 974 voluit
857 948 865 974 :
888 930 1083 974 adlectus
1109 946 1133 972 a
1156 928 1257 972 divo
1275 929 1548 989 Vespasiano

137 1006 249 1048 inter
279 1004 510 1049 Praetorios
530 1040 541 1060 ‚
571 1005 801 1048 honestam
833 1005 1027 1064 quietem
1062 1004 1166 1046 huic
1202 1011 1381 1057 nostrae,
1410 1003 1547 1045 ambi-

136 1077 243 1120 tioni
272 1077 416 1121 dicam
431 1113 442 1133 ,
458 1094 514 1121 an
543 1077 778 1138 dignitati?
802 1078 1153 1122 constantissime
1180 1075 1385 1135 praetulit.
1404 1076 1545 1119 Habet

134 1150 276 1193 aviam
303 1160 547 1194 maternam
580 1153 815 1195 Serranam
848 1151 1080 1195 Proculam
1098 1186 1108 1204 ‚
1135 1168 1158 1194 e
1188 1151 1434 1210 municipio
1460 1153 1545 1194 Pa-

138 1225 301 1268 tavino.
329 1225 458 1268 Nosti
493 1224 576 1268 loci
613 1242 769 1269 mores.
792 1227 981 1269 Serrana
1011 1235 1158 1269 tamen
1180 1224 1402 1268 Patavinis
1432 1239 1546 1284 quo-

132 1314 217 1357 que
247 1298 488 1341 severitatis
526 1297 774 1359 exemplum
811 1309 887 1342 est.
921 1299 1121 1358 Contigit
1155 1307 1198 1342 et
1229 1296 1473 1341 avunculus
1507 1298 1543 1340 ei

131 1373 176 1414 P.
201 1369 367 1413 Acilius
383 1405 394 1424 ,
420 1371 656 1430 gravitate,
680 1372 939 1432 prudentia,
965 1371 1050 1415 fide
1075 1388 1215 1432 prope
1241 1369 1465 1431 singulari.
1494 1372 1544 1413 In

130 1459 300 1487 summa
314 1478 325 1498 ‚
346 1442 457 1487 nihil
479 1445 562 1487 erit
586 1445 631 1487 in
654 1444 786 1488 domo
808 1455 900 1488 tota
914 1480 924 1499 ‚
944 1444 1064 1505 quod
1087 1461 1177 1488 non
1204 1445 1283 1487 tibi
1298 1479 1309 1497 ,
1333 1453 1543 1504 tanquam

176 1595 272 1628 XIV.
286 1599 316 1628 3.
331 1599 385 1627 Ita
401 1609 423 1627 α
439 1610 487 1628 me
494 1598 650 1640 formari.
664 1597 802 1630 Cortius

129 1661 168 1681 ex
183 1647 286 1681 codd.
302 1648 445 1682 meliore
457 1649 645 1682 verborum
660 1649 801 1690 ordine,

128 1703 328 1745 itafinmarz'
341 1715 362 1733 a
379 1715 440 1734 me.

167 1761 196 1790 4.
207 1756 322 1786 Brixia
331 1754 437 1788 hodie
447 1755 597 1796 Brescia,
609 1755 690 1788 olim
700 1764 804 1801 caput

130 1810 425 1846 Cenomanorum,
439 1808 528 1841 inter
540 1807 674 1842 Padum
689 1808 804 1854 Alpes-

128 1871 197 1904 que
212 1859 454 1893 incolentium.
475 1860 542 1893 Ed.

175 1933 220 1937 —
233 1916 434 1946 Rustz'cz'catis
448 1917 603 1957 antiquas.
620 1913 744 1946 Nescio
760 1926 804 1946 an

130 1966 254 1998 unicus
272 1966 330 2000 hic
350 1967 446 2000 locus
468 1967 530 2007 sit,
553 1966 612 1999 ubi
636 1966 671 1998 in
701 1965 804 1999 laude

127 2018 268 2064 ponitur
294 2022 474 2059 rusticitas,
498 2032 561 2065 pro
582 2019 804 2065 simplicitate

129 2071 187 2104 illa
218 2084 297 2104 cum
322 2071 457 2118 pudore
483 2075 673 2118 conjuncta
693 2098 701 2112 ,
728 2085 803 2118 quae

129 2136 302 2169 nusquam
332 2125 390 2158 illa
417 2125 559 2171 quidem
589 2138 637 2158 se·
654 2125 800 2170 ingerit3

130 2176 189 2208 sed
212 2189 287 2221 quae
307 2177 442 2222 agenda
458 2186 538 2211 sunt
556 2186 616 2211 aut
633 2177 779 2211 dicenda
792 2203 800 2217 ‚

129 2229 202 2261 sine
218 2230 298 2262 fuco
314 2238 346 2262 et
363 2230 501 2264 fallacia
515 2256 524 2272 ‚
541 2239 645 2276 atque
658 2231 731 2264 sine
747 2232 798 2264 af-

131 2282 314 2314 f<›ctatione
330 2282 417 2316 adeo
430 2308 439 2323 ‚
459 2285 691 2329 persequitur.
709 2285 803 2326 Quin

130 2334 229 2366 latius
246 2335 333 2368 forte
348 2347 389 2368 ea
401 2337 658 2382 complectitur,
673 2349 749 2382 quae
765 2350 803 2370 ex

129 2387 297 2420 Cicerone
311 2389 384 2433 jam
399 2387 588 2422 laudarunt
605 2390 672 2422 viri
693 2389 803 2429 docti,

129 2451 191 2483 pro
217 2440 315 2472 Rosc.
348 2441 425 2473 Am.
455 2454 486 2474 c.
516 2442 663 2475 XXVH.
692 2460 707 2470 ιι
723 2443 804 2475 Vita

127 2492 275 2532 rustica,
299 2505 403 2537 quam
431 2502 465 2526 tu
490 2502 659 2540 agrestem
683 2508 804 2535 xocas,

130 2545 350 2588 parcimoniae
370 2573 378 2586 ,
419 2546 602 2593 diligentiae
621 2572 630 2587 ,
664 2548 804 2593 justitiae

130 2597 293 2641 magistra
313 2608 374 2633 est.
389 2617 402 2629 ω
429 2600 472 2633 G.
491 2622 535 2624 —-
554 2600 746 2645 Gierigius,
768 2609 804 2633 ut

133 2649 281 2691 priorem
291 2655 476 2685 rusticitatis
488 2653 555 2685 vim
568 2653 712 2686 confirm
718 2661 803 2693 aret,

132 2701 281 2736 laudavit
299 2705 450 2738 Martial.
471 2707 494 2737 5(
510 2732 517 2745 ,
536 2719 576 2750 711,
594 2732 601 2747 ‚
625 2707 801 2745 10;()vid.

867 1598 941 1630 Art.
962 1598 1077 1631 Amat.
1105 1598 1178 1637 III,
1210 1610 1272 1638 127
1289 1609 1299 1638 ;
1320 1597 1470 1630 Plinium
1498 1597 1545 1630 H.

868 1651 912 1684 N.
931 1651 1078 1690 XXXV,
1097 1663 1130 1694 9.
1149 1651 1189 1683 E.

917 1704 947 1737 5.
962 1706 1116 1735 Adleccus
1126 1728 1132 1735 .
1144 1730 1151 1736 .
1163 1728 1170 1735 .
1180 1705 1263 1736 inter
1271 1703 1547 1736 Proecorios.Ves-

868 1755 1032 1801 pasianus
1043 1756 1150 1796 enim,
1163 1756 1328 1789 Suetonio
1340 1763 1424 1789 teste
1434 1768 1465 1788 c.
1481 1756 1544 1795 IX,

870 1808 1132 1854 «Amplissimos
1139 1807 1280 1841 ordines
1291 1808 1477 1842 exhaustos
1485 1820 1545 1841 cae-

871 1862 915 1895 de
934 1863 1043 1895 varia.
1051 1888 1058 1894 .
1067 1861 1265 1907 ‚supplevit.
1273 1861 1545 1894 ..honestissimo

870 1928 1010 1961 quoque
1044 1915 1246 1948 Italicorum
1278 1927 1317 1948 ac
1350 1914 1546 1959 provincia-

871 1968 957 2000 lium
976 1967 1151 2001 adiecto.»
1167 1969 1218 2001 Eo
1233 1968 1338 2014 igitur
1356 1967 1468 2013 gradu
1485 1967 1547 2000 ho-

870 2021 964 2054 noris
985 2033 1057 2054 esse
1072 2022 1188 2067 jussus
1210 2029 1261 2054 est
1286 2020 1462 2053 Minucius
1476 2046 1485 2061 ‚
1506 2034 1546 2053 ac

871 2075 900 2107 si
921 2074 1041 2107 fuisset
1061 2075 1201 2107 Praetor.
1220 2075 1263 2107 G.
1284 2095 1330 2099 —-
1349 2076 1448 2107 Rom.
1467 2077 1546 2106 alle-

869 2138 937 2159 ctus
951 2130 1033 2159 enim
1046 2141 1066 2159 a
1079 2130 1150 2160 ᾱὶνο
1164 2130 1372 2170 Vespasiano,
1382 2128 1482 2160 bene.
1500 2127 1543 2160 H.

869 2201 914 2205 —
923 2181 977 2214 Sic
988 2188 1020 2213 et
1030 2181 1179 2213 Cortius.
1189 2180 1362 2214 Particula
1372 2181 1446 2213 haec
1456 2180 1546 2213 male

870 2234 996 2266 omissa
1016 2246 1036 2267 a
1049 2234 1204 2267 Gesnero
1219 2241 1252 2267 et
1266 2234 1434 2279 Gierigio.
1449 2235 1484 2267 S.
1502 2254 1547 2258 -—-

872 2288 1063 2319 Ambitioni.
1080 2312 1087 2319 .
1105 2300 1162 2319 .an
1180 2289 1343 2331 dignitati.
1363 2288 1455 2320 Bene
1470 2286 1547 2318 Gie-

871 2339 976 2384 rigius
991 2364 999 2378 ‚
1020 2348 1058 2372 ut
1080 2339 1258 2385 dignitatis
1277 2339 1447 2385 oppositio
1466 2351 1548 2371 con-

871 2400 949 2432 stet,
959 2395 1165 2425 ambitionem
1180 2394 1303 2439 accipit
1318 2393 1361 2425 de
1377 2399 1546 2438 apparatu

871 2443 1046 2489 dignitatis
1074 2454 1215 2478 externo
1229 2472 1237 2485 ⁷
1269 2446 1458 2490 laudatque
1488 2445 1546 2477 Pa—

870 2509 949 2542 neg.
977 2499 1159 2532 LXXXIII
1175 2525 1183 2536 ,
1211 2512 1222 2530 r
1244 2511 1251 2536 ;
1272 2507 1303 2530 et
1322 2498 1432 2530 Tacit.
1460 2499 1543 2542 Agr.

872 2555 927 2590 250.
949 2551 988 2583 E.

918 2606 948 2635 f».
961 2608 1130 2635 Serranam
1140 2631 1145 2637 .
1155 2631 1160 2636 .
1170 2631 1176 2637 .
1186 2606 1351 2635 l’tcmvt'no.
1366 2605 1460 2635 Rom.
1474 2608 1545 2633 Sar-

871 2669 984 2687 ranum,
1000 2660 1169 2688 Proculam
1184 2670 1200 2688 e
1215 2658 1385 2698 numicipio
1397 2657 1543 2687 pacm-[0.

873 2708 911 2740 Η.
930 2731 972 2734 --ὴ
992 2713 1028 2740 lfa
1045 2711 1138 2740 donno
1156 2719 1236 2741 (om.
1256 2710 1294 2740 ln
1314 2708 1442 2740 familia
1460 2715 1542 2739 tota.

1573 1084 1592 1113 f}
