1742 2989
575 235 621 278 C.
660 234 888 278 PLINII
924 235 1050 278 LIB.
1089 235 1152 278 II.

172 370 229 381 m
233 371 369 382 xuwsm
373 371 414 381 vt
418 371 1250 383 mmumummnmummmmmmmm
1256 370 1555 384 mmmmm

296 580 668 658 LIBER
729 579 1423 661 SECUNDUS.

828 918 873 972 I.

159 1067 328 1117 Verginii
355 1066 461 1111 Rufi,
478 1065 550 1102 viri
579 1064 670 1102 clari
694 1064 806 1100 funus
830 1062 1034 1114 praedicat,
1059 1065 1260 1115 ipsumque
1282 1065 1459 1104 laudibus
1483 1078 1554 1117 pro

714 1128 851 1166 merito
873 1137 995 1165 ornat.

448 1272 486 1300 C.
526 1269 763 1299 PLINIUS
800 1270 1048 1299 ROMANO
1085 1270 1190 1300 SUO
1226 1272 1259 1299 S.

142 1376 291 1440 POST
324 1389 493 1451 aliquot
528 1406 667 1433 annos
703 1390 902 1450 insigne,
940 1399 1071 1451 atque
1110 1392 1242 1435 etiam
1278 1391 1564 1436 memorabile

140 1463 295 1525 populi
338 1463 528 1507 Romani
573 1461 711 1507 oculis
751 1462 1052 1523 spectaculum
1098 1464 1298 1508 exhibuit
1335 1464 1564 1526 publicum

140 1537 274 1582 funus
300 1537 501 1597 Verginii
530 1535 633 1580 Rufi
650 1570 661 1591 ‚
692 1536 875 1580 maximi
902 1546 944 1580 et
972 1537 1198 1582 clarissimi
1226 1539 1350 1594 civis,
1380 1539 1564 1600 perinde

186 1658 216 1690 I.
251 1669 278 1689 1.
308 1657 451 1700 Veyginii
474 1657 555 1701 Rufi.
581 1656 720 1698 nginii
744 1656 817 1699 lefi

139 1711 240 1743 Rom.
259 1717 292 1743 et
304 1708 432 1741 Medic.
451 1708 496 1740 H.
514 1728 560 1732 -—
576 1706 681 1748 Quod
695 1719 757 1739 nec
770 1707 818 1752 ip-

141 1776 217 1796 sum
230 1763 374 1796 malum.
389 1761 528 1794 Cortius
540 1761 629 1793 bene
639 1767 819 1804 comparat

145 1818 301 1860 Vergilius
320 1840 330 1853 ‚
368 1815 532 1858 Virgilius.
561 1812 645 1845 Vid.
680 1812 820 1857 Virgilii

141 1869 293 1903 Historia
304 1867 477 1914 descripta
487 1866 653 1912 perCoss.
664 1877 684 1898 a
694 1865 819 1898 Carolo

143 1924 246 1955 Ruaeo
265 1921 342 1954 init.
363 1921 398 1954 S.
424 1940 469 1945 —
495 1920 638 1963 Verginii
654 1921 729 1964 Rufi
743 1943 752 1959 ,
768 1926 821 1951 tu-

142 1976 227 2009 toris
247 1974 319 2014 sui,
336 1975 525 2005 memoriam
543 1971 680 2005 duabus
695 1972 820 2005 Noster

141 2027 292 2074 epistolis
308 2028 427 2064 coluit,
447 2025 527 2064 hac,
544 2032 576 2057 et
595 2025 645 2056 IX
658 2048 668 2064 ‚
684 2036 740 2069 ep.
762 2036 817 2067 19,

142 2080 188 2114 ad
208 2093 294 2127 quas
314 2079 440 2112 rectius
465 2076 708 2123 intelligendas
722 2076 819 2110 haud

141 2134 295 2167 alienum
325 2131 429 2164 fuerit
460 2142 573 2176 pauca
596 2129 654 2162 hic
682 2129 725 2163 de
755 2129 820 2163 viri

139 2187 283 2220 fortuna
313 2185 485 2229 rebusque
514 2182 617 2229 gestis
646 2182 816 2216 retulisse.

140 2238 331 2273 Consulatu
352 2237 465 2282 primo
488 2236 630 2268 functus
653 2242 704 2268 est
729 2248 761 2269 a.
780 2249 816 2269 u.

141 2293 206 2334 817
224 2290 352 2335 (Tacit.
379 2290 447 2322 An.
469 2289 550 2329 XV,
574 2289 630 2333 23)
647 2299 656 2329 ;
672 2287 732 2322 sed
753 2290 818 2323 sub

139 2344 287 2379 Neronis
311 2343 439 2376 exitum
463 2341 683 2388 potissimum
712 2342 818 2376 incla-

138 2398 219 2431 ruit.
246 2399 395 2431 Praeerat
419 2403 494 2428 tum
516 2395 711 2439 legionibus
733 2394 816 2429 Ger-

139 2451 285 2484 manicis
297 2476 305 2491 ‚
321 2450 432 2496 iisque
448 2447 670 2484 validissimis
683 2474 692 2489 ‚
709 2461 729 2482 a
742 2451 815 2495 qui-

140 2503 205 2536 bus
222 2503 352 2536 frustra
370 2501 414 2536 de
432 2501 577 2547 imperio
594 2502 814 2546 suscipiendo

140 2556 411 2595 sollicitabatur3
428 2554 556 2588 etenim
568 2566 634 2586 nec
652 2554 725 2600 ipse
744 2567 815 2589 sus-

138 2609 252 2654 cipere
263 2609 386 2649 voluit‚
397 2620 461 2641 nec
472 2607 544 2654 pati
557 2632 566 2647 ‚
578 2614 616 2639 ut
629 2606 673 2640 ad
685 2607 791 2640 alium
804 2634 812 2648 ‚

139 2674 244 2707 quam
256 2674 360 2707 quem
371 2662 518 2695 Senatus
529 2659 748 2700 destinasset,
761 2659 815 2693 de-

138 2716 300 2748 ferretur.
319 2715 402 2747 Erat
415 2714 451 2746 in
465 2713 591 2747 vicinia
606 2713 718 2746 Julius
727 2712 813 2746 Vin-

138 2766 200 2799 dex
213 2792 220 2805 ‚
238 2766 358 2800 Galliae
374 2767 569 2811 Propraetor
582 2791 590 2805 ‚
607 2766 686 2811 qui,
705 2778 812 2813 quum

884 1666 904 1687 a
929 1655 1067 1688 Nerone
1091 1655 1293 1696 defecisset,
1320 1656 1365 1690 ad
1389 1657 1563 1698 Galbam,

884 1707 1058 1752 Hispaniae
1071 1708 1344 1742 Tarraconensis
1357 1709 1541 1743 Praesidem
1553 1735 1562 1751 ,

884 1760 1072 1806 imperium
1091 1760 1229 1794 trahere
1247 1762 1455 1795 conabatur.
1473 1762 1563 1795 Cum

885 1826 927 1846 eo
942 1838 951 1852 ,
977 1813 1128 1846 militum
1153 1814 1305 1847 maxime
1330 1815 1460 1848 ferocia
1486 1827 1565 1848 coa-

886 1873 961 1899 ctus
978 1891 987 1907 ‚
1011 1865 1169 1912 praelium
1194 1866 1369 1900 commisit
1394 1867 1564 1901 atrocissi-

885 1931 983 1952 mum
997 1944 1006 1959 ‚
1021 1920 1056 1952 in
1072 1932 1144 1965 quo
1162 1920 1256 1953 caesis
1271 1920 1395 1965 viginti
1410 1920 1562 1955 millibus

885 1971 1068 2005 Gallorum
1080 1997 1089 2012 ‚
1104 1971 1242 2006 Vindex
1260 1973 1334 2018 ipse
1352 1985 1479 2005 manus
1498 1973 1563 2006 sibi

884 2024 1013 2058 intulit.
1023 2026 1074 2058 Ea
1084 2032 1202 2058 autem
1211 2025 1357 2059 victoria
1367 2025 1560 2058 utGalbam

885 2090 1025 2124 quoque
1042 2090 1140 2124 paene
1159 2077 1205 2111 ad
1223 2086 1373 2111 mortem
1395 2078 1459 2111 sibi
1477 2091 1561 2111 con-

885 2131 1099 2165 sciscendam
1106 2131 1243 2176 impulit
1253 2132 1360 2175 (Suet.
1369 2130 1471 2165 Galh.
1482 2132 1560 2176 XI),

886 2184 933 2217 ita
953 2184 1131 2229 ingentem
1149 2184 1317 2229 Verginio
1339 2183 1473 2229 peperit
1491 2197 1560 2230 qua

885 2237 1033 2282 gloriam
1050 2262 1059 2277 ‚
1080 2250 1149 2283 qua
1165 2237 1373 2282 potentiam.
1396 2237 1461 2270 Ille
1485 2249 1559 2270 om-

885 2291 984 2324 nium
1011 2303 1071 2323 ore
1103 2290 1272 2324 celebrari
1289 2315 1297 2331 ‚
1332 2289 1559 2336 omniumque

885 2343 1115 2378 admiratione
1140 2344 1176 2376 in
1201 2343 1325 2376 caelum
1350 2342 1490 2384 extolli,
1509 2343 1559 2376 illi

880 2409 1003 2442 parere
1031 2397 1144 2429 omnis
1164 2396 1292 2430 Gallia.
1320 2396 1410 2429 Hinc
1436 2395 1559 2429 arden—

880 2451 947 2483 tius
983 2451 1088 2483 etiam
1126 2450 1301 2482 instabant
1330 2448 1454 2481 milites
1474 2473 1483 2488 ‚
1521 2456 1557 2481 ut

881 2516 1057 2537 summum
1073 2503 1137 2536 sibi
1151 2501 1343 2535 vindicaret
1358 2500 1534 2545 fastigium
1547 2526 1556 2541 ,

881 2556 1069 2602 praesertim
1087 2556 1147 2590 ubi
1162 2555 1304 2588 nuntius
1323 2553 1366 2587 de
1386 2554 1478 2586 exitu
1493 2555 1557 2587 Ne-

880 2609 975 2642 ronis
996 2608 1122 2642 allatus
1141 2617 1203 2642 est.
1223 2607 1319 2648 Quin
1339 2605 1426 2639 adeo
1447 2606 1557 2639 tribu-

880 2674 965 2695 num
984 2661 1172 2707 quemdam
1192 2660 1330 2700 ferunt,
1349 2659 1467 2692 stricto
1488 2658 1556 2704 gla-

880 2714 938 2747 dio
954 2739 963 2755 ‚
984 2713 1161 2759 duplicem
1182 2712 1213 2746 ei
1232 2712 1456 2759 proposuisse
1475 2724 1555 2745 con-

880 2766 1044 2800 ditionem
1057 2792 1065 2807 ,
1082 2775 1117 2799 ut
1138 2774 1196 2799 aut
1216 2766 1345 2799 ferrum
1364 2767 1552 2810 reciperet,
