1742 2989
595 196 952 241 EPISTOLA
987 196 1079 239 III.

1488 214 1541 259 77

131 276 405 327 Incredibilis
426 278 659 333 memoria3
681 277 842 338 repetit
860 275 990 321 altius
1009 293 1106 338 quae
1124 276 1234 320 dixit
1253 293 1305 320 ex
1326 287 1522 339 tempore
1536 313 1546 333 ,
1569 289 1589 325 4

131 371 185 398 ne
211 354 343 398 verbo
369 352 547 415 quidem
574 352 752 396 labitur.
784 352 852 397 Ad
879 363 1047 397 tantam
1074 349 1150 404 ἕξιν
1178 351 1324 396 studio
1351 362 1546 397 et'exer-

130 428 338 472 citatione
351 427 553 489 pervenit
569 443 578 470 :
594 442 696 470 nam
715 426 868 470 diebus
885 437 929 470 et
947 425 1150 471 noctibus
1168 425 1279 469 nihil
1298 425 1417 469 aliud
1435 428 1547 487 agit,

129 501 240 546 nihil
263 500 403 555 audit,
425 500 534 545 nihil
557 499 764 561 loquitur.
786 504 965 545 Annum
994 500 1312 561 sexagesimum
1339 500 1547 553 excessit,
1572 507 1589 539 5

129 585 173 619 et
197 575 341 619 adhuc
369 573 651 619 scholasticus
681 583 853 618 tantum
879 584 944 618 est
972 592 980 617 :
1012 589 1100 635 quo
1126 589 1286 634 genere
1312 572 1546 616 hominum

129 648 239 693 nihil
262 658 338 693 aut
359 648 596 704 sincerius,
622 657 699 692 aut
723 647 894 692 melius.
922 649 1014 692 Nos
1040 647 1158 691 enim
1186 647 1263 707 qui
1288 646 1333 689 in
1360 645 1457 690 foro
1480 663 1548 689 ve·

130 724 277 783 risque
297 722 445 766 litibus
466 723 675 775 terimur,
699 720 887 765 multum
911 720 1086 765 malitiae
1107 720 1308 781 quamvis
1332 719 1523 763 nolimus
1537 755 1547 771 ‚

128 795 410 841 addiscimus.
431 794 591 840 Schola
611 804 655 838 et
673 794 941 839 auditorium
955 830 966 850 ,
986 805 1036 839 ut
1063 794 1164 839 ficta
1191 809 1341 838 caussa
1359 828 1370 849 ,
1396 794 1456 837 ita
1482 809 1550 836 res
1573 798 1592 827 6

129 870 332 924 inermis,
355 869 535 913 innoxia
554 878 618 912 est
638 885 647 912 :
672 884 754 912 nec
775 869 921 912 minus
942 867 1043 912 felix
1057 903 1067 921 ‚
1088 867 1266 912 senibus
1286 867 1545 927 praesertim.

127 944 244 988 Nam
270 942 377 1004 quid
403 944 449 985 in
475 951 698 986 senectute
724 940 917 995 felicius,
944 957 1076 1002 quam
1102 940 1221 1002 quod
1248 939 1547 984 dulcissimum

129 1026 192 1060 est
217 1017 262 1059 in
285 1014 500 1077 juventa?
525 1017 676 1073 Quare
700 1030 781 1075 ego
804 1017 959 1059 Isaeum
984 1031 1074 1057 non
1097 1014 1432 1058 disertissimum
1454 1024 1550 1057 tan-
1575 1026 1594 1058 7

129 1099 223 1133 tum
240 1125 252 1144 ‚
272 1106 428 1133 verum
448 1090 580 1134 etiam
605 1089 904 1134 beatissimum
921 1087 1072 1148 judico
1088 1123 1098 1142 ‚
1119 1104 1249 1148 quem
1274 1097 1322 1131 tu
1345 1088 1428 1131 nisi
1451 1104 1550 1148 cog-

130 1247 185 1279 Cf.
206 1247 278 1280 Cic.
296 1247 385 1293 Top.
406 1248 490 1280 XIII
504 1259 513 1287 3
528 1246 678 1288 Quintil.
694 1246 781 1279 VIII
797 1271 805 1286 ‚

130 1301 175 1340 53
195 1300 268 1333 Cic.
296 1299 341 1333 ad
364 1301 468 1333 Attio.
496 1301 535 1340 I,
567 1304 629 1339 14,
658 1306 690 1331 et
715 1298 804 1331 Geli.

129 1352 173 1386 N.
193 1353 233 1386 A.
254 1353 325 1393 VI,
349 1353 403 1387 13.
424 1353 547 1398 Itaque
564 1363 634 1383 11011
654 1358 806 1383 contem-

129 1405 244 1438 nenda
282 1414 334 1438 est
367 1403 602 1451 quorumdam
634 1403 805 1436 librorum

127 1457 225 1493 MSS.
241 1459 401 1499 varietas,
416 1458 477 1503 qui
492 1457 529 1490 h.
550 1457 573 1489 l.
594 1457 804 1503 ἐνθυμήματα

129 1512 183 1545 καὶ
198 1513 348 1558 νοήματα
361 1512 511 1560 junctim
530 1510 660 1544 habent
675 1535 683 1550 ,
700 1522 807 1555 quam

129 1563 313 1597 lectionem
323 1564 469 1598 restituit
480 1563 723 1609 Gierigius.Ab
734 1562 807 1596 aliis

129 1617 243 1651 Codd.
261 1618 367 1651 etiam
385 1618 489 1651 verba
507 1618 562 1651 καὶ
577 1618 731 1664 νοήματα
749 1614 807 1647 ab·

130 1678 220 1704 sunt.
232 1671 320 1705 Utra
330 1670 433 1705 lectio
449 1670 563 1704 verior
577 1669 637 1710 sit,
653 1668 722 1702 diei
736 1680 807 1701 11011

128 1723 809 1769 potest.Gesneruspiitabat‚e’v6t›p.·2r'.y.0t-.·oe

130 1789 203 1810 esse
214 1802 222 1817 ,
231 1790 318 1822 quos
326 1777 458 1809 Plinius
468 1778 664 1819 syllogismos
675 1777 809 1807 circum-

129 1832 263 1872 scriptos
281 1829 414 1862 dixerit.
434 1827 541 1870 Quod
564 1836 601 1860 ut
629 1840 690 1872 ego
713 1825 808 1860 affir-

130 1881 582 1926 marenolim‚itaGie1·igius
590 1887 809 1925 errat,quum

132 1937 343 1982 ἐνθυμήματα
361 1935 421 1968 1110
438 1946 541 1968 sensu
554 1933 646 1967 (licta
662 1945 735 1966 esse
750 1945 808 1966 ne-

130 1995 199 2032 gat.
214 1987 324 2020 Graeei
337 1986 463 2020 diserte
480 1990 515 2022 rb
535 1989 700 2034 ἐνθύμημα
717 1984 808 2019 (lixe-

129 2049 211 2073 runt
227 2043 435 2087 συλλογισμὸν
459 2042 616 2087 ῥητορικὸν
627 2066 636 2083 ‚
653 2044 805 2086 συλλογι-

132 2096 211 2139 σμὸν
230 2096 341 2132 ἀτελῆ.
362 2094 417 2127 Cf.
440 2094 635 2128 Demetrius
653 2093 749 2126 EIOC.
773 2105 803 2126 c.

131 2147 244 2187 XXX,
255 2154 287 2179 et
294 2147 441 2180 XXXII.
451 2147 495 2179 Et
502 2145 700 2180 Aristoteles
707 2145 805 2179 Rhet.

132 2199 172 2239 I,
191 2211 268 2244 cap.
290 2212 329 2239 2,
352 2198 453 2232 docet
479 2202 644 2246 ἐνθύμημα
667 2205 808 2245 συλλογι-

118 2256 211 2299 Δσμὲν
235 2249 314 2287 εἶναι
335 2253 366 2294 ἐξ
384 2255 494 2299 ὀλίγων
518 2268 552 2288 τε
578 2254 632 2287 καὶ
657 2254 806 2291 πολλάκις

132 2306 309 2340 ἐλαττόνων
337 2307 358 2343 ἢ
385 2307 417 2347 ἐξ
443 2303 483 2340 ὧν
510 2309 523 2341 ὁ
548 2312 674 2352 πρῶτος
697 2311 808 2340 συλλο-

129 2361 243 2406 γισμὸς
257 2384 268 2402 ,
286 2359 324 2392 11.
346 2373 377 2394 0.
398 2360 622 2406 enthymema
640 2372 711 2392 non
733 2372 808 2392 om-

130 2424 191 2445 nes
208 2425 265 2445 eas
279 2420 394 2458 partes
408 2412 513 2446 habet
524 2438 534 2453 ,
549 2425 636 2458 quas
654 2411 809 2458 syllogis-

132 2477 209 2498 mus
239 2465 453 2499 dialecticus.
482 2466 604 2511 Itaque
634 2465 701 2499 alio
731 2464 809 2497 loco

132 2518 224 2552 idem
240 2522 300 2554 ἐνθ.
316 2519 400 2552 dixit
416 2532 488 2552 csse
503 2516 667 2559 ἀπόδειξιν
687 2520 720 2564 &a
728 2531 810 2562 τορι-

132 2573 199 2609 κήν.
220 2571 324 2605 Plura
340 2570 383 2604 de
400 2584 439 2604 ea
459 2584 495 2604 re
515 2569 749 2616 congessimus
768 2569 803 2601 in

131 2625 301 2659 Technol.
318 2637 419 2670 graec.
434 2624 572 2657 Rhetor.
589 2635 623 2668 p.
645 2622 720 2656 108.
739 2622 779 2654 E.

181 2687 211 2715 4.
236 2679 306 2720 ἕξιν.
320 2678 500 2718 Habitum,
515 2689 575 2710 seu
590 2676 803 2709 facultatem.

133 2730 188 2763 Cf.
203 2731 392 2776 Wyttenb.
410 2730 446 2764 in
462 2729 550 2763 Bibl.
570 2728 657 2762 Crit.
672 2728 725 2760 ΙΙΙ
739 2752 748 2767 ,
767 2739 779 2757 1
796 2752 804 2766 ,

872 1258 907 1291 p.
940 1247 982 1285 43
1001 1270 1010 1284 ,
1046 1257 1117 1291 seq.
1150 1244 1312 1278 Similiter
1340 1243 1551 1290 Porphyrius

871 1297 964 1343 apud
978 1296 1167 1331 Eusebium
1181 1296 1270 1329 Hist.
1287 1296 1382 1329 Eccl.
1399 1297 1451 1328 VI
1464 1321 1472 1336 ,
1491 1308 1520 1329 1(
1542 1321 1550 1336 ‚

870 1363 906 1395 p.
921 1352 961 1384 28
970 1363 982 1383 1
997 1363 1005 1391 3
1018 1350 1073 1383 ed.
1086 1349 1193 1383 Read.
1206 1349 1434 1395 philosophiae
1445 1349 1552 1382 scien-

871 1404 955 1436 tiam
982 1405 1039 1440 τῆν
1069 1407 1098 1438 ἐν
1126 1406 1191 1443 τοῖς
1214 1405 1317 1449 λόγοις
1347 1404 1406 1444 ἕξιν
1428 1410 1551 1441 vocat,

870 1469 976 1502 quam
1011 1457 1117 1502 paulo
1151 1464 1230 1490 ante
1261 1458 1317 1493 τὴν
1352 1462 1414 1489 τῶν
1449 1458 1550 1501 λόγων

872 1513 1038 1557 ἐμπειρίαν
1056 1509 1203 1543 dixerat.
1221 1510 1255 1544 S.

920 1564 952 1597 5.
985 1568 1114 1595 Annum
1139 1564 1373 1606 sexagesimum
1405 1563 1552 1593 excessit.

871 1617 969 1649 Rom.
997 1619 1128 1647 Annum
1154 1619 1250 1647 LXX
1273 1617 1427 1653 excessit,
1456 1613 1553 1659 quod

871 1668 988 1701 minus
1011 1666 1182 1701 credibile
1208 1680 1247 1701 uc
1268 1667 1383 1713 potius
1410 1667 1551 1700 falsum.

871 1721 1004 1754 Deinde
1025 1733 1031 1753 :
1071 1738 1083 1750 «ι
1107 1733 1176 1767 quo
1211 1733 1338 1766 genere
1368 1720 1551 1752 hominum

871 1773 959 1806 1111111
972 1781 1030 1807 aut
1046 1773 1237 1819 simplicius
1252 1798 1261 1813 ‚
1282 1781 1342 1806 aut
1361 1773 1529 1806 sincerius
1542 1798 1550 1812 ‚

872 1834 930 1859 aut
941 1826 1078 1859 melius.
1091 1843 1104 1856 »
1116 1826 1161 1858 H.
1174 1826 1304 1859 —Hoc
1314 1825 1437 1859 ordine
1448 1825 1550 1858 etiam

870 1879 1065 1913 Brummeri
1082 1880 1264 1924 Excerpta.
1290 1879 1407 1924 Vulgo
1424 1890 1431 1910 :
1452 1895 1465 1907 «
1482 1890 1553 1923 quo

871 1945 996 1979 genere
1022 1932 1207 1966 hominum
1232 1930 1321 1964 nihil
1344 1939 1404 1964 aut
1425 1930 1553 1976 simpli-

870 1986 943 2020 cius
957 2010 965 2026 ,
982 1993 1041 2019 aut
1052 1984 1218 2018 sincerius
1230 2009 1239 2025 ‚
1254 1991 1312 2017 aut
1328 1983 1466 2017 melius.
1481 2001 1493 2013 n
1509 1985 1550 2017 In

871 2038 946 2071 aliis
959 2064 968 2079 ‚
989 2038 1093 2071 etiam
1116 2037 1151 2070 in
1176 2036 1376 2082 Gierigiana
1391 2062 1400 2077 ‚
1420 2037 1549 2070 omissa

870 2099 951 2125 suut
965 2101 1023 2123 auc
1034 2092 1207 2133 simplicius
1217 2116 1225 2128 ,
1241 2089 1344 2135 culpa
1356 2114 1365 2130 ‚
1380 2089 1415 2121 111
1432 2090 1550 2130 fallor,

869 2155 1054 2190 operarum
1067 2167 1076 2183 ‚
1091 2142 1152 2188 qui
1165 2167 1174 2183 ,
1190 2150 1228 2175 ut
1243 2142 1282 2174 sit
1292 2168 1301 2183 ‚
1316 2142 1439 2175 eadem
1456 2167 1465 2183 ‚
1481 2155 1551 2188 qua

869 2197 969 2230 toties
996 2195 1146 2235 librarii,
1173 2194 1305 2228 chorda
1331 2196 1548 2229 oberrarent.

871 2251 972 2284 Certe
986 2249 1074 2283 nihil
1090 2262 1130 2282 ex
1150 2248 1247 2282 libris
1266 2248 1402 2294 scriptis
1422 2247 1549 2281 discre—

870 2303 998 2349 pantiae
1008 2301 1079 2336 vidi
1093 2309 1285 2336 enotatum.
1296 2302 1331 2336 S.
1348 2320 1393 2325 —
1403 2302 1549 2333 Scholas-

873 2359 951 2389 zicus
971 2365 1106 2389 tantum.
1125 2355 1254 2388 Rhetor
1268 2379 1276 2395 ‚
1295 2353 1355 2399 qui
1376 2352 1409 2385 in
1431 2352 1548 2386 schola

873 2417 906 2442 et
924 2409 1048 2442 umbra
1067 2416 1203 2441 tantum
1227 2414 1405 2446 versetur,
1432 2406 1547 2438 forum

873 2474 1056 2507 nunquam
1089 2461 1264 2506 attigerit,
1291 2466 1329 2491 ut
1352 2458 1407 2490 ille
1438 2471 1548 2503 quon-

874 2514 955 2548 dam
978 2516 1162 2547 Isocrates.
1181 2513 1224 2546 G.

917 2571 950 2600 6.
975 2568 1106 2612 Utficta
1116 2591 1216 2597 .....
1227 2566 1366 2597 inermis.
1387 2564 1485 2596 Rom.
1508 2568 1548 2596 Uc

860 2623 947 2666 ficta
959 2632 1089 2657 caussa,
1109 2631 1157 2650 res
1174 2620 1318 2656 inermis,
1335 2616 1407 2649 sine
1427 2617 1482 2648 ita.
1501 2615 1544 2648 H.

871 2694 916 2698 —
934 2673 1060 2706 Melius
1085 2674 1181 2706 abest
1208 2673 1255 2702 ita
1270 2696 1278 2707 ,
1307 2678 1468 2714 recteque
1492 2680 1545 2702 ex-

872 2726 993 2771 punxit
1011 2725 1195 2770 Gierigius.
1218 2724 1251 2757 S.
