1742 2989
252 217 341 277 378

656 222 703 264 C.
739 221 968 264 PLINII
1001 221 1124 265 LIB.
1161 223 1243 266 VI.

247 317 380 360 quam
406 301 676 357 necessitati,
701 319 796 362 quae
823 318 921 362 pars
947 303 1127 346 rationis
1149 313 1233 359 est,
1258 304 1399 364 parui.
1427 306 1508 366 Egi
1533 307 1648 350 enim

248 373 457 434 quasdam
487 391 511 418 a
538 385 690 418 senatu
713 375 882 435 jussus,
912 392 1007 435 quae
1032 377 1159 420 tertio
1188 378 1233 420 in
1259 394 1443 422 numero
1471 378 1649 423 fuerunt

247 461 300 489 ex
333 445 404 490 illa
429 448 630 492 Thraseae
660 448 892 501 divisione⁷
922 447 1007 492 hoc
1037 459 1121 504 est,
1147 449 1202 493 ad
1236 450 1484 510 exemplum
1512 453 1647 511 perti-

204 529 224 562 8
246 529 413 562 nentes.
432 519 564 564 Adfui
591 521 757 564 Boeticis
778 530 931 565 contra
954 521 1148 565 Baebium
1173 524 1377 567 Massam.
1401 524 1647 579 Quaesitum

244 601 330 647 est,
356 608 411 635 an
441 593 584 637 danda
608 603 718 638 esset
740 594 966 654 inquisitio
995 612 1003 637 ε
1026 594 1127 638 data
1152 605 1227 640 est.
1250 596 1381 640 Adfui
1407 614 1554 641 rursus
1582 599 1646 642 iis-

244 664 341 707 dem
375 667 657 725 querentibus
689 667 741 710 tle
767 666 940 711 Caecilio
968 667 1175 713 Classico.
1205 670 1447 726 Quaesitum
1475 681 1562 725 est,
1589 688 1646 714 an

241 738 554 796 provinciales,
588 749 636 783 ut
668 741 806 783 socios
842 740 1152 802 ministrosque
1187 742 1485 802 proconsulis,
1515 743 1644 804 plecti

196 826 217 858 9
242 820 465 870 oporteret
495 830 503 855 :
539 829 690 872 poenas
725 813 914 857 luerunt.
947 815 1158 858 Accusavi
1192 816 1381 859 Marium
1421 815 1644 873 Priscu'm3

240 885 316 944 qui
343 883 434 946 lege
460 885 801 946 repetundarum
823 887 1077 943 damnatus⁷
1101 887 1306 931 utebatur
1331 887 1561 932 clementia
1587 888 1643 932 le·

240 957 303 1016 gis
319 992 329 1010 ‚
353 957 477 1016 cujus
506 960 781 1003 severitatem
808 961 1081 1003 immanitate
1108 960 1340 1004 criminum
1365 971 1605 1005 excesserat
1632 979 1641 1005 :

175 1046 213 1067 ιο
239 1029 454 1091 relegatus
474 1042 548 1075 est.
566 1033 722 1076 Tuitus
743 1049 837 1076 suin
854 1035 876 1076 J
880 1033 1017 1076 ulium
1037 1035 1237 1087 Bassum,
1258 1043 1306 1077 ut
1326 1033 1641 1078 incustoditum

238 1103 366 1146 nimis
398 1114 439 1147 et
469 1105 693 1149 incautum
711 1141 722 1161 ‚
751 1107 808 1149 ita
835 1106 1015 1149 minime
1040 1105 1202 1149 malum
1232 1122 1241 1148 z

1269 1105 1492 1165 judicibus
1519 1122 1639 1162 acce-

173 1196 207 1217 ιι
235 1177 322 1236 ptis
349 1178 392 1220 in
418 1189 572 1222 senatu
593 1180 812 1223 remansit.
835 1180 938 1223 Dixi
959 1179 1157 1239 proxime
1178 1194 1258 1237 pro
1276 1180 1477 1233 Vareno,
1498 1189 1642 1239 postu-

234 1249 375 1303 laute,
404 1261 453 1294 ut
477 1251 558 1294 sibi
588 1254 772 1296 invicem
800 1268 955 1295 vocare
982 1260 1111 1294 testes
1142 1249 1289 1294 liceret
1317 1267 1325 1293 :
1355 1251 1638 1310 impetratum

234 1332 311 1366 est.
336 1325 386 1366 In
413 1334 634 1384 posterum
656 1335 785 1386 opto,
804 1335 853 1368 ut
875 1341 924 1367 ea
951 1324 1226 1384 potissimum
1246 1324 1425 1383 jubear,
1448 1340 1544 1384 quae
1568 1340 1637 1367 me

234 1394 382 1438 deceat
404 1395 470 1439 vel
496 1407 651 1458 sponte
671 1397 830 1442 fecisse.
847 1396 973 1442 Vale.

279 1541 312 1571 7.
335 1532 413 1570 Quoe
437 1532 528 1561 certio
539 1555 547 1567 ‚
571 1538 636 1562 etc.
670 1530 767 1562 Rom.
792 1546 805 1558 α
821 1531 900 1571 Quo

230 1588 344 1613 tamen
366 1581 400 1613 in
430 1594 577 1614 numero
608 1582 746 1615 fuerunt
774 1595 814 1614 ex
840 1583 899 1615 illa

229 1632 388 1665 Thraseae
402 1632 573 1667 divisione
584 1659 592 1673 ‚
603 1634 670 1667 hoc
686 1643 747 1667 est.
761 1651 773 1663 »
790 1635 899 1668 Cella-

227 1684 325 1717 riana
339 1685 438 1717 lectio
454 1699 472 1719 a
487 1686 694 1719 casaubono
709 1687 897 1732 excogitata

229 1745 289 1770 est.
308 1738 493 1772 H.—N0n
510 1739 656 1772 debehat
675 1752 751 1773 eam
770 1741 895 1774 Gesne-

227 1802 286 1823 rus
299 1792 457 1824 retinere.
470 1792 579 1825 Unice
594 1804 729 1833 verum,
744 1793 839 1839 quod
856 1794 895 1825 li—

226 1842 288 1876 ber
305 1845 476 1878 Romanus
496 1858 575 1878 cum
590 1847 717 1878 caeteris
735 1846 894 1879 omnibus

226 1896 364 1929 exhibet
374 1898 531 1940 ‚fiterunt
545 1898 615 1931 scil.
631 1898 774 1944 aliquot.
789 1899 822 1932 S.

274 1951 433 1993 ——Aaffui
449 1953 587 1983 Ba’ticz's.
609 1950 691 1983 Vid.
711 1952 783 1991 ΠΙ,
803 1957 838 1991 4,
857 1957 892 1992 4,

227 2000 350 2040 etVII,
365 2002 421 2041 333
433 2001 475 2035 (le
488 2005 612 2035 caecilio
627 2005 764 2036 Classico
777 2003 844 2043 III,
856 2009 891 2045 4,

230 2063 268 2091 27„
288 2052 330 2085 de
342 2056 447 2086 Mario
462 2057 570 2087 Prisco
587 2056 640 2095 II,
666 2068 677 2088 1
689 2068 700 2087 1
717 2068 726 2096 ;
747 2055 790 2089 de
807 2059 891 2088 Julio

965 1538 1064 1565 Basso
1077 1534 1142 1575 IV,
1157 1546 1177 1577 9
1191 1545 1268 1576 ;pro
1292 1537 1416 1565 Vareno
1431 1558 1439 1573 ‚
1452 1533 1498 1573 V,
1524 1546 1577 1567 20.
1590 1535 1632 1567 G.

1014 1599 1064 1618 10.
1079 1591 1118 1618 Ut
1130 1588 1358 1618 incustoditam
1371 1611 1378 1621 ‚
1398 1593 1462 1618 etc.
1478 1587 1576 1619 Rom.
1596 1592 1635 1618 Ut

963 1640 1188 1669 incustoditum
1209 1648 1240 1669 ec
1256 1640 1357 1669 minas
1375 1648 1516 1671 caucum.
1532 1638 1576 1671 H.
1589 1659 1632 1663 —

962 1690 1053 1722 Vera
1067 1690 1138 1722 haec
1153 1690 1253 1722 lectio
1270 1689 1418 1722 videtur.
1436 1691 1469 1723 S.

1007 1762 1052 1766 —
1070 1745 1208 1774 Invicem
1235 1756 1355 1774 vocare
1380 1752 1484 1775 testem
1514 1743 1568 1776 Sic
1602 1750 1634 1775 et

960 1794 1291 1828 Rom.H.—-Praestat
1304 1795 1449 1828 aliorum
1465 1795 1632 1828 librorum

960 1860 1106 1886 evocare,
1137 1847 1233 1892 quod
1264 1848 1409 1881 verbum
1436 1846 1480 1880 de
1511 1847 1576 1880 hac
1594 1860 1632 1880 re

959 1901 1151 1944 proprium.
1171 1901 1205 1933 S.

1005 1973 1050 1976 —
1066 1956 1106 1984 Ue
1133 1966 1171 1984 ea
1189 1955 1411 1995 potissimum,
1437 1960 1501 1985 etc.
1528 1953 1625 1984 Rom.

962 2009 1001 2036 Ul
1013 2008 1213 2048 potissimum
1225 2009 1382 2049 jubeant,
1402 2007 1492 2048 qnod
1507 2018 1555 2037 me
1573 2007 1625 2035 de«

958 2068 1039 2090 ceat.
1057 2058 1105 2092 H.
