1757 2880
202 181 347 208 xxvui
722 163 1075 207 PRAEFATIO

200 263 300 290 meo
325 263 453 290 sensu
479 245 682 289 arbitrari
710 245 817 288 mihi
852 244 1025 299 videor,
1056 245 1130 305 qui
1156 244 1240 288 hoc
1275 245 1367 305 ipso
1400 254 1595 305 tempore

202 337 290 363 non
316 320 407 363 sine
430 319 641 363 suavitate
662 318 850 378 quadam
873 317 978 361 illud
1003 328 1175 378 tempus
1201 318 1463 377 cogitatione
1485 334 1598 377 prae-

199 392 384 453 cipiam,
404 408 540 452 quum
566 391 775 435 videbunt
798 391 1019 445 homines,
1041 392 1115 451 qui
1142 400 1239 451 post
1264 390 1430 450 aliquot
1451 400 1598 434 aetates

199 465 318 510 hunc
344 467 485 526 ipsum
507 465 701 509 libellum
726 466 769 508 in
790 480 945 508 manus
966 473 1161 517 sument,
1180 463 1350 507 licuisse
1373 463 1479 506 mihi
1504 473 1598 506 tan-

200 549 294 582 tum
326 556 414 582 non
452 538 723 582 familiariter
759 555 857 582 cum
892 539 1083 581 Henrico
1111 539 1173 580 XI
1206 537 1414 580 Rutheno
1449 552 1599 596 agere,

200 629 329 671 quem
358 628 434 655 sua
459 611 688 666 nobilitas,
710 612 869 667 virtus,
889 609 1093 666 felicitas,
1119 626 1185 652 res
1211 619 1340 670 gestae
1363 608 1416 652 ad
1448 609 1600 668 ingens

200 685 307 728 adeo
332 685 555 746 fastigium
586 684 834 728 extulerint.
864 686 932 727 De
955 684 1098 727 Plinio
1123 683 1299 744 quidem
1327 700 1417 726 rem
1449 699 1491 726 se
1518 684 1601 737 ita,

199 759 265 801 uti
292 758 407 813 dixi,
432 758 614 813 habere,
642 758 732 818 ipse
752 757 970 817 judicabis
986 792 996 812 ,
1016 758 1128 812 scio,
1154 757 1187 799 si
1216 771 1471 816 percurrere
1496 754 1601 798 velis

198 831 332 874 vitain
364 830 504 887 illius,
529 830 701 891 qualem
729 847 782 873 ex
807 830 873 873 his
902 829 1116 891 epistolis,
1145 829 1320 872 aliunde
1345 828 1462 872 enim
1488 844 1599 887 pau-

198 904 367 946 cissima
393 913 617 959 constant,
639 902 813 964 collegit
839 902 1074 955 Cellarius,
1100 903 1169 946 cui
1198 919 1221 945 a
1249 903 1374 945 nobis
1402 910 1600 945 tantum-

197 975 297 1019 dem
329 975 418 1020 fere
452 977 670 1036 adjectum
700 986 777 1020 est.
811 976 895 1020 Sed
927 975 1033 1019 illud
1062 992 1236 1036 quoque
1273 976 1375 1036 ipsis
1407 972 1601 1034 epistolis

197 1049 511 1110 cognoscendis
535 1050 772 1110 intelliges,
789 1052 822 1093 si
844 1049 1068 1093 attendere
1085 1049 1293 1105 volueris,
1308 1050 1369 1110 (et
1390 1046 1598 1101 attendis,

195 1137 290 1180 quae
309 1138 467 1183 magna
482 1122 785 1166 adolescentiae
801 1132 885 1166 tuae
902 1122 993 1165 laus
1012 1132 1095 1177 est,
1113 1122 1325 1182 quidquid
1342 1119 1461 1182 agas)
1477 1119 1600 1173 illud,

194 1195 397 1254 inquam,
412 1213 492 1256 pro
512 1196 659 1257 magni
678 1195 794 1239 illius
811 1205 853 1239 et
870 1196 1041 1256 capacis
1062 1195 1225 1255 ingenii
1248 1195 1311 1237 tui
1334 1195 1373 1236 vi
1395 1207 1601 1254 agnosces

194 1267 419 1326 quaesitam
435 1284 525 1311 esse
546 1267 691 1311 studio
709 1269 962 1311 varietatem
984 1279 1026 1311 et
1049 1269 1369 1320 amoenitatem,
1388 1266 1600 1310 lectorum

193 1337 433 1396 lenocinia;
450 1356 538 1383 non
554 1340 810 1399 conjunctas
826 1341 954 1384 unius
969 1341 1177 1401 temporis
1188 1375 1199 1395 ,
1214 1340 1279 1382 vel
1298 1340 1351 1383 ad
1374 1356 1509 1382 unum
1530 1339 1602 1381 ho-

193 1413 452 1466 minem,vel
473 1414 602 1456 unius
622 1414 869 1473 argumenti
885 1413 1107 1474 epistolas,
1125 1413 1330 1457 distracta
1352 1413 1496 1473 potius
1514 1422 1600 1455 stu-

193 1482 289 1539 dio,
305 1501 400 1544 quae
421 1485 475 1527 ad
495 1502 633 1528 unum
657 1485 802 1529 locum
824 1487 1069 1546 pertinent,
1089 1502 1434 1546 suspensumque
1454 1502 1601 1545 exspe-

194 1558 384 1600 ctatione
407 1557 614 1601 lectorem
630 1593 640 1611 ,
667 1568 714 1600 ut
740 1558 886 1618 plures
909 1557 1135 1618 pervolvat.
1160 1557 1386 1618 epistolas,
1413 1557 1518 1600 dum
1547 1556 1602 1600 ad

193 1645 288 1671 eam
310 1630 479 1683 veniat,
500 1647 595 1689 quae
616 1641 803 1690 coeptam
826 1647 985 1674 caussae
1005 1630 1188 1690 alicujus
1203 1640 1278 1674 aut
1297 1631 1461 1691 negotii
1477 1646 1599 1673 enar-

192 1702 407 1744 rationem
431 1703 638 1746 absolvat.
660 1702 773 1745 Illud
800 1719 975 1763 quoque
1001 1720 1089 1746 non
1114 1703 1206 1746 sine
1229 1703 1410 1746 consilio
1437 1703 1600 1746 factum

193 1784 275 1829 est,
298 1775 417 1835 quod
445 1785 507 1818 tot
537 1776 676 1836 elogia
704 1776 933 1818 hominum
960 1777 1025 1818 sui
1051 1777 1151 1829 aevi,
1178 1786 1220 1819 et
1246 1776 1600 1835 praedicationem

192 1849 367 1891 virtutis
383 1849 556 1892 illorum
572 1850 784 1892 intexuit:
811 1866 862 1891 eo
877 1848 977 1909 plur
982 1850 1117 1892 imum
1133 1865 1289 1908 nempe
1308 1859 1349 1892 et
1369 1849 1599 1892 hominum

194 1932 237 1965 et
262 1921 525 1966 familiarum
554 1924 784 1975 intererat,
810 1922 971 1965 habere
1001 1938 1111 1982 opus
1138 1921 1244 1975 hoc,
1274 1931 1316 1964 et
1343 1923 1429 1965 suis
1458 1931 1598 1981 poste-

194 1995 283 2047 ris,
316 2005 363 2038 ut
399 1996 634 2055 imaginem
664 1995 855 2055 aliquam
882 2031 894 2051 ,
929 2005 978 2039 ut
1006 1995 1185 2038 titulum
1216 1956 1457 2038 Iiobilitatis
1490 2011 1598 2048 suae,

194 2067 514 2111 commendare.
557 2069 694 2121 Huic,
727 2079 863 2128 puto,
901 2070 1014 2112 intel
1050 2068 1133 2111 alia
1169 2067 1348 2111 consilio
1385 2067 1570 2111 debetur
1589 2102 1600 2122 ,

195 2140 313 2200 quod
340 2141 383 2183 in
411 2150 531 2184 tanta
555 2140 767 2184 librorum
794 2142 886 2201 ejus
908 2142 985 2185 aevi
1010 2151 1174 2202 strage,
1197 2158 1293 2201 quae
1316 2151 1452 2184 totam
1478 2157 1600 2201 paene

193 2213 393 2272 Trajani,
415 2214 571 2273 optimi
598 2214 832 2274 principis,
856 2214 1082 2258 historiam
1111 2214 1323 2270 abolevit,
1349 2215 1486 2258 evasit
1516 2214 1600 2258 hoc

193 2285 420 2339 volumen,
440 2295 482 2329 et
507 2303 644 2345 quum
671 2289 861 2331 auctoris
887 2289 976 2342 sui,
999 2298 1092 2331 tum
1119 2288 1303 2331 aliarum
1335 2304 1504 2341 rerum,
1526 2287 1600 2330 ho-

194 2359 451 2419 minumque
487 2362 701 2403 memoria
728 2371 877 2405 nostra
913 2362 1269 2421 dignissimorum
1287 2399 1298 2414 .,
1324 2363 1597 2407 conservavit

193 2432 462 2475 memoriam.
486 2434 702 2476 Successit
724 2436 838 2477 enim
864 2434 1021 2478 deinde
1039 2435 1208 2478 Sidonii
1225 2435 1488 2497 Apollinaris
1513 2444 1598 2477 stu—

193 2504 312 2547 dium
327 2541 337 2559 ,
351 2506 430 2547 viri
455 2507 625 2565 magni,
645 2508 718 2566 qui
739 2524 873 2566 quum
895 2509 1107 2552 Nostrum
1134 2510 1260 2551 unice
1283 2517 1466 2561 amaret,
1485 2523 1600 2550 com-

192 2578 441 2629 mendaret,
470 2579 514 2621 in
548 2579 794 2639 exemplum
830 2590 1119 2641 proponeret,
1151 2581 1268 2641 quod
1306 2597 1357 2622 ex
1396 2579 1600 2638 subjectis

194 2650 451 2693 testimoniis
486 2653 650 2710 poteris
683 2652 945 2713 intelligere,
972 2654 1259 2715 multiplicata
1292 2653 1421 2712 hujus
1451 2653 1595 2711 operis
