1742 2989
203 235 292 263 202
601 221 650 262 C.
688 222 916 266 PLINII
946 223 1071 266 LIB.
1106 224 1192 265 lv.

209 337 1589 350 nuwstmmvsszwtuzzvsxxsunmmmwnmxmmmmwmsxoetnwsmsnsnmx

389 514 756 591 LIBER
816 511 1426 611 QUARTUS.

874 820 919 874 I.

270 951 477 984 Prosocero
498 947 703 984 adveutum
723 961 832 985 suum
856 949 1040 998 significat
1055 978 1064 994 ,
1085 949 1219 985 eodem
1240 948 1373 985 itinere
1393 949 1536 986 Tiferni

670 1013 852 1062 templum
876 1011 1133 1048 dedicaturus.

306 1134 346 1161 C.
385 1133 618 1162 PLINIUS
653 1133 878 1162 FABATO
905 1118 924 1136 '⁶
954 1133 1289 1162 PROSOCERO
1324 1134 1428 1162 SUO
1465 1135 1499 1161 S.

202 1208 404 1287 Culus
429 1246 528 1297 post
555 1236 735 1298 longum
761 1246 934 1298 tempus
963 1247 1139 1298 neptem
1175 1247 1296 1281 tuam
1327 1254 1483 1298 meque
1515 1255 1603 1281 una

200 1311 362 1353 videre.
388 1311 576 1352 Gratum
601 1320 668 1353 est
690 1311 865 1369 utrique
885 1320 1110 1363 nostrum,
1135 1310 1252 1370 quod
1276 1311 1425 1370 cupis;
1449 1319 1604 1353 mutuo

200 1400 270 1426 me
295 1382 503 1428 hercule:
530 1399 631 1426 nam
663 1383 853 1426 invicem
885 1399 965 1426 nos
996 1382 1241 1426 incredibili
1268 1383 1460 1443 quodam
1494 1382 1608 1425 desi-

202 1455 321 1498 derio
352 1455 482 1498 vestri
512 1464 715 1498 tenemur
734 1491 745 1510 ‚
770 1454 888 1515 quod
908 1472 997 1498 nou
1025 1454 1139 1498 ultra
1167 1455 1434 1498 differemus.
1462 1456 1608 1515 Atque

202 1528 311 1571 adeo
333 1528 425 1587 jam
452 1527 691 1570 sarcinulas
717 1527 961 1588 adligamus
977 1563 987 1583 ,
1008 1528 1283 1583 festinaturi,
1310 1537 1525 1587 quantum
1540 1529 1609 1571 iti-

201 1602 317 1644 neris
346 1601 457 1643 ratio
487 1601 750 1660 permiserit.
777 1602 873 1645 Erit
903 1617 991 1644 una
1010 1635 1020 1655 ‚
1047 1601 1121 1644 sed
1148 1601 1318 1655 brevis,
1340 1617 1462 1644 mora
1491 1617 1501 1644 :
1530 1601 1608 1644 de·—

157 1676 162 1681 '
202 1674 425 1717 flectemus
454 1674 498 1715 in
536 1675 725 1727 Tuscos,
756 1690 846 1716 non
872 1683 922 1717 ut
958 1690 1085 1734 agros
1122 1690 1303 1733 remque
1344 1673 1606 1717 familiarem

202 1747 338 1791 oculis
360 1747 641 1807 subjiciamus
663 1746 737 1807 (id
759 1747 875 1790 enim
898 1747 1103 1807 postponi
1128 1745 1326 1807 potest),
1345 1746 1418 1789 sed
1436 1756 1484 1789 ut
1505 1746 1609 1789 fun-

156 1840 173 1868 s
201 1837 356 1881 gamur
393 1820 636 1863 necessario
677 1818 836 1862 officio.
877 1819 1104 1879 Oppidum
1142 1828 1206 1862 est
1240 1817 1412 1878 praediis
1450 1820 1609 1862 nostris

248 1931 277 1962 I.
293 1930 307 1945 *
322 1932 461 1961 Fabato.
476 1928 530 1960 Ad
546 1931 705 1960 Fabatum
718 1941 871 1970 prosoce-
934 1930 1004 1970 jam
1023 1930 1104 1959 adeo
1115 1953 1124 1966 ,
1146 1927 1267 1960 ordine
1285 1928 1471 1960 verborum
1484 1928 1610 1973 impro-

202 1996 290 2021 rum,
311 1983 407 2028 cujus
426 1989 566 2026 neptem
584 1993 602 2013 e
620 1980 690 2013 filio
705 1979 847 2012 duxerat
863 2005 872 2019 ‚
938 1980 996 2012 bo.
1015 1981 1065 2013 De
1079 1990 1176 2023 atque
1185 1983 1266 2011 adeo
1281 1980 1351 2012 vid.
1370 1980 1545 2012 Drakenb.
1564 1981 1607 2013 ad

201 2035 316 2079 plures
342 2034 440 2080 epist.
457 2033 606 2078 scripsit.
625 2032 779 2065 Credunt
801 2045 874 2065 esse
940 2033 1016 2072 Liv,
1046 2033 1098 2072 X,
1134 2032 1151 2064 5
1167 2057 1175 2072 ‚
1207 2036 1260 2072 14.
1287 2032 1321 2065 S.
1347 2034 1606 2075 —Adlz'gamum

202 2086 352 2119 eundem
379 2086 477 2131 Calp.
508 2086 697 2125 Fabatum,
724 2085 873 2130 equitem
940 2085 1005 2117 Pro
1025 2084 1171 2130 simplici
1192 2087 1343 2127 lig-amns,
1362 2083 1479 2116 minus
1493 2092 1608 2117 tamen

201 2140 395 2171 Romanum
407 2163 415 2177 ‚
436 2150 539 2182 quem
555 2138 665 2170 Tacit.
686 2138 751 2169 An.
769 2137 852 2168 XVI
864 2164 873 2178 ‚
939 2136 1113 2181 eleganter
1124 2161 1132 2175 ,
1146 2136 1171 2168 si
1182 2135 1268 2168 fides
1279 2136 1470 2169 Plutarcho
1481 2135 1606 2169 Moral.

204 2192 223 2224 8
235 2216 244 2231 ‚
262 2199 381 2224 narrat
392 2215 400 2229 ‚
426 2198 593 2234 tanquam
620 2189 797 2222 conscium
823 2189 874 2222 in·
939 2189 981 2221 T.
1021 2189 1056 2220 II
1067 2213 1075 2228 ,
1105 2200 1184 2233 pag.
1219 2189 1280 2228 145
1298 2213 1306 2227 ‚
1334 2187 1387 2220 ed.
1419 2189 1606 2234 Wyttenb.

202 2244 285 2276 cesti
303 2242 441 2288 Lepidae
457 2267 466 2282 ,
486 2250 684 2275 accusatum
701 2255 772 2275 esse
786 2268 794 2282 ‚
813 2243 873 2276 sed
939 2243 981 2275 Τὸ
996 2239 1032 2274 δὲ
1049 2239 1216 2286 δεσμεύειν
1234 2245 1450 2275 ΑΑΛΙΓΑΡΕ
1465 2246 1607 2287 λέγουσιν

201 2296 375 2328 Neronem
389 2320 397 2334 ‚
414 2294 506 2327 circa
523 2307 658 2327 summa
677 2296 804 2327 scelera
825 2294 874 2327 di-
939 2296 964 2327 οἱ
977 2294 1087 2327 πολλοὶ
1102 2288 1269 2338 Ϊ)ωμα.ίων“
1287 2295 1313 2326 οἱ
1328 2291 1364 2326 δὲ
1382 2297 1607 2339 καθαρεύοντες

201 2355 351 2380 stentum
364 2372 372 2386 ‚
402 2346 499 2391 quasi
524 2347 692 2378 minorem
713 2348 869 2379 evasisse.
938 2348 968 2379 ἐν
980 2352 1025 2390 τῷ
1037 2344 1242 2391 διαλέγεσθαι
1252 2373 1260 2387 ,
1272 2351 1438 2379 AH'APE.
1449 2345 1514 2379 Sed
1523 2346 1609 2378 falli-

203 2400 253 2432 Ex
263 2399 417 2444 epistolis
426 2398 589 2430 Pliniauis
604 2398 759 2431 videmus
773 2398 872 2432 Comi
939 2397 1094 2430 tur.Vid.
1108 2399 1135 2429 Ι.
1146 2398 1203 2430 Fr.
1215 2397 1368 2430 Gronov.
1381 2396 1426 2430 ad
1440 2397 1586 2429 Liv.VII
1598 2422 1606 2436 ,

203 2451 424 2485 consenuisse
438 2476 446 2490 ‚
466 2458 568 2495 atque
580 2449 613 2482 iu
628 2450 773 2494 patriam
793 2451 873 2482 libe·
940 2455 980 2491 24
993 2475 1001 2490 ,
1017 2455 1036 2491 4
1051 2462 1059 2490 ;
1074 2450 1111 2482 it.
1126 2450 1299 2482 Drakenb.
1315 2449 1359 2482 ad
1372 2449 1408 2481 h.
1423 2449 1445 2481 l.
1461 2448 1546 2481 etad
1560 2450 1607 2489 V,

204 2505 313 2537 ralem
327 2504 441 2536 fuisse.
459 2503 524 2534 ΕΙ).
941 2514 996 2546 27,
1031 2515 1050 2545 ς)
1069 2514 1077 2542 ;
1108 2501 1307 2534 Schneider.
1341 2500 1386 2533 ad
1418 2500 1605 2533 Columell.

257 2569 268 2588 1
279 2582 286 2588 .
307 2559 438 2598 Neptem
456 2565 553 2586 taam.
573 2553 797 2597 Calpurniam
812 2554 874 2586 filii
937 2567 973 2598 p.
992 2554 1069 2598 569.
1083 2554 1250 2586 Caeterum
1264 2554 1472 2595 udligavimas
1483 2577 1492 2590 ,
1508 2552 1605 2597 quod

206 2608 327 2640 Fabati
338 2607 441 2652 hujus
455 2606 560 2638 filiam
571 2630 580 2645 ‚
595 2617 698 2649 quam
714 2614 788 2649 post
802 2606 874 2638 obi·
938 2605 993 2638 alii
1008 2606 1086 2638 libri
1098 2606 1227 2638 liabent
1236 2630 1244 2645 ‚
1257 2616 1353 2650 paene
1365 2605 1557 2648 praeferam.
1569 2605 1603 2638 S.

207 2668 279 2692 tum
295 2660 417 2704 prioris
434 2658 547 2691 uxoris
564 2657 718 2690 duxerat.
735 2656 778 2689 G.
984 2679 1028 2682 —
1044 2662 1176 2694 Tuscos;
1187 2657 1316 2701 ubique
1326 2664 1423 2689 vocat
1435 2655 1601 2701 praedium

257 2726 285 2744 2.
312 2717 412 2753 :Itque
432 2714 512 2744 adeo
523 2713 605 2754 jam.
623 2709 759 2743 Cortius
780 2719 874 2751 atquc
940 2723 1039 2743 suum
1056 2711 1089 2742 in
1104 2708 1238 2742 Tuscis.
1254 2709 1318 2741 En.
