1742 2989
162 182 247 237 146
555 178 605 220 C,
643 175 869 220 PLINII
905 175 1029 217 LIB.
1069 176 1159 218 III.

153 265 273 309 ribus
304 261 478 307 credere
512 269 663 321 potes;
694 274 797 301 nam
821 256 993 301 dicendi
1022 255 1205 301 facultas
1239 264 1390 316 aperta
1416 265 1460 300 et
1491 273 1562 301 ex-

151 339 294 401 posita
322 336 468 381 statim
498 334 706 379 cernitur.
723 332 827 376 Vita
857 331 1087 375 hominum
1115 328 1224 373 altos
1250 345 1442 373 recessus
1473 345 1562 374 ma-

150 428 346 474 gnasque
372 410 560 454 latebras
590 406 750 461 habet3
782 405 906 466 cujus
932 422 1012 465 pro
1040 404 1250 449 Genitore
1279 420 1349 447 me
1383 420 1563 465 sponso-

150 502 242 529 rem
266 485 426 545 accipe.
447 480 569 526 Nihil
599 497 650 524 ex
670 480 754 523 hoc
774 479 867 522 viro
896 478 1009 522 silius
1036 488 1136 521 tuus
1160 477 1331 531 audiet,
1357 478 1439 521 nisi
1463 494 1563 538 pro-

105 572 124 606 7
149 558 376 602 futurum:
409 554 518 599 nihil
554 553 711 608 discet,
738 551 857 613 quod
887 552 1073 595 nescisse
1105 552 1265 594 rectius
1304 550 1448 594 fuerit.
1473 552 1563 595 Nec

149 634 293 690 minus
325 647 436 691 saepe
463 629 517 672 ab
538 627 612 671 illo
630 661 640 679 ,
667 642 796 686 quam
825 642 850 669 a
875 635 917 669 te
938 641 1094 685 meque
1114 624 1449 680 admonebitur,
1470 625 1566 686 qui-

148 707 230 751 bus
267 703 533 765 imaginibus
560 709 790 756 oneretur,
817 717 913 760 quae
941 699 1122 742 nomina
1157 708 1201 742 et
1237 708 1402 760 quanta
1438 700 1563 742 susti-

149 789 262 823 neat.
290 776 509 830 Proinde,
539 773 787 818 faventibus
816 773 920 829 diis,
946 771 1069 816 trade
1098 788 1198 814 eum
1226 772 1511 832 praeceptori,
1540 788 1565 815 a

149 869 238 913 quo
267 867 407 895 mores
438 849 659 910 primum,
684 864 787 891 mox
822 846 1118 908 eloquentiam
1145 845 1305 902 discat,
1330 863 1426 907 quae
1452 845 1565 890 male

148 928 240 970 sine
265 924 460 969 moribus
483 922 680 967 discitur.
701 920 822 966 Vale.

149 1064 308 1099 mollities
334 1070 367 1095 et
386 1061 567 1095 dissolutio
586 1060 692 1106 hujus
715 1058 822 1091 aetatis
890 1069 931 1090 eo
946 1081 954 1096 ‚
969 1056 1029 1102 qui
1044 1063 1113 1089 tam
1134 1055 1234 1089 claris
1253 1056 1444 1101 majoribus
1457 1057 1565 1101 (quo-

149 1118 252 1157 facit,
276 1124 312 1149 ut
337 1113 511 1148 horridior
534 1112 707 1147 videatur.
734 1112 822 1143 Eam
889 1122 968 1142 ruin
990 1115 1188 1154 spectantur
1208 1108 1242 1141 in
1263 1108 1357 1141 atriis
1373 1108 1565 1153 imagines)

147 1172 216 1204 vim
236 1175 290 1210 τῆς
311 1180 346 1201 nt
363 1168 442 1201 satis
462 1167 676 1199 illustramus
695 1163 740 1197 ad
760 1165 822 1197 Fa·
890 1169 986 1195 ortus
1007 1161 1060 1194 sit.
1080 1162 1140 1193 Est
1161 1161 1233 1194 haec
1258 1161 1347 1193 ratio
1367 1160 1487 1193 similis
1508 1161 1565 1194 Ci-

147 1225 263 1257 bruni.
278 1223 322 1256 G.
337 1242 383 1247 -—
399 1221 497 1253 Infra
515 1219 614 1264 epist.
632 1220 651 1251 6
667 1243 675 1258 ‚
697 1218 715 1251 3
734 1228 741 1249 :
764 1234 776 1245 «
792 1217 821 1248 A
889 1215 1083 1248 ceronianae
1104 1213 1152 1246 illi
1177 1214 1352 1246 sententiae
1374 1212 1418 1246 ad
1441 1213 1562 1246 Curio-

148 1286 243 1323 tergo
258 1288 397 1322 quoque
415 1272 536 1307 eadem
550 1280 629 1304 aetas
644 1297 652 1311 ,
671 1278 709 1303 ut
723 1283 741 1303 a
755 1277 821 1302 ter·
889 1281 968 1301 nem
981 1293 989 1308 ‚
1010 1268 1094 1300 fam.
1114 1267 1149 1298 II
1161 1291 1169 1305 ‚
1188 1271 1207 1306 4
1227 1278 1234 1299 :
1256 1283 1271 1294 «
1287 1267 1347 1299 Est
1366 1266 1426 1298 tibi
1450 1266 1565 1310 gravis

149 1344 205 1377 go.
219 1347 231 1358 »
250 1328 383 1361 Eodem
401 1325 504 1359 modo
523 1323 635 1357 Graeci
654 1322 825 1369 particula
891 1320 1088 1355 adversaria
1122 1319 1308 1352 constituta
1347 1326 1379 1351 et
1419 1327 1540 1364 parata
1554 1342 1564 1359 ,
1587 1332 1590 1334 ’

150 1386 191 1424 ὥς
212 1390 370 1415 utuntur.
388 1379 480 1413 Vide
504 1386 622 1411 nostra
647 1376 690 1410 ad
712 1375 822 1420 Longi
890 1372 1101 1407 incredibilis
1131 1371 1291 1418 quaedam
1321 1371 1529 1417 exspectatio
1551 1396 1560 1410 ‚

148 1435 315 1469 Pastoral.
332 1447 369 1479 p.
386 1434 451 1473 428
467 1457 475 1472 ,
494 1444 545 1476 sq.
563 1431 596 1464 S.
890 1440 995 1473 quani
1013 1434 1050 1458 tu
1070 1451 1078 1466 ‚
1099 1433 1164 1458 etc.
1181 1442 1193 1453 »
1220 1425 1264 1459 G.
1284 1446 1330 1450 -——
1344 1427 1490 1457 Moribus
1513 1438 1524 1456 .·
1547 1436 1564 1457 e

197 1501 231 1533 7.
246 1490 363 1529 Quibus
373 1486 567 1528 imaginibus
581 1492 738 1515 oneretur.
752 1480 824 1512 Ma·
890 1479 1094 1513 definitione
1124 1478 1263 1511 Catonis
1294 1485 1412 1510 orator
1438 1485 1488 1510 est
1513 1477 1564 1510 vir

151 1553 220 1587 gna
238 1539 354 1572 omnia
375 1550 497 1583 nempe
521 1542 761 1581 exspectantur
780 1534 823 1566 ab
890 1533 1000 1565 bonus
1012 1556 1021 1572 ‚
1042 1530 1178 1565 dicendi
1199 1531 1341 1576 peritus.
1361 1531 1427 1563 ΕΒ.

158 1696 679 1713 ιτιηιιππννιιπὶιιῐιηιιικικ
687 1693 922 1705 ιιἏιικιΛὶιπ
928 1693 982 1703 xxm
988 1691 1227 1703 ιιιῐικιιιιΊ-ιὶ
1233 1691 1246 1702 x
1252 1691 1554 1702 nwsvvsnmmmmzuzs

808 1853 906 1907 IV.

153 2038 309 2071 Caussas
340 2031 519 2082 exponit,
558 2042 625 2066 cur
656 2027 947 2064 advocationem
981 2038 1053 2075 pro
1084 2024 1228 2061 Baeticis
1258 2023 1494 2073 susceperit3
1527 2032 1564 2060 et

204 2097 390 2142 consulit,
422 2109 469 2131 an
503 2102 604 2130 recte
638 2092 779 2128 fecerit.
812 2094 920 2127 Hanc
948 2089 1169 2139 epistolam,
1196 2097 1238 2124 nt
1268 2088 1430 2137 posteris
1457 2100 1562 2124 suam

202 2162 353 2199 laudem
375 2160 541 2197 traderet
559 2157 718 2203 Plinius,
735 2156 927 2205 scripsisse
947 2153 1110 2190 videtur.
1133 2154 1203 2189 En.

447 2314 481 2341 C.
518 2311 751 2340 PLINIUS
788 2308 1053 2338 MACRINO
1090 2307 1192 2336 SUO
1228 2308 1263 2335 S.

214 2456 464 2511 QUAMVIS
492 2459 532 2492 et
559 2448 712 2501 amici,
737 2462 846 2507 quos
873 2454 1106 2505 praesentes
1134 2443 1373 2498 habebam,
1398 2452 1441 2485 et
1469 2458 1562 2485 ser-

150 2543 301 2571 mones
331 2524 563 2568 hominum
597 2521 760 2564 factum
794 2536 943 2562 meum
973 2517 1280 2578 comprobasse
1309 2515 1560 2568 videantur,

105 2626 119 2645 2
150 2599 297 2659 magni
325 2608 472 2641 tamen
498 2595 663 2638 aestimo
695 2593 830 2646 scire,
858 2591 964 2652 quid
994 2592 1154 2634 sentias
1187 2600 1235 2633 tu
1263 2606 1272 2633 ε
1306 2605 1407 2631 nam
1437 2588 1560 2647 cujus

152 2674 318 2732 integra
356 2687 401 2713 re
441 2667 671 2713 consilium
712 2666 938 2724 exquirere
974 2674 1221 2723 optassem,
1261 2660 1394 2719 hujus
1430 2661 1560 2703 etiam
