1742 2989
196 184 280 230 192
591 169 641 213 C.
679 167 897 211 PLINII
932 168 1056 210 LIB.
1094 169 1193 211 III.

190 251 313 306 fieri,
352 261 401 294 ut
441 249 591 295 eadem
628 249 799 293 theatra
832 249 943 293 bene
978 265 1134 293 canere
1169 250 1359 292 musicos
1394 248 1591 293 doceant.

122 347 162 367 10
188 326 355 369 Omnes
383 325 528 381 enim⁷
559 323 634 384 qui
660 322 860 384 placendi
890 339 1042 367 caussa
1070 322 1295 377 scribunt,
1326 321 1473 382 qualia
1497 321 1593 382 pla-

123 927 157 947 11

187 415 285 442 cere
309 398 500 442 viderint
518 433 529 453 ⁷
561 397 766 441 scribent.
801 398 865 441 Ac
892 396 998 440 mihi
1029 396 1207 457 quidem
1232 394 1407 439 confido
1437 396 1481 438 in
1510 395 1593 439 hoc

189 487 347 532 genere
369 471 562 515 materiae
588 469 764 514 laetioris
789 469 876 513 stili
902 478 1102 514 constare
1120 469 1359 525 rationem,
1383 485 1521 529 quum
1544 485 1594 512 ea

187 544 358 604 potius,
391 561 487 605 quae
513 543 705 605 pressius
736 553 779 586 et
806 542 1057 587 adstrictius
1074 577 1085 598 ,
1115 558 1246 603 quam
1278 540 1379 597 illa,
1407 557 1504 602 quae
1530 540 1595 583 hi-

187 616 322 661 larius
347 627 391 661 et
418 618 542 678 quasi
568 617 858 662 exsultantius
884 616 1064 677 scripsi,
1090 615 1260 676 possint
1284 615 1423 659 videri
1449 631 1594 659 arces-

187 690 270 734 sita
291 700 334 734 et
354 690 533 735 inducta
557 709 565 735 :
586 707 675 734 non
698 690 796 734 ideo
822 701 968 734 tamen
988 690 1164 750 segnius
1188 706 1343 749 precor
1358 724 1370 745 a
1392 698 1441 732 ut
1458 705 1594 749 quan-

187 763 331 824 doque
352 764 500 807 veniat
524 764 614 807 dies
640 764 919 825 (utinamque
940 763 1034 824 jam
1058 760 1248 807 venerit!
1264 763 1280 824 )
1296 780 1384 824 quo
1410 762 1594 806 austeris

189 836 281 880 istis
316 837 564 897 severisque
594 836 737 881 dulcia
772 836 864 880 haec
897 835 1146 896 blandaque
1174 835 1241 879 vel
1272 836 1390 896 justa
1421 851 1595 896 posses-

187 910 308 954 sione
338 910 566 955 decedant.
593 910 739 953 Habes
770 919 867 953 acta
892 926 989 953 mea
1018 908 1155 952 tridui
1184 926 1192 952 :
1220 908 1378 969 quibus
1407 907 1595 968 cognitis

187 981 304 1026 volui
332 992 505 1028 tanturn
532 993 573 1027 te
599 981 838 1043 voluptatis
866 983 1091 1026 absentem
1114 991 1156 1025 et
1185 980 1430 1024 studiorum
1454 980 1596 1023 nomi-

186 1073 241 1100 ne
267 1067 310 1100 et
333 1074 433 1102 meo
459 1074 635 1119 capere,
655 1066 869 1117 quantum
893 1072 1084 1116 praesens
1109 1053 1336 1115 percipere
1363 1052 1592 1114 potuisses.

185 1130 308 1175 Vale.

234 1276 287 1297 10.
307 1268 356 1296 Ac
381 1266 460 1297 milli
490 1265 640 1308 quidem,
669 1271 734 1296 etc.
759 1265 856 1296 Rom.

186 1320 231 1348 At
249 1319 328 1348 milti
346 1319 473 1359 quidem
486 1343 494 1355 ,
511 1319 655 1362 confido,
678 1319 710 1348 in
730 1317 790 1348 lzoc
805 1329 860 1359 ge-

185 1381 259 1400 nere
269 1372 412 1402 materiae
421 1372 551 1402 laetc'oris
560 1372 635 1402 stili.
644 1369 843 1402 H.—-Mil1i..
851 1395 856 1400 .

185 1431 333 1453 constare
355 1424 534 1461 racionem,
556 1421 592 1454 id
616 1430 687 1461 est,
706 1434 761 1454 me
781 1423 857 1468 jure

185 1473 338 1518 quodam
353 1487 430 1507 meo
447 1474 563 1508 stilum
577 1474 740 1506 laetiorem
755 1473 790 1505 in
807 1486 858 1506 ar-

185 1535 349 1571 gumento
381 1527 592 1572 panegyrico
621 1533 857 1559 consectatum

185 1591 257 1611 esse
268 1603 277 1619 ‚
292 1591 436 1625 quaeque
450 1579 595 1612 hilarius
608 1586 640 1611 ct
654 1578 753 1624 quasi
767 1578 859 1610 exul—

185 1631 314 1664 tantius
343 1631 466 1678 scripsi
481 1656 489 1672 ‚
518 1643 589 1664 non
616 1643 715 1676 posse
746 1629 857 1663 videri

185 1684 348 1717 arcessita
366 1692 400 1717 et
416 1685 460 1718 ab
479 1684 545 1718 hoc
562 1684 716 1717 materiae
730 1695 856 1728 genere

185 1735 310 1769 aliena.
335 1737 370 1771 S.
397 1757 443 1762 —-
462 1739 607 1768 Lcecioris
632 1738 709 1769 stili.
738 1735 793 1769 Sic
820 1735 856 1768 in

185 1789 260 1833 pari
283 1789 355 1822 fere
384 1789 588 1822 auctoritate
615 1788 722 1821 malui
751 1801 857 1833 quam

185 1843 329 1880 latioris,
361 1842 444 1888 quia
470 1854 687 1888 synonymmg
718 1840 857 1874 videtur

184 1892 311 1926 deinde
336 1893 451 1927 dicere
465 1919 473 1934 ‚
491 1896 625 1927 hilarius
644 1902 678 1927 et
695 1895 857 1925 exsulcan-

185 1948 258 1978 tius.
289 1946 333 1979 G.
357 1967 402 1972 *-
430 1948 600 1980 Caeterum
631 1949 739 1978 Iaetum
770 1944 858 1977 illud

184 2010 294 2041 genus
304 1997 462 2040 dicendi,
471 1998 566 2044 quod
573 2007 604 2032 et
612 2001 732 2037 hilare,
743 2011 853 2036 suave,

185 2052 277 2082 dulce
294 2050 458 2084 Rhetores
477 2052 672 2098 appellant,
689 2052 726 2084 in
744 2051 856 2084 verbis

185 2102 329 2148 quidem
346 2103 519 2138 delectum
538 2112 571 2137 et
585 2104 857 2137 concinnitatem

186 2156 327 2188 auribus
349 2164 505 2201 gratam,
531 2155 568 2188 iu
595 2156 774 2189 sententiis
798 2167 856 2189 au-

185 2216 254 2240 tem
272 2207 376 2241 habet
388 2221 496 2254 quum
514 2208 649 2254 copiam
661 2233 669 2249 ,
681 2221 750 2254 qua
770 2221 855 2253 saepe

187 2260 222 2292 in
234 2261 436 2294 amoeniores
446 2261 541 2294 locos
554 2262 744 2294 excurritur
758 2286 767 2301 ‚
781 2269 855 2294 tum

187 2313 369 2354 acumina,
396 2313 537 2347 facetias
552 2339 561 2354 ,
589 2314 785 2359 similiaque
810 2313 854 2346 ad

187 2364 451 2399 delectationem
462 2374 671 2411 comparata.
681 2366 770 2399 Huic
779 2379 857 2399 con-

185 2414 340 2451 trariuui
364 2427 434 2459 est,
457 2418 552 2464 quod
573 2432 718 2461 pressum
743 2422 856 2451 adstri-

186 2480 333 2513 ctumque
369 2471 501 2503 Plinius
537 2471 710 2516 appellat,
745 2471 856 2516 magis

186 2534 301 2555 rerum
334 2522 535 2557 brevitatem
558 2530 591 2556 et
618 2523 856 2556 necessitatem

925 1261 1101 1308 quandam
1114 1286 1122 1300 ‚
1137 1261 1394 1305 verborumque
1410 1266 1443 1291 et
1461 1266 1597 1291 senten-

925 1315 1052 1348 tiarum
1060 1313 1194 1347 nudam
1205 1321 1237 1346 et
1247 1312 1416 1346 directam
1425 1311 1596 1344 rationem

925 1376 1141 1401 consectans.
1168 1366 1202 1400 Si
1222 1365 1277 1398 cui
1297 1365 1369 1397 haec
1387 1363 1507 1397 brevia
1525 1375 1595 1395 non

925 1419 1105 1453 sufficiunt
1118 1444 1126 1459 ‚
1152 1418 1310 1452 consulat
1339 1428 1414 1463 quae
1446 1415 1482 1447 in
1511 1415 1593 1448 Lex.

923 1472 1092 1505 Technol.
1106 1472 1205 1504 Rhet.
1221 1471 1280 1503 lat.
1297 1481 1323 1501 s.
1340 1481 1371 1501 v.
1390 1471 1495 1505 Icelus,
1516 1469 1595 1499 hila-

923 1529 985 1565 ris,
1008 1527 1194 1561 adstrictus,
1217 1524 1337 1559 suavis,
1363 1522 1463 1552 dulcis
1483 1519 1597 1564 copio-

924 1579 994 1612 sius
1014 1576 1178 1611 diximus.
1200 1576 1241 1607 E.
1260 1594 1306 1598 —
1321 1575 1469 1605 Inducta.
1491 1571 1597 1604 Indu-

923 1639 1069 1670 cuntur‚
1090 1640 1165 1674 quae
1185 1627 1299 1661 aliena
1320 1633 1410 1659 sunt.
1434 1625 1489 1658 Cf.
1508 1623 1592 1657 Hor.

923 1685 964 1717 A.
989 1684 1028 1716 P.
1048 1695 1084 1716 11
1099 1707 1108 1723 ,
1126 1683 1160 1716 S.
1178 1700 1225 1706 --
1242 1683 1317 1712 Non
1335 1681 1407 1710 ideo
1427 1688 1533 1710 tamen
1550 1690 1596 1709 se-

919 1739 1014 1780 gnius
1027 1748 1154 1779 precor.
1174 1732 1270 1766 Nihil
1292 1738 1403 1764 mutat
1416 1730 1475 1762 hic
1493 1731 1592 1762 Rom.

923 1788 984 1821 sed
995 1796 1111 1820 tamen
1127 1793 1285 1831 apertum
1304 1792 1354 1817 est
1367 1808 1375 1823 ‚
1391 1782 1457 1828 legi
1471 1781 1596 1815 debere

921 1843 1038 1879 secius,
1056 1840 1112 1873 cui
1129 1837 1263 1871 librarii
1282 1843 1447 1882 perpetuo
1464 1835 1535 1867 fere
1548 1834 1595 1867 al-

923 1901 1036 1926 terum
1069 1891 1292 1925 substituunt.
1325 1888 1367 1921 Id
1404 1895 1436 1920 et
1464 1888 1594 1920 factum

923 1946 985 1979 lib.
1002 1947 1053 1978 VI
1064 1970 1073 1986 ‚
1092 1957 1148 1990 ep.
1163 1943 1246 1980 XX,
1265 1942 1282 1974 5
1293 1966 1304 1980 ,
1327 1940 1385 1973 uhi
1404 1940 1594 1973 rescriben-

923 1997 1007 2032 dum
1023 2023 1031 2038 ,
1060 1999 1160 2030 nilzilo
1187 1996 1287 2027 secius
1315 2006 1371 2037 ego
1400 1995 1536 2025 intentus
1561 1994 1593 2023 in

924 2053 1049 2083 librum.
1065 2048 1157 2082 Vide
1182 2059 1237 2080 me
1263 2045 1307 2079 ad
1334 2045 1472 2079 Cornel.
1503 2045 1592 2089 Nep.

923 2104 1002 2136 Dat.
1023 2115 1054 2136 c.
1075 2116 1092 2135 2
1111 2128 1119 2143 ‚
1137 2100 1169 2133 5.
1187 2099 1230 2132 Η.
1248 2119 1293 2124 -
1311 2097 1488 2130 Assentior
1503 2096 1594 2129 Heu·

923 2156 1072 2201 singero.
1094 2154 1154 2186 Est
1177 2160 1293 2185 tamen
1314 2150 1373 2183 ubi
1394 2152 1519 2194 segnius
1542 2149 1593 2182 lo-

923 2220 1002 2242 cum
1022 2219 1122 2240 suum
1135 2207 1213 2252 jure
1232 2211 1382 2237 tueatur.
1404 2201 1488 2235 Vid.
1506 2206 1593 2235 Dra-

921 2259 1076 2294 kenb.ad
1088 2259 1164 2292 Liv.
1175 2258 1226 2290 VI
1238 2282 1246 2297 ‚
1263 2258 1305 2291 38
1318 2281 1326 2296 ,
1342 2257 1362 2289 8
1375 2280 1384 2296 ,
1400 2263 1433 2289 et
1446 2255 1590 2299 interpr.

921 2312 965 2346 ad
979 2312 1048 2345 Jul.
1063 2312 1149 2345 Caes.
1164 2310 1206 2343 de
1219 2310 1258 2342 B.
1275 2308 1319 2342 G.
1335 2309 1368 2341 II
1381 2333 1390 2348 ‚
1406 2319 1439 2352 7,
1454 2319 1488 2352 p.
1503 2307 1592 2346 618,

923 2378 975 2411 sq.
994 2364 1050 2398 ed.
1070 2361 1236 2397 Oudend.
1252 2362 1286 2396 S.

972 2430 985 2451 Ι
996 2432 1007 2450 1
1018 2445 1025 2451 .
1057 2419 1151 2449 Volui
1188 2425 1312 2448 tantum
1343 2423 1372 2445 le
1403 2413 1589 2454 voluptatis.

921 2472 1019 2504 Rom.
1045 2472 1139 2502 Volui
1159 2478 1283 2501 tantam
1303 2467 1497 2509 voluptatis,
1519 2463 1590 2496 sint-,¹

922 2533 962 2556 te.
976 2523 1020 2555 H.

566 2655 1208 2678 -ᾐ--ηὔοῧῡαέ-ῦ--εή-
