<?xml version="1.0" encoding="UTF-8"?>
<!DOCTYPE html PUBLIC "-//W3C//DTD XHTML 1.0 Transitional//EN"
    "http://www.w3.org/TR/xhtml1/DTD/xhtml1-transitional.dtd">
<html xmlns="http://www.w3.org/1999/xhtml" xml:lang="en" lang="en">
 <head>
  <title>
</title>
<meta http-equiv="Content-Type" content="text/html;charset=utf-8" />
  <meta name='ocr-system' content='tesseract 3.04.00' />
  <meta name='ocr-capabilities' content='ocr_page ocr_carea ocr_par ocr_line ocrx_word'/>
</head>
<body>
  <div class='ocr_page' id='page_1' title='image "./epistolarumlibri01plinuoft_0275.png"; bbox 0 0 1742 2989; ppageno 0'>
   <div class='ocr_carea' id='block_1_1' title="bbox 600 207 1110 250">
    <p class='ocr_par' dir='ltr' id='par_1_1' title="bbox 600 207 1110 250">
     <span class='ocr_line' id='line_1_1' title="bbox 600 207 1110 250; baseline 0 -2"><span class='ocrx_word' id='word_1_1' title='bbox 600 207 943 250; x_wconf 81' lang='lat' dir='ltr'><strong>EPISTOLA</strong></span> <span class='ocrx_word' id='word_1_2' title='bbox 974 208 1110 249; x_wconf 87' lang='lat' dir='ltr'>XIX.</span> 
     </span>
    </p>
   </div>
   <div class='ocr_carea' id='block_1_2' title="bbox 1471 206 1552 266">
    <p class='ocr_par' dir='ltr' id='par_1_2' title="bbox 1471 206 1552 266">
     <span class='ocr_line' id='line_1_2' title="bbox 1471 206 1552 266; baseline -0.012 -17"><span class='ocrx_word' id='word_1_3' title='bbox 1471 223 1480 249; x_wconf 90' lang='lat'>1</span> <span class='ocrx_word' id='word_1_4' title='bbox 1493 206 1552 266; x_wconf 67' lang='lat'>93</span> 
     </span>
    </p>
   </div>
   <div class='ocr_carea' id='block_1_3' title="bbox 166 336 1552 349">
    <p class='ocr_par' dir='ltr' id='par_1_3' title="bbox 166 336 1552 349">
     <span class='ocr_line' id='line_1_3' title="bbox 166 336 1552 349; baseline 0.002 -3"><span class='ocrx_word' id='word_1_5' title='bbox 166 336 284 347; x_wconf 52' lang='lat' dir='ltr'>§.mmmm</span> <span class='ocrx_word' id='word_1_6' title='bbox 289 336 341 347; x_wconf 57' lang='lat' dir='ltr'>vta</span> <span class='ocrx_word' id='word_1_7' title='bbox 347 336 646 348; x_wconf 53' lang='lat' dir='ltr'>msmxmwum</span> <span class='ocrx_word' id='word_1_8' title='bbox 651 336 1552 349; x_wconf 49' lang='lat' dir='ltr'>musmwwmwmmzmmwmmsxzuaenmx§22</span> 
     </span>
    </p>
   </div>
   <div class='ocr_carea' id='block_1_4' title="bbox 766 490 944 545">
    <p class='ocr_par' dir='ltr' id='par_1_4' title="bbox 766 490 944 545">
     <span class='ocr_line' id='line_1_4' title="bbox 766 490 944 545; baseline 0.006 -1"><span class='ocrx_word' id='word_1_9' title='bbox 766 490 944 545; x_wconf 86' lang='lat' dir='ltr'><strong>XIX.</strong></span> 
     </span>
    </p>
   </div>
   <div class='ocr_carea' id='block_1_5' title="bbox 155 653 1554 707">
    <p class='ocr_par' dir='ltr' id='par_1_5' title="bbox 155 653 1554 707">
     <span class='ocr_line' id='line_1_5' title="bbox 155 653 1554 707; baseline 0.004 -19"><span class='ocrx_word' id='word_1_10' title='bbox 155 653 344 699; x_wconf 85' lang='lat' dir='ltr'>Consulit,</span> <span class='ocrx_word' id='word_1_11' title='bbox 362 666 408 690; x_wconf 88' lang='lat' dir='ltr'>an</span> <span class='ocrx_word' id='word_1_12' title='bbox 426 663 525 691; x_wconf 84' lang='lat' dir='ltr'>emat</span> <span class='ocrx_word' id='word_1_13' title='bbox 544 655 687 705; x_wconf 76' lang='lat' dir='ltr'>praedia</span> <span class='ocrx_word' id='word_1_14' title='bbox 703 655 778 692; x_wconf 88' lang='lat' dir='ltr'>suis</span> <span class='ocrx_word' id='word_1_15' title='bbox 797 657 893 706; x_wconf 78' lang='lat' dir='ltr'>agris</span> <span class='ocrx_word' id='word_1_16' title='bbox 911 657 1054 702; x_wconf 82' lang='lat' dir='ltr'>vicina,</span> <span class='ocrx_word' id='word_1_17' title='bbox 1074 657 1279 707; x_wconf 80' lang='lat' dir='ltr'>propositis</span> <span class='ocrx_word' id='word_1_18' title='bbox 1299 657 1336 693; x_wconf 88' lang='lat' dir='ltr'>in</span> <span class='ocrx_word' id='word_1_19' title='bbox 1356 666 1554 707; x_wconf 72' lang='lat' dir='ltr'>utramque</span> 
     </span>
    </p>
   </div>
   <div class='ocr_carea' id='block_1_6' title="bbox 656 721 1045 770">
    <p class='ocr_par' dir='ltr' id='par_1_6' title="bbox 656 721 1045 770">
     <span class='ocr_line' id='line_1_6' title="bbox 656 721 1045 770; baseline 0.003 -13"><span class='ocrx_word' id='word_1_20' title='bbox 656 730 802 770; x_wconf 83' lang='lat' dir='ltr'>partem</span> <span class='ocrx_word' id='word_1_21' title='bbox 827 721 1045 758; x_wconf 87' lang='lat' dir='ltr'>rationibus.</span> 
     </span>
    </p>
   </div>
   <div class='ocr_carea' id='block_1_7' title="bbox 348 866 1350 899">
    <p class='ocr_par' dir='ltr' id='par_1_7' title="bbox 348 866 1350 899">
     <span class='ocr_line' id='line_1_7' title="bbox 348 866 1350 899; baseline 0.004 -4"><span class='ocrx_word' id='word_1_22' title='bbox 348 866 386 895; x_wconf 90' lang='lat' dir='ltr'>C.</span> <span class='ocrx_word' id='word_1_23' title='bbox 425 867 657 896; x_wconf 85' lang='lat' dir='ltr'>PLINIUS</span> <span class='ocrx_word' id='word_1_24' title='bbox 693 868 958 898; x_wconf 87' lang='lat' dir='ltr'><strong>CALVISIO</strong></span> <span class='ocrx_word' id='word_1_25' title='bbox 994 870 1142 899; x_wconf 91' lang='lat' dir='ltr'>RUFO</span> <span class='ocrx_word' id='word_1_26' title='bbox 1177 871 1279 899; x_wconf 93' lang='lat' dir='ltr'>SUO</span> <span class='ocrx_word' id='word_1_27' title='bbox 1317 871 1350 899; x_wconf 89' lang='lat' dir='ltr'>S.</span> 
     </span>
    </p>
   </div>
   <div class='ocr_carea' id='block_1_8' title="bbox 149 994 1555 1349">
    <p class='ocr_par' dir='ltr' id='par_1_8' title="bbox 149 994 1555 1349">
     <span class='ocr_line' id='line_1_8' title="bbox 217 994 1555 1052; baseline 0.002 -14"><span class='ocrx_word' id='word_1_28' title='bbox 217 996 416 1038; x_wconf 82' lang='lat' dir='ltr'><strong>ADSUMO</strong></span> <span class='ocrx_word' id='word_1_29' title='bbox 442 1004 483 1037; x_wconf 89' lang='lat' dir='ltr'>te</span> <span class='ocrx_word' id='word_1_30' title='bbox 514 996 558 1037; x_wconf 93' lang='lat' dir='ltr'>in</span> <span class='ocrx_word' id='word_1_31' title='bbox 591 994 822 1039; x_wconf 88' lang='lat' dir='ltr'>consilium</span> <span class='ocrx_word' id='word_1_32' title='bbox 844 997 905 1039; x_wconf 88' lang='lat' dir='ltr'>rei</span> <span class='ocrx_word' id='word_1_33' title='bbox 933 995 1156 1040; x_wconf 83' lang='lat' dir='ltr'>familiaris</span> <span class='ocrx_word' id='word_1_34' title='bbox 1172 1033 1183 1052; x_wconf 91' lang='lat'>,</span> <span class='ocrx_word' id='word_1_35' title='bbox 1207 1007 1256 1040; x_wconf 85' lang='lat' dir='ltr'>ut</span> <span class='ocrx_word' id='word_1_36' title='bbox 1281 997 1414 1041; x_wconf 88' lang='lat' dir='ltr'>soleo.</span> <span class='ocrx_word' id='word_1_37' title='bbox 1438 1000 1555 1041; x_wconf 80' lang='lat' dir='ltr'>Prae-</span> 
     </span>
     <span class='ocr_line' id='line_1_9' title="bbox 153 1066 1553 1128; baseline 0.004 -19"><span class='ocrx_word' id='word_1_38' title='bbox 153 1066 223 1110; x_wconf 88' lang='lat' dir='ltr'>dia</span> <span class='ocrx_word' id='word_1_39' title='bbox 250 1068 364 1127; x_wconf 84' lang='lat' dir='ltr'>agris</span> <span class='ocrx_word' id='word_1_40' title='bbox 394 1068 500 1111; x_wconf 88' lang='lat' dir='ltr'>meis</span> <span class='ocrx_word' id='word_1_41' title='bbox 528 1068 697 1122; x_wconf 86' lang='lat' dir='ltr'>vicina,</span> <span class='ocrx_word' id='word_1_42' title='bbox 725 1077 856 1128; x_wconf 82' lang='lat' dir='ltr'>atque</span> <span class='ocrx_word' id='word_1_43' title='bbox 882 1070 1012 1112; x_wconf 85' lang='lat' dir='ltr'>etiam</span> <span class='ocrx_word' id='word_1_44' title='bbox 1033 1070 1219 1124; x_wconf 85' lang='lat' dir='ltr'>inserta,</span> <span class='ocrx_word' id='word_1_45' title='bbox 1242 1070 1411 1114; x_wconf 84' lang='lat' dir='ltr'>venalia</span> <span class='ocrx_word' id='word_1_46' title='bbox 1437 1081 1553 1115; x_wconf 82' lang='lat' dir='ltr'>sunt.</span> 
     </span>
     <span class='ocr_line' id='line_1_10' title="bbox 149 1139 1554 1202; baseline 0.005 -21"><span class='ocrx_word' id='word_1_47' title='bbox 149 1141 199 1182; x_wconf 90' lang='lat' dir='ltr'>In</span> <span class='ocrx_word' id='word_1_48' title='bbox 224 1139 290 1182; x_wconf 90' lang='lat' dir='ltr'>his</span> <span class='ocrx_word' id='word_1_49' title='bbox 316 1156 385 1182; x_wconf 86' lang='lat' dir='ltr'>me</span> <span class='ocrx_word' id='word_1_50' title='bbox 413 1140 550 1184; x_wconf 87' lang='lat' dir='ltr'>multa</span> <span class='ocrx_word' id='word_1_51' title='bbox 575 1139 818 1193; x_wconf 68' lang='lat' dir='ltr'>solicitant,</span> <span class='ocrx_word' id='word_1_52' title='bbox 845 1141 989 1202; x_wconf 87' lang='lat' dir='ltr'>aliqua</span> <span class='ocrx_word' id='word_1_53' title='bbox 1016 1159 1097 1186; x_wconf 86' lang='lat' dir='ltr'>nec</span> <span class='ocrx_word' id='word_1_54' title='bbox 1122 1145 1294 1187; x_wconf 84' lang='lat' dir='ltr'>minora</span> <span class='ocrx_word' id='word_1_55' title='bbox 1319 1144 1554 1188; x_wconf 86' lang='lat' dir='ltr'>deterrent.</span> 
     </span>
     <span class='ocr_line' id='line_1_11' title="bbox 150 1210 1554 1278; baseline 0.004 -23"><span class='ocrx_word' id='word_1_56' title='bbox 150 1210 347 1256; x_wconf 83' lang='lat' dir='ltr'>Solicitat</span> <span class='ocrx_word' id='word_1_57' title='bbox 362 1213 553 1272; x_wconf 89' lang='lat' dir='ltr'>primum</span> <span class='ocrx_word' id='word_1_58' title='bbox 570 1214 661 1274; x_wconf 86' lang='lat' dir='ltr'>ipsa</span> <span class='ocrx_word' id='word_1_59' title='bbox 676 1214 958 1273; x_wconf 85' lang='lat' dir='ltr'>pulchritudo</span> <span class='ocrx_word' id='word_1_60' title='bbox 974 1215 1187 1276; x_wconf 78' lang='lat' dir='ltr'>jungendi</span> <span class='ocrx_word' id='word_1_61' title='bbox 1210 1233 1218 1259; x_wconf 92' lang='lat'>:</span> <span class='ocrx_word' id='word_1_62' title='bbox 1240 1217 1395 1261; x_wconf 87' lang='lat' dir='ltr'>deinde</span> <span class='ocrx_word' id='word_1_63' title='bbox 1410 1254 1420 1273; x_wconf 90' lang='lat'>,</span> <span class='ocrx_word' id='word_1_64' title='bbox 1436 1217 1554 1278; x_wconf 82' lang='lat' dir='ltr'>quod</span> 
     </span>
     <span class='ocr_line' id='line_1_12' title="bbox 151 1285 1553 1349; baseline 0.004 -22"><span class='ocrx_word' id='word_1_65' title='bbox 151 1300 240 1327; x_wconf 90' lang='lat' dir='ltr'>non</span> <span class='ocrx_word' id='word_1_66' title='bbox 270 1285 413 1328; x_wconf 90' lang='lat' dir='ltr'>minus</span> <span class='ocrx_word' id='word_1_67' title='bbox 442 1285 548 1329; x_wconf 87' lang='lat' dir='ltr'>utile</span> <span class='ocrx_word' id='word_1_68' title='bbox 583 1303 715 1346; x_wconf 82' lang='lat' dir='ltr'>quam</span> <span class='ocrx_word' id='word_1_69' title='bbox 746 1285 1082 1346; x_wconf 81' lang='lat' dir='ltr'>voluptuosum,</span> <span class='ocrx_word' id='word_1_70' title='bbox 1110 1305 1233 1347; x_wconf 85' lang='lat' dir='ltr'>posse</span> <span class='ocrx_word' id='word_1_71' title='bbox 1266 1299 1452 1349; x_wconf 86' lang='lat' dir='ltr'>utraque</span> <span class='ocrx_word' id='word_1_72' title='bbox 1478 1306 1553 1333; x_wconf 87' lang='lat' dir='ltr'>ea-</span> 
     </span>
    </p>
   </div>
   <div class='ocr_carea' id='block_1_9' title="bbox 149 1357 1554 1421">
    <p class='ocr_par' dir='ltr' id='par_1_9' title="bbox 149 1357 1554 1421">
     <span class='ocr_line' id='line_1_13' title="bbox 149 1357 1554 1421; baseline 0.004 -21"><span class='ocrx_word' id='word_1_73' title='bbox 149 1357 248 1400; x_wconf 90' lang='lat' dir='ltr'>dem</span> <span class='ocrx_word' id='word_1_74' title='bbox 275 1374 432 1417; x_wconf 88' lang='lat' dir='ltr'>opera,</span> <span class='ocrx_word' id='word_1_75' title='bbox 461 1357 613 1400; x_wconf 86' lang='lat' dir='ltr'>eodem</span> <span class='ocrx_word' id='word_1_76' title='bbox 639 1358 796 1402; x_wconf 84' lang='lat' dir='ltr'>viatico</span> <span class='ocrx_word' id='word_1_77' title='bbox 822 1360 1033 1411; x_wconf 86' lang='lat' dir='ltr'>invisere,</span> <span class='ocrx_word' id='word_1_78' title='bbox 1058 1360 1137 1403; x_wconf 84' lang='lat' dir='ltr'>sul)</span> <span class='ocrx_word' id='word_1_79' title='bbox 1164 1360 1317 1404; x_wconf 86' lang='lat' dir='ltr'>eodem</span> <span class='ocrx_word' id='word_1_80' title='bbox 1345 1378 1554 1421; x_wconf 83' lang='lat' dir='ltr'>procura-</span> 
     </span>
    </p>
   </div>
   <div class='ocr_carea' id='block_1_10' title="bbox 148 1429 1598 2002">
    <p class='ocr_par' dir='ltr' id='par_1_10' title="bbox 148 1429 1598 2002">
     <span class='ocr_line' id='line_1_14' title="bbox 150 1429 1553 1490; baseline 0.004 -18"><span class='ocrx_word' id='word_1_81' title='bbox 150 1438 271 1484; x_wconf 87' lang='lat' dir='ltr'>tore,</span> <span class='ocrx_word' id='word_1_82' title='bbox 311 1445 360 1473; x_wconf 85' lang='lat' dir='ltr'>ac</span> <span class='ocrx_word' id='word_1_83' title='bbox 400 1446 521 1490; x_wconf 79' lang='lat' dir='ltr'>paene</span> <span class='ocrx_word' id='word_1_84' title='bbox 557 1429 708 1473; x_wconf 85' lang='lat' dir='ltr'>iisdem</span> <span class='ocrx_word' id='word_1_85' title='bbox 750 1431 971 1474; x_wconf 85' lang='lat' dir='ltr'>actoribus</span> <span class='ocrx_word' id='word_1_86' title='bbox 1012 1432 1201 1489; x_wconf 83' lang='lat' dir='ltr'>habere,</span> <span class='ocrx_word' id='word_1_87' title='bbox 1233 1449 1366 1476; x_wconf 86' lang='lat' dir='ltr'>unam</span> <span class='ocrx_word' id='word_1_88' title='bbox 1406 1433 1553 1477; x_wconf 84' lang='lat' dir='ltr'>villam</span> 
     </span>
     <span class='ocr_line' id='line_1_15' title="bbox 148 1500 1551 1555; baseline 0.005 -11"><span class='ocrx_word' id='word_1_89' title='bbox 148 1500 290 1545; x_wconf 87' lang='lat' dir='ltr'>colere</span> <span class='ocrx_word' id='word_1_90' title='bbox 320 1511 362 1545; x_wconf 86' lang='lat' dir='ltr'>et</span> <span class='ocrx_word' id='word_1_91' title='bbox 386 1518 568 1555; x_wconf 84' lang='lat' dir='ltr'>ornare,</span> <span class='ocrx_word' id='word_1_92' title='bbox 592 1501 772 1545; x_wconf 84' lang='lat' dir='ltr'>alteram</span> <span class='ocrx_word' id='word_1_93' title='bbox 802 1512 973 1547; x_wconf 84' lang='lat' dir='ltr'>tantum</span> <span class='ocrx_word' id='word_1_94' title='bbox 1006 1505 1134 1548; x_wconf 87' lang='lat' dir='ltr'>tueri.</span> <span class='ocrx_word' id='word_1_95' title='bbox 1164 1507 1284 1549; x_wconf 83' lang='lat' dir='ltr'><strong>Inest</strong></span> <span class='ocrx_word' id='word_1_96' title='bbox 1309 1506 1412 1550; x_wconf 89' lang='lat' dir='ltr'>huic</span> <span class='ocrx_word' id='word_1_97' title='bbox 1436 1523 1551 1550; x_wconf 89' lang='lat' dir='ltr'>com·</span> 
     </span>
     <span class='ocr_line' id='line_1_16' title="bbox 149 1574 1553 1641; baseline 0.004 -24"><span class='ocrx_word' id='word_1_98' title='bbox 149 1575 368 1635; x_wconf 85' lang='lat' dir='ltr'>putationi</span> <span class='ocrx_word' id='word_1_99' title='bbox 381 1584 581 1635; x_wconf 84' lang='lat' dir='ltr'>sumptus</span> <span class='ocrx_word' id='word_1_100' title='bbox 595 1574 893 1636; x_wconf 86' lang='lat' dir='ltr'>supellectilis,</span> <span class='ocrx_word' id='word_1_101' title='bbox 911 1587 1111 1638; x_wconf 85' lang='lat' dir='ltr'>sumptus</span> <span class='ocrx_word' id='word_1_102' title='bbox 1124 1579 1398 1634; x_wconf 74' lang='lat' dir='ltr'>atriensium,</span> <span class='ocrx_word' id='word_1_103' title='bbox 1415 1582 1553 1641; x_wconf 85' lang='lat' dir='ltr'>topia-</span> 
     </span>
     <span class='ocr_line' id='line_1_17' title="bbox 149 1648 1550 1709; baseline 0.004 -19"><span class='ocrx_word' id='word_1_104' title='bbox 149 1649 339 1703; x_wconf 84' lang='lat' dir='ltr'>riorum,</span> <span class='ocrx_word' id='word_1_105' title='bbox 369 1648 621 1702; x_wconf 79' lang='lat' dir='ltr'>fabrorum,</span> <span class='ocrx_word' id='word_1_106' title='bbox 648 1658 779 1709; x_wconf 86' lang='lat' dir='ltr'>atque</span> <span class='ocrx_word' id='word_1_107' title='bbox 817 1650 948 1694; x_wconf 85' lang='lat' dir='ltr'>etiam</span> <span class='ocrx_word' id='word_1_108' title='bbox 982 1652 1197 1694; x_wconf 83' lang='lat' dir='ltr'>venatorii</span> <span class='ocrx_word' id='word_1_109' title='bbox 1232 1652 1513 1696; x_wconf 80' lang='lat' dir='ltr'>instrumenti</span> <span class='ocrx_word' id='word_1_110' title='bbox 1542 1670 1550 1695; x_wconf 75' lang='grc' dir='ltr'><em>τ</em></span> 
     </span>
     <span class='ocr_line' id='line_1_18' title="bbox 149 1720 1551 1780; baseline 0.004 -18"><span class='ocrx_word' id='word_1_111' title='bbox 149 1737 245 1780; x_wconf 85' lang='lat' dir='ltr'>quae</span> <span class='ocrx_word' id='word_1_112' title='bbox 265 1720 502 1780; x_wconf 88' lang='lat' dir='ltr'>plurimum</span> <span class='ocrx_word' id='word_1_113' title='bbox 519 1720 674 1777; x_wconf 80' lang='lat' dir='ltr'>refert,</span> <span class='ocrx_word' id='word_1_114' title='bbox 702 1738 840 1765; x_wconf 88' lang='lat' dir='ltr'>unum</span> <span class='ocrx_word' id='word_1_115' title='bbox 867 1723 911 1765; x_wconf 90' lang='lat' dir='ltr'>in</span> <span class='ocrx_word' id='word_1_116' title='bbox 933 1722 1074 1766; x_wconf 90' lang='lat' dir='ltr'>locum</span> <span class='ocrx_word' id='word_1_117' title='bbox 1094 1723 1291 1768; x_wconf 88' lang='lat' dir='ltr'>conferas</span> <span class='ocrx_word' id='word_1_118' title='bbox 1307 1759 1318 1778; x_wconf 93' lang='lat'>,</span> <span class='ocrx_word' id='word_1_119' title='bbox 1348 1742 1403 1768; x_wconf 82' lang='lat' dir='ltr'>an</span> <span class='ocrx_word' id='word_1_120' title='bbox 1425 1727 1468 1768; x_wconf 88' lang='lat' dir='ltr'>in</span> <span class='ocrx_word' id='word_1_121' title='bbox 1490 1725 1551 1768; x_wconf 86' lang='lat' dir='ltr'>di-</span> 
     </span>
     <span class='ocr_line' id='line_1_19' title="bbox 149 1793 1598 1853; baseline 0.005 -18"><span class='ocrx_word' id='word_1_122' title='bbox 149 1809 271 1836; x_wconf 86' lang='lat' dir='ltr'>versa</span> <span class='ocrx_word' id='word_1_123' title='bbox 310 1793 545 1853; x_wconf 79' lang='lat' dir='ltr'>dispergas.</span> <span class='ocrx_word' id='word_1_124' title='bbox 585 1795 752 1837; x_wconf 81' lang='lat' dir='ltr'>Contra</span> <span class='ocrx_word' id='word_1_125' title='bbox 788 1811 967 1847; x_wconf 87' lang='lat' dir='ltr'>vereor,</span> <span class='ocrx_word' id='word_1_126' title='bbox 993 1812 1047 1838; x_wconf 90' lang='lat' dir='ltr'>ne</span> <span class='ocrx_word' id='word_1_127' title='bbox 1075 1797 1129 1839; x_wconf 87' lang='lat' dir='ltr'>sit</span> <span class='ocrx_word' id='word_1_128' title='bbox 1166 1798 1421 1851; x_wconf 86' lang='lat' dir='ltr'>incautum,</span> <span class='ocrx_word' id='word_1_129' title='bbox 1460 1815 1551 1842; x_wconf 88' lang='lat' dir='ltr'>rem</span> <span class='ocrx_word' id='word_1_130' title='bbox 1579 1815 1598 1851; x_wconf 70' lang='lat'><em>4</em></span> 
     </span>
     <span class='ocr_line' id='line_1_20' title="bbox 149 1864 1554 1927; baseline 0.004 -19"><span class='ocrx_word' id='word_1_131' title='bbox 149 1875 238 1909; x_wconf 85' lang='lat' dir='ltr'>tam</span> <span class='ocrx_word' id='word_1_132' title='bbox 265 1881 467 1926; x_wconf 83' lang='lat' dir='ltr'>magnam</span> <span class='ocrx_word' id='word_1_133' title='bbox 507 1864 658 1909; x_wconf 88' lang='lat' dir='ltr'>iisdem</span> <span class='ocrx_word' id='word_1_134' title='bbox 687 1868 1043 1927; x_wconf 77' lang='lat' dir='ltr'>tempestatibus,</span> <span class='ocrx_word' id='word_1_135' title='bbox 1067 1868 1218 1912; x_wconf 89' lang='lat' dir='ltr'>iisdem</span> <span class='ocrx_word' id='word_1_136' title='bbox 1247 1870 1417 1914; x_wconf 81' lang='lat' dir='ltr'>casibus</span> <span class='ocrx_word' id='word_1_137' title='bbox 1447 1872 1554 1914; x_wconf 91' lang='lat' dir='ltr'>sub-</span> 
     </span>
     <span class='ocr_line' id='line_1_21' title="bbox 148 1938 1553 2002; baseline 0.004 -21"><span class='ocrx_word' id='word_1_138' title='bbox 148 1938 263 1982; x_wconf 82' lang='lat' dir='ltr'>dere.</span> <span class='ocrx_word' id='word_1_139' title='bbox 296 1939 452 1982; x_wconf 86' lang='lat' dir='ltr'>Tutius</span> <span class='ocrx_word' id='word_1_140' title='bbox 487 1938 683 1993; x_wconf 87' lang='lat' dir='ltr'>videtur,</span> <span class='ocrx_word' id='word_1_141' title='bbox 707 1939 873 1983; x_wconf 84' lang='lat' dir='ltr'>incerta</span> <span class='ocrx_word' id='word_1_142' title='bbox 908 1939 1094 1984; x_wconf 82' lang='lat' dir='ltr'>fortunae</span> <span class='ocrx_word' id='word_1_143' title='bbox 1126 1942 1446 2002; x_wconf 85' lang='lat' dir='ltr'>possessionum</span> <span class='ocrx_word' id='word_1_144' title='bbox 1476 1959 1553 1987; x_wconf 87' lang='lat' dir='ltr'>va—</span> 
     </span>
    </p>
   </div>
   <div class='ocr_carea' id='block_1_11' title="bbox 148 2070 820 2745">
    <p class='ocr_par' dir='ltr' id='par_1_11' title="bbox 148 2070 818 2578">
     <span class='ocr_line' id='line_1_22' title="bbox 194 2070 818 2115; baseline -0.006 -9"><span class='ocrx_word' id='word_1_145' title='bbox 194 2073 289 2105; x_wconf 89' lang='lat' dir='ltr'>XIX.</span> <span class='ocrx_word' id='word_1_146' title='bbox 314 2084 345 2104; x_wconf 86' lang='lat'>2.</span> <span class='ocrx_word' id='word_1_147' title='bbox 365 2075 561 2102; x_wconf 77' lang='lat' dir='ltr'>Procurator</span> <span class='ocrx_word' id='word_1_148' title='bbox 587 2070 729 2103; x_wconf 89' lang='lat' dir='ltr'>omnino</span> <span class='ocrx_word' id='word_1_149' title='bbox 757 2070 818 2115; x_wconf 89' lang='lat' dir='ltr'>qui</span> 
     </span>
     <span class='ocr_line' id='line_1_23' title="bbox 148 2122 818 2158; baseline -0.004 0"><span class='ocrx_word' id='word_1_150' title='bbox 148 2133 247 2158; x_wconf 86' lang='lat' dir='ltr'>curat</span> <span class='ocrx_word' id='word_1_151' title='bbox 263 2137 317 2158; x_wconf 90' lang='lat' dir='ltr'>res</span> <span class='ocrx_word' id='word_1_152' title='bbox 334 2123 490 2156; x_wconf 83' lang='lat' dir='ltr'>alterius.</span> <span class='ocrx_word' id='word_1_153' title='bbox 507 2123 607 2156; x_wconf 88' lang='lat' dir='ltr'>Cives</span> <span class='ocrx_word' id='word_1_154' title='bbox 622 2123 767 2156; x_wconf 86' lang='lat' dir='ltr'>Romani</span> <span class='ocrx_word' id='word_1_155' title='bbox 781 2122 818 2155; x_wconf 86' lang='lat' dir='ltr'>iu</span> 
     </span>
     <span class='ocr_line' id='line_1_24' title="bbox 149 2176 817 2223; baseline -0.004 -13"><span class='ocrx_word' id='word_1_156' title='bbox 149 2177 284 2223; x_wconf 84' lang='lat' dir='ltr'>praediis</span> <span class='ocrx_word' id='word_1_157' title='bbox 302 2177 477 2210; x_wconf 81' lang='lat' dir='ltr'>habebant</span> <span class='ocrx_word' id='word_1_158' title='bbox 492 2186 762 2219; x_wconf 81' lang='lat' dir='ltr'>procuratorem;</span> <span class='ocrx_word' id='word_1_159' title='bbox 787 2176 817 2208; x_wconf 92' lang='lat' dir='ltr'>ei</span> 
     </span>
     <span class='ocr_line' id='line_1_25' title="bbox 150 2229 817 2275; baseline -0.003 -12"><span class='ocrx_word' id='word_1_160' title='bbox 150 2229 293 2275; x_wconf 85' lang='lat' dir='ltr'>subjecti</span> <span class='ocrx_word' id='word_1_161' title='bbox 305 2236 401 2261; x_wconf 82' lang='lat' dir='ltr'>erant</span> <span class='ocrx_word' id='word_1_162' title='bbox 411 2239 533 2261; x_wconf 75' lang='lat' dir='ltr'>actores</span> <span class='ocrx_word' id='word_1_163' title='bbox 541 2255 550 2267; x_wconf 86' lang='lat'><em>‚</em></span> <span class='ocrx_word' id='word_1_164' title='bbox 565 2229 653 2261; x_wconf 75' lang='lat' dir='ltr'>servi</span> <span class='ocrx_word' id='word_1_165' title='bbox 662 2229 817 2273; x_wconf 83' lang='lat' dir='ltr'>primarii</span> 
     </span>
     <span class='ocr_line' id='line_1_26' title="bbox 151 2280 818 2316; baseline -0.006 0"><span class='ocrx_word' id='word_1_166' title='bbox 151 2282 196 2316; x_wconf 87' lang='lat' dir='ltr'>ad</span> <span class='ocrx_word' id='word_1_167' title='bbox 215 2281 309 2315; x_wconf 86' lang='lat' dir='ltr'>varia</span> <span class='ocrx_word' id='word_1_168' title='bbox 327 2281 515 2313; x_wconf 79' lang='lat' dir='ltr'>ministeria</span> <span class='ocrx_word' id='word_1_169' title='bbox 533 2281 694 2314; x_wconf 85' lang='lat' dir='ltr'>obeunda</span> <span class='ocrx_word' id='word_1_170' title='bbox 714 2280 818 2313; x_wconf 84' lang='lat' dir='ltr'>desti-</span> 
     </span>
     <span class='ocr_line' id='line_1_27' title="bbox 150 2332 817 2376; baseline -0.004 -8"><span class='ocrx_word' id='word_1_171' title='bbox 150 2335 244 2376; x_wconf 85' lang='lat' dir='ltr'>nati,</span> <span class='ocrx_word' id='word_1_172' title='bbox 273 2334 317 2367; x_wconf 87' lang='lat' dir='ltr'>ad</span> <span class='ocrx_word' id='word_1_173' title='bbox 344 2333 492 2366; x_wconf 78' lang='lat' dir='ltr'>rationes</span> <span class='ocrx_word' id='word_1_174' title='bbox 522 2332 721 2366; x_wconf 83' lang='lat' dir='ltr'>scribendas</span> <span class='ocrx_word' id='word_1_175' title='bbox 738 2358 746 2373; x_wconf 89' lang='lat'>‚</span> <span class='ocrx_word' id='word_1_176' title='bbox 773 2332 817 2366; x_wconf 86' lang='lat' dir='ltr'>ad</span> 
     </span>
     <span class='ocr_line' id='line_1_28' title="bbox 150 2385 817 2431; baseline -0.003 -11"><span class='ocrx_word' id='word_1_177' title='bbox 150 2387 281 2420; x_wconf 81' lang='lat' dir='ltr'>reditus</span> <span class='ocrx_word' id='word_1_178' title='bbox 298 2400 317 2420; x_wconf 87' lang='lat' dir='ltr'>a</span> <span class='ocrx_word' id='word_1_179' title='bbox 332 2386 462 2419; x_wconf 81' lang='lat' dir='ltr'>colonis</span> <span class='ocrx_word' id='word_1_180' title='bbox 481 2385 679 2431; x_wconf 78' lang='lat' dir='ltr'>exigendos.</span> <span class='ocrx_word' id='word_1_181' title='bbox 698 2386 817 2419; x_wconf 77' lang='lat' dir='ltr'>Er).—</span> 
     </span>
     <span class='ocr_line' id='line_1_29' title="bbox 152 2440 816 2482; baseline -0.005 -10"><span class='ocrx_word' id='word_1_182' title='bbox 152 2444 297 2482; x_wconf 82' lang='lat' dir='ltr'>Acpaene</span> <span class='ocrx_word' id='word_1_183' title='bbox 304 2442 412 2471; x_wconf 70' lang='lat' dir='ltr'>iisdem</span> <span class='ocrx_word' id='word_1_184' title='bbox 423 2441 581 2470; x_wconf 74' lang='lat' dir='ltr'>actoribus</span> <span class='ocrx_word' id='word_1_185' title='bbox 589 2440 712 2469; x_wconf 75' lang='lat' dir='ltr'>habere.</span> <span class='ocrx_word' id='word_1_186' title='bbox 721 2440 816 2470; x_wconf 84' lang='lat' dir='ltr'>Rom.</span> 
     </span>
     <span class='ocr_line' id='line_1_30' title="bbox 153 2493 814 2535; baseline -0.005 -11"><span class='ocrx_word' id='word_1_187' title='bbox 153 2497 201 2524; x_wconf 83' lang='lat' dir='ltr'>Ac</span> <span class='ocrx_word' id='word_1_188' title='bbox 213 2505 307 2535; x_wconf 76' lang='lat' dir='ltr'>poene</span> <span class='ocrx_word' id='word_1_189' title='bbox 319 2494 427 2524; x_wconf 76' lang='lat' dir='ltr'>iisdem</span> <span class='ocrx_word' id='word_1_190' title='bbox 442 2493 672 2523; x_wconf 71' lang='lat' dir='ltr'>habitatoribus</span> <span class='ocrx_word' id='word_1_191' title='bbox 690 2493 814 2523; x_wconf 76' lang='lat' dir='ltr'>habere.</span> 
     </span>
     <span class='ocr_line' id='line_1_31' title="bbox 152 2543 468 2578; baseline -0.009 0"><span class='ocrx_word' id='word_1_192' title='bbox 152 2545 225 2578; x_wconf 88' lang='lat' dir='ltr'>Hoc</span> <span class='ocrx_word' id='word_1_193' title='bbox 242 2544 406 2578; x_wconf 82' lang='lat' dir='ltr'>alienum.</span> <span class='ocrx_word' id='word_1_194' title='bbox 424 2543 468 2576; x_wconf 90' lang='lat' dir='ltr'>H.</span> 
     </span>
    </p>

    <p class='ocr_par' dir='ltr' id='par_1_12' title="bbox 154 2594 820 2745">
     <span class='ocr_line' id='line_1_32' title="bbox 202 2594 817 2641; baseline -0.007 -10"><span class='ocrx_word' id='word_1_195' title='bbox 202 2599 234 2631; x_wconf 81' lang='grc'>3.</span> <span class='ocrx_word' id='word_1_196' title='bbox 259 2599 491 2641; x_wconf 75' lang='lat' dir='ltr'>Topiariorum.</span> <span class='ocrx_word' id='word_1_197' title='bbox 511 2594 592 2627; x_wconf 81' lang='lat' dir='ltr'>Vid.</span> <span class='ocrx_word' id='word_1_198' title='bbox 621 2595 715 2628; x_wconf 79' lang='lat' dir='ltr'>Clav.</span> <span class='ocrx_word' id='word_1_199' title='bbox 745 2595 817 2627; x_wconf 89' lang='lat' dir='ltr'>Cic.</span> 
     </span>
     <span class='ocr_line' id='line_1_33' title="bbox 154 2649 820 2692; baseline -0.003 -12"><span class='ocrx_word' id='word_1_200' title='bbox 154 2649 190 2682; x_wconf 93' lang='lat' dir='ltr'>h.</span> <span class='ocrx_word' id='word_1_201' title='bbox 218 2663 251 2683; x_wconf 77' lang='lat' dir='ltr'>V.</span> <span class='ocrx_word' id='word_1_202' title='bbox 282 2650 316 2684; x_wconf 93' lang='lat' dir='ltr'>S.</span> <span class='ocrx_word' id='word_1_203' title='bbox 336 2670 380 2675; x_wconf 92' lang='lat'>-—</span> <span class='ocrx_word' id='word_1_204' title='bbox 411 2651 555 2692; x_wconf 78' lang='lat' dir='ltr'>Topiarii</span> <span class='ocrx_word' id='word_1_205' title='bbox 584 2660 731 2692; x_wconf 82' lang='lat' dir='ltr'>quorum</span> <span class='ocrx_word' id='word_1_206' title='bbox 769 2660 820 2679; x_wconf 81' lang='lat' dir='ltr'>ars</span> 
     </span>
     <span class='ocr_line' id='line_1_34' title="bbox 156 2700 820 2745; baseline 0.002 -12"><span class='ocrx_word' id='word_1_207' title='bbox 156 2704 312 2744; x_wconf 81' lang='lat' dir='ltr'>topiaria,</span> <span class='ocrx_word' id='word_1_208' title='bbox 334 2702 501 2735; x_wconf 83' lang='lat' dir='ltr'>curabant</span> <span class='ocrx_word' id='word_1_209' title='bbox 521 2713 558 2734; x_wconf 83' lang='lat' dir='ltr'>ca</span> <span class='ocrx_word' id='word_1_210' title='bbox 573 2726 581 2741; x_wconf 89' lang='lat'>,</span> <span class='ocrx_word' id='word_1_211' title='bbox 611 2713 684 2745; x_wconf 78' lang='lat' dir='ltr'>quoe</span> <span class='ocrx_word' id='word_1_212' title='bbox 714 2700 820 2734; x_wconf 76' lang='lat' dir='ltr'>hortis</span> 
     </span>
    </p>
   </div>
   <div class='ocr_carea' id='block_1_12' title="bbox 347 2761 384 2801">
    <p class='ocr_par' dir='ltr' id='par_1_13' title="bbox 347 2761 384 2801">
     <span class='ocr_line' id='line_1_35' title="bbox 347 2761 384 2801; baseline 0 0"><span class='ocrx_word' id='word_1_213' title='bbox 347 2761 384 2801; x_wconf 90' lang='lat' dir='ltr'>I.</span> 
     </span>
    </p>
   </div>
   <div class='ocr_carea' id='block_1_13' title="bbox 884 2073 1554 2160">
    <p class='ocr_par' dir='ltr' id='par_1_14' title="bbox 884 2073 1554 2160">
     <span class='ocr_line' id='line_1_36' title="bbox 884 2073 1554 2118; baseline 0.006 -15"><span class='ocrx_word' id='word_1_214' title='bbox 884 2078 994 2104; x_wconf 88' lang='lat' dir='ltr'>essent</span> <span class='ocrx_word' id='word_1_215' title='bbox 1025 2080 1242 2105; x_wconf 84' lang='lat' dir='ltr'>ornamento.</span> <span class='ocrx_word' id='word_1_216' title='bbox 1272 2073 1342 2107; x_wconf 81' lang='lat' dir='ltr'>En.</span> <span class='ocrx_word' id='word_1_217' title='bbox 1372 2095 1416 2099; x_wconf 78' lang='lat'>———</span> <span class='ocrx_word' id='word_1_218' title='bbox 1448 2079 1554 2118; x_wconf 79' lang='lat' dir='ltr'>Atque</span> 
     </span>
     <span class='ocr_line' id='line_1_37' title="bbox 884 2127 1550 2160; baseline 0.009 -6"><span class='ocrx_word' id='word_1_219' title='bbox 884 2127 980 2155; x_wconf 76' lang='lat' dir='ltr'>eciam</span> <span class='ocrx_word' id='word_1_220' title='bbox 1016 2127 1180 2156; x_wconf 75' lang='lat' dir='ltr'>venatorii</span> <span class='ocrx_word' id='word_1_221' title='bbox 1210 2128 1417 2159; x_wconf 73' lang='lat' dir='ltr'>instrumenti.</span> <span class='ocrx_word' id='word_1_222' title='bbox 1452 2129 1550 2160; x_wconf 86' lang='lat' dir='ltr'>Rom.</span> 
     </span>
    </p>
   </div>
   <div class='ocr_carea' id='block_1_14' title="bbox 882 2179 1554 2747">
    <p class='ocr_par' dir='ltr' id='par_1_15' title="bbox 883 2179 1554 2273">
     <span class='ocr_line' id='line_1_38' title="bbox 884 2179 1554 2218; baseline 0.01 -12"><span class='ocrx_word' id='word_1_223' title='bbox 884 2186 980 2218; x_wconf 79' lang='lat' dir='ltr'>atque</span> <span class='ocrx_word' id='word_1_224' title='bbox 996 2186 1025 2208; x_wconf 83' lang='lat' dir='ltr'>et</span> <span class='ocrx_word' id='word_1_225' title='bbox 1045 2179 1217 2209; x_wconf 74' lang='lat' dir='ltr'>venatoria</span> <span class='ocrx_word' id='word_1_226' title='bbox 1241 2180 1459 2212; x_wconf 78' lang='lat' dir='ltr'>instrumenta.</span> <span class='ocrx_word' id='word_1_227' title='bbox 1484 2180 1554 2213; x_wconf 85' lang='lat' dir='ltr'>Me-</span> 
     </span>
     <span class='ocr_line' id='line_1_39' title="bbox 883 2227 1177 2273; baseline 0.01 -14"><span class='ocrx_word' id='word_1_228' title='bbox 883 2227 948 2260; x_wconf 87' lang='lat' dir='ltr'>lior</span> <span class='ocrx_word' id='word_1_229' title='bbox 965 2228 1116 2273; x_wconf 82' lang='lat' dir='ltr'>vulgata.</span> <span class='ocrx_word' id='word_1_230' title='bbox 1134 2229 1177 2262; x_wconf 87' lang='lat' dir='ltr'>H.</span> 
     </span>
    </p>

    <p class='ocr_par' dir='ltr' id='par_1_16' title="bbox 882 2283 1552 2747">
     <span class='ocr_line' id='line_1_40' title="bbox 930 2283 1550 2326; baseline 0.011 -15"><span class='ocrx_word' id='word_1_231' title='bbox 930 2284 961 2319; x_wconf 73' lang='grc'>4.</span> <span class='ocrx_word' id='word_1_232' title='bbox 980 2284 1271 2325; x_wconf 76' lang='lat' dir='ltr'>Incertajbrlmzoe.</span> <span class='ocrx_word' id='word_1_233' title='bbox 1295 2283 1414 2316; x_wconf 78' lang='lat' dir='ltr'>Livius</span> <span class='ocrx_word' id='word_1_234' title='bbox 1432 2286 1530 2318; x_wconf 80' lang='lat' dir='ltr'>XXX</span> <span class='ocrx_word' id='word_1_235' title='bbox 1542 2311 1550 2326; x_wconf 90' lang='lat'>,</span> 
     </span>
     <span class='ocr_line' id='line_1_41' title="bbox 888 2333 1552 2377; baseline 0.011 -13"><span class='ocrx_word' id='word_1_236' title='bbox 888 2335 926 2364; x_wconf 85' lang='lat'>15</span> <span class='ocrx_word' id='word_1_237' title='bbox 939 2358 947 2372; x_wconf 86' lang='lat'>‚</span> <span class='ocrx_word' id='word_1_238' title='bbox 967 2337 985 2372; x_wconf 75' lang='grc'>,4</span> <span class='ocrx_word' id='word_1_239' title='bbox 1000 2344 1007 2364; x_wconf 82' lang='lat' dir='ltr'><strong><em>z</em></strong></span> <span class='ocrx_word' id='word_1_240' title='bbox 1033 2350 1044 2361; x_wconf 84' lang='lat'>«</span> <span class='ocrx_word' id='word_1_241' title='bbox 1057 2333 1165 2366; x_wconf 84' lang='lat' dir='ltr'>fidum</span> <span class='ocrx_word' id='word_1_242' title='bbox 1181 2348 1198 2367; x_wconf 88' lang='lat' dir='ltr'>e</span> <span class='ocrx_word' id='word_1_243' title='bbox 1219 2336 1325 2369; x_wconf 66' lang='lat' dir='ltr'>servis</span> <span class='ocrx_word' id='word_1_244' title='bbox 1351 2345 1471 2377; x_wconf 77' lang='lat' dir='ltr'>vocat,</span> <span class='ocrx_word' id='word_1_245' title='bbox 1489 2339 1552 2371; x_wconf 87' lang='lat' dir='ltr'>sub</span> 
     </span>
     <span class='ocr_line' id='line_1_42' title="bbox 882 2385 1552 2432; baseline 0.009 -15"><span class='ocrx_word' id='word_1_246' title='bbox 882 2386 980 2430; x_wconf 86' lang='lat' dir='ltr'>eujus</span> <span class='ocrx_word' id='word_1_247' title='bbox 991 2385 1146 2419; x_wconf 84' lang='lat' dir='ltr'>custodia</span> <span class='ocrx_word' id='word_1_248' title='bbox 1157 2388 1252 2432; x_wconf 83' lang='lat' dir='ltr'>regio</span> <span class='ocrx_word' id='word_1_249' title='bbox 1262 2401 1358 2421; x_wconf 85' lang='lat' dir='ltr'>more</span> <span class='ocrx_word' id='word_1_250' title='bbox 1370 2388 1412 2421; x_wconf 88' lang='lat' dir='ltr'>ad</span> <span class='ocrx_word' id='word_1_251' title='bbox 1421 2391 1552 2423; x_wconf 80' lang='lat' dir='ltr'>incerta</span> 
     </span>
     <span class='ocr_line' id='line_1_43' title="bbox 884 2437 1551 2485; baseline 0.01 -17"><span class='ocrx_word' id='word_1_252' title='bbox 884 2437 1027 2469; x_wconf 71' lang='lat' dir='ltr'>fortuna:</span> <span class='ocrx_word' id='word_1_253' title='bbox 1042 2450 1212 2472; x_wconf 72' lang='lat' dir='ltr'>vencnum</span> <span class='ocrx_word' id='word_1_254' title='bbox 1226 2449 1311 2473; x_wconf 82' lang='lat' dir='ltr'>erat.</span> <span class='ocrx_word' id='word_1_255' title='bbox 1327 2457 1337 2469; x_wconf 74' lang='grc' dir='ltr'>ι·</span> <span class='ocrx_word' id='word_1_256' title='bbox 1352 2441 1452 2485; x_wconf 81' lang='lat' dir='ltr'>Apud</span> <span class='ocrx_word' id='word_1_257' title='bbox 1467 2454 1551 2475; x_wconf 86' lang='lat' dir='ltr'>eun-</span> 
     </span>
     <span class='ocr_line' id='line_1_44' title="bbox 882 2490 1550 2532; baseline 0.006 -9"><span class='ocrx_word' id='word_1_258' title='bbox 882 2490 961 2523; x_wconf 84' lang='lat' dir='ltr'>dem</span> <span class='ocrx_word' id='word_1_259' title='bbox 989 2492 1083 2525; x_wconf 65' lang='lat' dir='ltr'>XXX</span> <span class='ocrx_word' id='word_1_260' title='bbox 1099 2518 1106 2532; x_wconf 95' lang='lat'>,</span> <span class='ocrx_word' id='word_1_261' title='bbox 1130 2494 1190 2532; x_wconf 79' lang='lat'>30,</span> <span class='ocrx_word' id='word_1_262' title='bbox 1224 2505 1261 2524; x_wconf 88' lang='lat'>11</span> <span class='ocrx_word' id='word_1_263' title='bbox 1281 2517 1288 2531; x_wconf 93' lang='lat'>,</span> <span class='ocrx_word' id='word_1_264' title='bbox 1316 2493 1492 2527; x_wconf 78' lang='lat' dir='ltr'>Hannibal</span> <span class='ocrx_word' id='word_1_265' title='bbox 1515 2495 1550 2527; x_wconf 84' lang='lat' dir='ltr'>in</span> 
     </span>
     <span class='ocr_line' id='line_1_45' title="bbox 883 2543 1550 2590; baseline 0.006 -15"><span class='ocrx_word' id='word_1_266' title='bbox 883 2543 1004 2576; x_wconf 81' lang='lat' dir='ltr'>eximia</span> <span class='ocrx_word' id='word_1_267' title='bbox 1024 2544 1083 2578; x_wconf 87' lang='lat' dir='ltr'>illa</span> <span class='ocrx_word' id='word_1_268' title='bbox 1101 2545 1145 2578; x_wconf 82' lang='lat' dir='ltr'>ad</span> <span class='ocrx_word' id='word_1_269' title='bbox 1159 2545 1353 2590; x_wconf 75' lang='lat' dir='ltr'>Scipionem</span> <span class='ocrx_word' id='word_1_270' title='bbox 1371 2546 1526 2579; x_wconf 75' lang='lat' dir='ltr'>oratione</span> <span class='ocrx_word' id='word_1_271' title='bbox 1543 2558 1550 2579; x_wconf 88' lang='lat'><strong>:</strong></span> 
     </span>
     <span class='ocr_line' id='line_1_46' title="bbox 893 2596 1549 2645; baseline 0.006 -17"><span class='ocrx_word' id='word_1_272' title='bbox 893 2613 905 2625; x_wconf 75' lang='grc' dir='ltr'>ι(</span> <span class='ocrx_word' id='word_1_273' title='bbox 916 2596 993 2629; x_wconf 86' lang='lat' dir='ltr'>Non</span> <span class='ocrx_word' id='word_1_274' title='bbox 1008 2603 1134 2630; x_wconf 77' lang='lat' dir='ltr'>temere</span> <span class='ocrx_word' id='word_1_275' title='bbox 1149 2598 1279 2631; x_wconf 78' lang='lat' dir='ltr'>incerta</span> <span class='ocrx_word' id='word_1_276' title='bbox 1291 2610 1433 2630; x_wconf 76' lang='lat' dir='ltr'>casuum</span> <span class='ocrx_word' id='word_1_277' title='bbox 1447 2611 1549 2645; x_wconf 84' lang='lat' dir='ltr'>repu-</span> 
     </span>
     <span class='ocr_line' id='line_1_47' title="bbox 886 2651 1551 2696; baseline 0.006 -16"><span class='ocrx_word' id='word_1_278' title='bbox 886 2655 955 2689; x_wconf 86' lang='lat' dir='ltr'>tat,</span> <span class='ocrx_word' id='word_1_279' title='bbox 983 2661 1085 2694; x_wconf 85' lang='lat' dir='ltr'>quem</span> <span class='ocrx_word' id='word_1_280' title='bbox 1114 2651 1251 2683; x_wconf 79' lang='lat' dir='ltr'>fortuna</span> <span class='ocrx_word' id='word_1_281' title='bbox 1284 2662 1462 2696; x_wconf 74' lang='lat' dir='ltr'>nunquam</span> <span class='ocrx_word' id='word_1_282' title='bbox 1495 2651 1551 2684; x_wconf 81' lang='lat' dir='ltr'>de-</span> 
     </span>
     <span class='ocr_line' id='line_1_48' title="bbox 886 2701 1062 2747; baseline 0.017 -14"><span class='ocrx_word' id='word_1_283' title='bbox 886 2701 1009 2747; x_wconf 79' lang='lat' dir='ltr'>cepit.»</span> <span class='ocrx_word' id='word_1_284' title='bbox 1030 2702 1062 2736; x_wconf 92' lang='lat' dir='ltr'>S.</span> 
     </span>
    </p>
   </div>
   <div class='ocr_carea' id='block_1_15' title="bbox 1310 2758 1359 2803">
    <p class='ocr_par' dir='ltr' id='par_1_17' title="bbox 1310 2758 1359 2803">
     <span class='ocr_line' id='line_1_49' title="bbox 1310 2758 1359 2803; baseline 0.041 -2"><span class='ocrx_word' id='word_1_285' title='bbox 1310 2758 1359 2803; x_wconf 69' lang='lat'>13</span> 
     </span>
    </p>
   </div>
  </div>
 </body>
</html>
