1742 2989
614 216 663 256 C.
700 213 925 257 PLINII
962 213 1085 255 LIB.
1120 213 1185 255 ΙΙ.

192 297 406 358 laterique
429 294 700 340 consulerem
725 312 734 338 :
758 311 895 356 quum
920 311 991 338 me
1016 294 1318 338 vehementius
1344 303 1519 355 putaret
1540 295 1605 337 in-

193 370 312 414 tendi
330 407 342 428 ,
367 386 498 431 quam
516 368 734 430 gracilitas
749 384 846 412 mea
860 368 1030 429 perpeti
1045 377 1205 428 posset.
1230 367 1476 429 Respondit
1495 368 1605 412 mihi

203 231 286 258 100

126 453 166 484 16
191 461 273 506 pro
298 443 522 488 Martiano
549 442 758 487 Claudius
781 440 1092 485 Marcellinus:
1114 443 1269 486 missus
1297 442 1453 486 deinde
1479 458 1605 485 sena-

191 528 289 573 tus,
313 527 356 561 et
379 526 608 560 revocatus
634 518 678 559 in
704 525 942 576 posterum.
968 516 1125 576 Neque
1151 517 1267 559 enim
1290 516 1380 576 jam
1406 516 1605 560 inchoari

126 608 163 639 ¹7
190 601 362 652 poterat
387 590 499 634 actio
518 625 529 644 ,
555 591 638 634 nisi
666 599 715 633 ut
744 589 884 633 noctis
911 590 1163 632 interventu
1188 590 1471 634 scinderetur.
1496 592 1604 633 Pos—

124 895 163 927 18

124 1414 162 1445 19

189 673 284 707 tero
310 663 398 719 die,
425 662 535 706 dixit
567 679 649 724 pro
680 663 825 706 Mario
858 661 1026 706 Salvius
1057 662 1295 719 Liberalis,
1316 665 1383 707 vir
1411 663 1605 724 subtilis,

188 737 421 798 dispositus
436 772 447 792 ‚
467 753 586 792 acer,
606 736 792 779 disertus
813 753 821 778 ε
844 735 888 778 in
915 735 988 779 illa
1013 752 1117 779 vero
1143 752 1294 781 caussa
1317 754 1468 781 omnes
1491 746 1606 781 artes

188 828 286 855 suas
302 810 502 872 protulit.
521 809 766 871 Respondit
786 808 1019 853 Cornelius
1037 810 1214 853 Tacitus
1234 809 1605 871 eloquentissime,

188 897 231 930 et
252 922 263 942 ,
294 885 414 947 quod
444 886 653 929 eximium
680 884 871 928 orationi
898 884 990 944 ejus
1016 885 1153 938 inest,
1185 890 1347 944 σεμνῶς.
1374 883 1499 926 Dixit
1523 897 1605 942 pro

187 959 332 1003 Mario
358 975 509 1002 rursus
533 961 700 1001 Fronto
724 958 875 1002 Catius
901 957 1132 1018 insigniter
1162 973 1171 1000 :
1203 965 1338 1015 utque
1366 955 1456 1014 jam
1485 953 1605 997 locus

190 1031 259 1075 ille
284 1031 515 1092 poscebat,
544 1030 642 1092 plus
668 1031 714 1074 in
740 1030 944 1091 precibus
969 1031 1205 1091 temporis,
1231 1045 1363 1089 quam
1388 1029 1434 1071 in
1458 1027 1606 1071 defen-

189 1105 310 1148 sione
338 1105 641 1165 consumpsit:
665 1103 798 1163 hujus
828 1104 1045 1147 actionem
1075 1118 1254 1163 vespera
1283 1100 1489 1144 inclusit:
1514 1116 1604 1143 non

188 1189 335 1223 tamen
357 1179 417 1221 sic
434 1213 445 1233 ,
467 1188 517 1221 ut
536 1178 840 1238 abrumperet3
857 1178 1004 1237 itaque
1029 1178 1075 1220 in
1101 1177 1280 1220 tertium
1306 1175 1420 1218 diem
1448 1174 1605 1234 proba-

188 1254 329 1295 tiones
351 1252 564 1295 exierunt.
592 1253 689 1294 Jam
716 1251 800 1293 hoc
828 1251 973 1311 ipsum
1001 1249 1261 1310 pulchrum,
1278 1258 1322 1292 et
1347 1248 1604 1307 antiquum,

189 1335 388 1368 senatum
419 1333 549 1368 nocte
578 1323 766 1378 dimitti,
801 1323 948 1366 triduo
976 1323 1153 1378 vocari,
1189 1321 1334 1365 triduo
1369 1320 1600 1364 contineri.

189 1399 414 1441 Cornutus
446 1396 668 1440 Tertullus
695 1413 781 1441 cos.
817 1395 1177 1457 designatu57wir
1201 1394 1425 1455 egregius,
1455 1403 1499 1437 et
1523 1409 1605 1454 pro

190 1524 247 1557 hic
260 1522 360 1556 ordo.
376 1524 410 1556 S.
433 1543 479 1547 -—
495 1524 675 1565 Laterique.
704 1538 716 1551 a
731 1523 772 1555 In
787 1534 862 1554 ora-

190 1585 266 1609 tore
292 1583 371 1608 sunt
392 1575 574 1620 pulmones
591 1599 599 1614 ,
622 1582 741 1607 nostro
766 1586 862 1606 more

191 1627 370 1674 loquendi.
386 1628 518 1672 Nempe
532 1627 618 1659 vires
635 1626 682 1659 sic
698 1625 862 1659 dicuntur

192 1693 238 1714 eae
253 1706 261 1721 ,
276 1692 426 1726 quarum
443 1679 597 1712 defectus
614 1678 649 1711 in
666 1678 772 1711 latere
791 1691 864 1711 sen-

191 1733 273 1766 titur
287 1758 296 1774 ⁷
319 1740 358 1765 ut
383 1745 402 1765 a
427 1731 649 1764 currentibus
663 1756 672 1770 ‚
694 1730 864 1764 cantanti-

192 1786 257 1818 bus
274 1810 283 1826 ,
310 1784 504 1817 dicentibus
522 1809 530 1823 ‚
554 1783 756 1828 potantibus
768 1808 776 1822 ,
796 1783 863 1815 Ve-

192 1851 311 1871 nerem
328 1836 565 1870 exercentibus
582 1847 589 1867 :
610 1835 645 1867 in
661 1835 788 1880 quibus
807 1847 864 1880 ge-

193 1891 333 1924 neribus
347 1888 507 1922 omnibus
524 1887 632 1920 latera
651 1900 713 1933 pro
732 1888 864 1921 viribus

194 1944 370 1976 dicuntur.
390 1959 404 1971 ι»
428 1942 461 1974 J.
488 1941 529 1974 A.
550 1941 687 1973 Ernest.
708 1940 743 1973 in
764 1941 862 1973 Clav.

194 1996 305 2028 Cicer,
323 1995 360 2027 h.
378 2007 412 2028 v,
433 1998 546 2025 Vocem
563 2000 595 2025 et
609 1995 711 2024 lacera
723 2018 732 2031 ,
749 2000 787 2024 ut
801 1992 867 2024 Pli-

193 2048 272 2080 nius
284 2072 292 2086 ‚
302 2046 418 2091 jungit
429 2045 549 2078 Cicero
558 2045 661 2077 Verr.
678 2044 744 2083 IV,
762 2045 816 2078 30.
829 2045 863 2078 S.

194 2121 240 2125 —
254 2101 392 2131 Intendi.
410 2099 509 2130 Rom.
526 2099 668 2129 Inremli.
686 2096 730 2128 H.

246 2154 296 2183 16.
317 2154 428 2193 Neque
441 2152 522 2181 enim
533 2174 541 2187 ‚
559 2157 623 2181 etc.
639 2150 737 2181 Rom.
754 2152 867 2191 Neque

196 2206 278 2236 enim
290 2204 568 2245 inchoaripoterac
580 2202 677 2237 accio,
690 2203 752 2232 nisi
763 2210 808 2233 111⁴.
822 2201 866 2233 H.

255 2268 306 2295 17.
337 2255 458 2285 Salvius
484 2255 638 2284 Liberalis
663 2253 869 2298 Vespasiani

197 2307 407 2353 temporibus
418 2317 556 2338 caussas
566 2304 644 2349 egit.
656 2305 870 2337 En.—Subci-

198 2364 234 2393 lis
245 2387 254 2400 ,
273 2361 441 2403 dispositus
452 2383 460 2395 ,
477 2370 563 2389 acer.
581 2360 706 2389 subtilis
721 2365 769 2390 est
783 2382 792 2398 ‚
806 2358 866 2402 qui

197 2425 270 2445 rem
283 2410 470 2456 prudenter
484 2416 514 2441 et
527 2417 626 2441 acute
637 2408 729 2442 videt
741 2421 749 2450 ς
764 2412 867 2452 dispo-

198 2467 294 2503 sicus,
320 2463 379 2509 qui
402 2475 476 2495 rem
499 2462 586 2495 bene
608 2461 785 2494 inventam
809 2470 867 2494 aut

199 2525 399 2562 perceptam
414 2514 546 2560 optimo
558 2513 679 2546 ordine
694 2513 867 2559 dispensat

199 2577 232 2601 et
252 2576 395 2608 tractat3
415 2580 508 2606 acer,
526 2566 622 2612 cujus
640 2566 729 2599 actio
745 2575 777 2599 et
793 2579 867 2599 ora-

199 2622 246 2654 tio
264 2621 354 2666 viget
373 2619 524 2665 quadam
542 2618 756 2651 vehementia
771 2643 778 2658 ,
801 2619 865 2664 spi-

199 2674 266 2706 ritu
281 2698 290 2713 ‚
317 2672 448 2718 impetu
470 2670 621 2704 dicendi.
643 2671 684 2703 E.
706 2691 750 2696 —
775 2674 870 2712 Quod

200 2728 349 2757 eximium
370 2735 454 2757 orat.
471 2726 537 2767 ejus
553 2726 641 2756 [nest.
657 2724 754 2755 Rom.
776 2727 870 2763 Quod

927 1523 1078 1553 eximium
1091 1523 1235 1553 orationi
1247 1532 1313 1552 sace
1330 1522 1420 1552 inest.
1438 1518 1484 1551 H.
1499 1539 1544 1543 —-
1558 1518 1601 1551 Id

927 1572 1088 1619 equidem
1120 1585 1192 1605 non
1231 1571 1484 1605 damnaverim.
1512 1570 1603 1603 Vide

927 1625 1055 1659 Sanctii
1071 1626 1221 1658 Minerv.
1241 1624 1266 1657 l.
1284 1625 1319 1657 II
1335 1649 1344 1664 ,
1363 1636 1394 1657 c.
1420 1637 1473 1657 12.
1494 1624 1529 1657 S.

980 1679 1031 1711 18.
1052 1681 1155 1722 Hujus
1174 1680 1333 1709 actionem
1352 1690 1488 1720 vespera
1506 1678 1604 1708 inclu-

929 1733 979 1763 sit.
1005 1730 1045 1763 Id
1072 1738 1120 1764 est
1135 1756 1144 1771 ‚
1166 1730 1300 1770 finivit,
1325 1730 1371 1763 ita
1392 1737 1507 1762 tamen
1521 1754 1530 1769 ‚
1554 1741 1599 1761 ne

929 1782 1044 1816 media
1058 1783 1167 1816 oratio
1183 1783 1446 1828 abrumperetur
1459 1807 1468 1822 ,
1489 1780 1548 1814 sed
1563 1789 1601 1813 ut

928 1835 1115 1881 perorandi
1146 1843 1283 1881 tempus
1318 1843 1417 1868 esset.
1457 1833 1600 1867 Cornel.

930 1889 1021 1921 Cels.
1045 1888 1104 1920 lib.
1126 1889 1164 1928 Ι,
1182 1900 1213 1921 c.
1241 1901 1281 1929 2,
1308 1896 1396 1921 extr.
1429 1886 1527 1920 «Ubi
1551 1899 1604 1919 ex-

930 1941 1043 1986 pletus
1069 1948 1119 1974 est
1144 1940 1291 1985 aliquis,
1314 1940 1449 1973 facilius
1475 1952 1602 1972 conco-

930 1993 1006 2038 quit
1019 2018 1028 2033 ,
1049 1993 1099 2032 si,
1119 1992 1289 2038 quidquid
1318 1991 1503 2037 assumpsit
1516 2016 1524 2030 ‚
1545 2004 1605 2037 po-

931 2046 1022 2078 tione
1039 2056 1136 2089 aquae
1151 2043 1282 2089 frigidm
1297 2043 1479 2076 includit.»
1498 2043 1542 2076 H.
1558 2065 1604 2068 ——

931 2097 1029 2130 Idem
1045 2097 1165 2129 Celsus
1179 2096 1239 2129 lib.
1256 2097 1273 2128 I
1288 2121 1296 2136 ,
1315 2109 1346 2129 c.
1364 2098 1383 2130 8
1401 2108 1409 2128 :
1428 2110 1604 2140 onmespo-

932 2152 1031 2181 tiones
1045 2162 1133 2191 aqua
1141 2150 1271 2191 frigida
1287 2151 1456 2180 includere.
1474 2149 1508 2183 S.

980 2221 1026 2225 ——
1052 2204 1201 2232 Senatum
1224 2211 1315 2232 nocte
1339 2203 1482 2233 dimittit.
1503 2201 1601 2234 Rom.

934 2257 1083 2285 Senatum
1107 2263 1200 2284 nocte
1218 2255 1342 2291 dirimi,
1365 2252 1460 2298 quod
1480 2266 1519 2285 ex
1535 2253 1605 2286 Me-

934 2304 1002 2338 dic.
1019 2313 1051 2338 et
1065 2304 1257 2338 Helmstad.
1270 2306 1343 2351 jam
1358 2306 1496 2338 Cortius
1510 2306 1605 2338 resti-

934 2357 1011 2391 tuit.
1037 2358 1081 2390 H.
1109 2379 1154 2382 —
1172 2358 1225 2390 Ita
1244 2365 1277 2390 et
1294 2358 1464 2404 Excerpta
1482 2359 1604 2391 Brum-

932 2411 1031 2443 meri.
1062 2409 1219 2443 Cortium
1252 2418 1390 2443 secutus
1419 2418 1469 2443 est
1496 2409 1604 2443 Gieri-

933 2463 1019 2508 gius.
1037 2463 1072 2496 S.

984 2528 1036 2557 19.
1071 2517 1154 2547 COS.
1184 2514 1354 2546 Tironum
1384 2514 1419 2546 in
1455 2515 1603 2559 gratiam

932 2579 1058 2600 moneo
1073 2592 1082 2608 ‚
1102 2567 1215 2612 prisca
1239 2566 1489 2612 orthographia
1510 2569 1606 2599 Cosul

933 2620 1099 2666 scriptum
1116 2619 1221 2652 fuisse
1235 2630 1244 2658 3
1260 2618 1341 2651 hinc
1362 2631 1424 2663 per
1443 2631 1602 2664 compen-

933 2672 1028 2705 dium
1045 2672 1125 2706 Cos.
1145 2672 1179 2705 S.
1208 2691 1254 2696 —-
1275 2671 1326 2703 De
1350 2674 1499 2705 Tertullo.
1517 2670 1599 2704 Vid.

933 2725 979 2767 V,
998 2737 1052 2772 ep.
1078 2725 1131 2757 15.
1153 2724 1216 2756 En.
