1757 2880
175 176 254 203 viu
699 162 1061 206 PRAEFATIO.

174 262 319 308 modo
354 273 400 309 et
435 263 664 309 obscuros
700 275 982 328 spectarent.
1026 269 1195 329 Operae
1239 267 1446 328 pretium
1484 282 1583 312 esse

176 345 396 391 duximus
422 346 513 391 hoc
535 348 697 392 vitium
727 348 916 405 tollere,
949 359 995 394 et
1020 349 1197 412 aliquid
1215 348 1422 394 breviter
1443 349 1585 395 disse-

174 444 278 472 rere
307 428 364 472 de
397 428 620 474 omnibus
639 430 749 475 viris
771 440 850 475 aut
871 431 1079 487 feminis,
1108 432 1191 494 qui
1221 430 1347 493 apud
1380 431 1583 476 Plinium

173 520 518 563 memorantur,
539 512 593 556 iis
613 521 798 557 tantum
816 513 1021 569 omissis,
1046 513 1105 558 de
1122 512 1297 576 quibus
1316 513 1434 558 nihil
1457 514 1586 576 apud

173 608 354 637 coa-vos
382 604 597 639 auctores
619 605 887 658 supererat3
915 613 1002 641 nec
1026 606 1191 641 nostro
1216 597 1489 659 proposito,
1513 597 1583 641 lo-

173 690 339 720 corum
367 678 604 733 omnium,
632 678 848 735 urbium,
874 679 1153 735 fluminum,
1182 688 1268 724 etc.
1297 696 1402 741 quse
1429 680 1477 724 in
1502 683 1584 725 Se·-

173 758 332 801 cundo
373 770 655 817 occurrunt,
693 762 985 806 mentionem
1023 761 1197 807 habere
1237 760 1446 807 alienum
1484 778 1583 807 esse

174 840 455 884 censuimus.

235 923 306 965 De
331 923 442 974 vita,
463 922 698 979 moribus,
724 924 1004 986 scriptisque
1026 924 1160 969 Plinii
1182 940 1584 987 supervacaneum

172 1001 309 1046 nobis
328 1002 403 1046 1110
418 1003 660 1065 disputare
678 1005 829 1049 visum
846 1016 929 1061 est,
949 1023 1098 1068 quum
1115 1010 1334 1052 SCHAEFER
1350 1007 1399 1054 in
1417 1006 1585 1070 praefa-

168 1083 324 1139 tione,
348 1086 590 1129 Ernestius
617 1086 664 1129 in
693 1087 891 1148 epistola
916 1097 962 1132 et
986 1089 1135 1144 notis,
1162 1088 1392 1134 Cellarius
1419 1090 1468 1133 in
1492 1091 1585 1134 vita

168 1165 329 1219 Plinii,
363 1182 480 1227 quas
510 1164 629 1210 infra
651 1183 759 1211 cum
788 1169 1071 1213 testimoniis
1095 1169 1152 1214 de
1179 1179 1343 1214 nostro
1366 1180 1585 1228 auctore,

169 1244 402 1290 edidimus
415 1282 425 1302 ,
441 1246 681 1308 eleganter
695 1258 739 1292 et
756 1250 951 1311 copiose
966 1249 1086 1294 hanc
1096 1251 1339 1295 materiam
1354 1261 1586 1297 tractave-

167 1327 274 1371 rint.
290 1330 538 1372 Lectorem
560 1329 703 1391 igitur
726 1329 785 1374 ad
808 1330 894 1375 hos
909 1332 1194 1376 remittimus
1215 1342 1260 1377 et
1285 1332 1585 1379 admonitum

170 1425 269 1453 esse
286 1409 528 1466 volumus,
557 1410 671 1454 1111111
698 1428 785 1456 nos
810 1413 1097 1458 intentatum
1117 1414 1385 1476 reliquisse,
1410 1424 1460 1459 ut
1485 1415 1586 1461 haec

169 1500 330 1535 nostra
357 1491 502 1536 editio
525 1492 759 1554 quidquid
786 1494 1019 1556 optimum
1046 1494 1228 1540 editum
1251 1505 1321 1541 est
1345 1513 1369 1541 a
1399 1496 1586 1542 Gallicis

170 1574 475 1635 externisque
503 1574 843 1637 interpretibus
867 1577 1290 1639 complecteretur,
1311 1580 1585 1643 caeterisque

169 1664 345 1698 nostrae
371 1656 678 1701 Collectionis
707 1657 1030 1705 voluminibus
1053 1659 1196 1722 digna
1227 1660 1485 1705 accederet.
1513 1660 1587 1705 Ad

171 1736 301 1796 quod
325 1738 643 1798 prfrstandum
663 1738 860 1784 mirifice
877 1739 999 1800 juvit
1026 1742 1074 1784 P.
1096 1744 1146 1784 T.
1173 1744 1509 1797 GHEERBRANT,
1534 1742 1583 1786 in

169 1816 480 1862 celeberrimo
512 1821 795 1863 Parisiorum
827 1823 1133 1882 Gymnasi01‚
1156 1824 1419 1868 Literarum
1453 1826 1585 1868 Grae-

170 1914 332 1942 carum
359 1898 622 1955 Professor3
650 1911 696 1945 et
724 1901 904 1947 Scholae
928 1902 1051 1948 illius
1078 1905 1313 1949 Normalis
1342 1904 1582 1957 alumnus,

171 1996 225 2024 ex
247 1996 340 2041 qua
365 1981 493 2025 velut
517 1998 541 2026 e
566 1984 817 2027 seminario
843 1984 1051 2046 quodam
1079 1984 1367 2031 fertilissimo
1393 1996 1584 2031 exortos

172 2060 229 2104 ad
261 2077 397 2105 suum
419 2062 563 2107 decus
593 2074 639 2108 et
669 2065 894 2110 auxilium
928 2076 998 2110 tot
1025 2066 1306 2112 clarissimos
1335 2069 1583 2131 magistros

171 2143 449 2188 universitas
477 2144 654 2190 Gallica
677 2145 805 2191 fovet
830 2157 875 2191 et
905 2147 993 2192 sibi
1021 2150 1297 2209 gratulatur.

234 2228 288 2271 N.
311 2230 358 2270 B.
391 2230 524 2271 Notae
546 2244 662 2290 quas
682 2228 947 2276 addidimus
967 2231 1278 2292 designantur
1302 2231 1373 2277 his
1397 2231 1584 2278 duabus

175 2305 331 2350 literis.
362 2310 444 2351 ΕΒ.
1264 2316 1318 2359 Ν.
1348 2317 1398 2359 Ε.
1430 2317 1482 2361 L.

228 2442 238 2456 ¹
262 2435 479 2472 Institution
507 2437 554 2473 de
580 2442 630 2473 M.
653 2440 816 2483 Massin,
846 2440 1005 2476 docteiu·
1033 2442 1071 2477 es
1095 2442 1243 2488 lettres,
1263 2451 1300 2479 ct
1325 2442 1515 2479 chevalier
1533 2442 1579 2479 de

178 2498 439 2547 saint—Louis,
463 2515 528 2538 ruc
551 2502 615 2538 des
636 2503 832 2548 Minimes,
852 2518 899 2541 au
917 2506 1067 2542 Mai-ais.

610 2634 616 2636 -
631 2627 1102 2647 -2-vaw
1127 2638 1222 2641 ⁷**—*
