1742 2989
254 191 346 246 346
665 192 712 234 o.
748 192 968 234 PLINII
1003 193 1127 235 ΜΒ.
1165 193 1251 235 vi.

252 273 438 317 invicem
467 273 572 316 mihi
604 289 750 316 caveo.
780 274 936 333 Neque
968 274 1084 316 enim
1111 289 1231 316 mare
1261 282 1304 315 et
1338 272 1463 327 litus,
1492 273 1566 316 sed
1591 283 1657 327 te,

251 347 418 400 otium,
443 345 689 389 libertatem
717 362 876 406 sequor
904 362 912 388 :
941 345 1103 406 alioqui
1130 345 1263 389 satius
1289 354 1352 387 est
1378 345 1422 387 in
1449 345 1557 388 urbe
1586 362 1657 389 re-

210 440 226 459 2
252 435 442 462 manere.
466 420 655 478 Oportet
679 419 795 461 enim
822 419 971 462 onmia
999 428 1076 462 aut
1102 418 1156 462 ad
1182 417 1372 461 alienum
1404 418 1657 471 arbitrium,

252 502 329 535 aut
353 491 407 535 ad
428 508 554 535 suum
578 491 720 535 facere
747 509 755 535 :
781 493 865 534 mei
891 501 1008 535 certe
1037 492 1248 535 stomachi
1275 491 1366 534 haec
1390 500 1548 534 natura
1573 501 1657 546 est⁷

251 574 301 608 ut
328 563 437 607 nihil
463 565 547 608 nisi
572 574 714 608 totum
741 574 784 608 et
806 582 975 608 merum
1002 564 1119 608 velit.
1141 564 1262 609 Vale.

251 688 380 734 praedia
389 689 665 722 habebant.Vid.
679 689 723 722 ad
731 689 881 722 Atticum
892 690 918 727 Ι,
1037 701 1068 721 2.
1083 690 1198 720 Omnia
1212 698 1278 720 auc.
1292 689 1447 720 Acumen
1461 687 1495 720 in
1508 687 1575 720 hoc
1589 695 1658 727 est,

256 745 275 781 4
290 753 299 781 ;
317 742 396 781 XV,
416 744 468 775 13.
486 743 554 775 En.
987 749 1026 774 ut
1047 743 1157 772 omnia
1184 740 1296 786 capias
1320 753 1381 785 pro
1409 739 1579 772 universis
1594 765 1602 780 ,
1627 747 1659 772 et

299 797 413 825 -Sed
421 804 463 829 te.
480 797 595 832 ocium,
610 797 787 826 libertatem
798 808 922 838 sequor.
985 801 1118 839 repetas
1135 793 1170 826 h.
1189 806 1236 826 m.
1253 803 1310 826 aut
1330 807 1416 826 omn.
1433 795 1480 824 ad
1491 795 1589 825 alien.
1607 805 1661 823 ar-

251 847 421 879 Rom.Sed
429 856 458 878 te
467 849 602 878 otiumee
611 849 787 879 libertatem
796 862 921 891 sequor.
987 849 1043 879 bic.
1056 848 1149 890 fac.‚
1175 854 1212 879 ut
1236 847 1271 879 in
1296 847 1401 886 urbe,
1428 855 1487 877 aut
1506 858 1591 877 omn.
1615 847 1663 876 ad

252 899 296 931 H.
310 920 354 923 ——-
367 899 421 932 Al.
435 902 499 931 Sed
515 902 614 931 otium
634 910 663 932 et
685 903 860 933 libertatem
878 916 924 934 se·
988 913 1089 937 suum,
1100 898 1193 944 quod
1205 912 1267 944 ego
1278 899 1349 931 ruri
1360 897 1498 930 volo.G.
1508 917 1551 921 —
1561 900 1658 928 Stom.

251 965 347 994 quor,
372 964 478 997 quam
500 952 682 986 lectionem
702 954 923 988 commendat
987 952 1164 997 ingenium
1179 951 1302 996 cuique
1315 951 1493 997 proprium
1509 950 1543 982 in
1556 949 1659 982 rebus

252 1003 304 1037 lex
321 1005 574 1038 concinnitatis.
591 1007 626 1039 S.
987 1004 1040 1037 vel
1051 1004 1251 1049 appetendis
1262 1029 1270 1044 ‚
1283 1004 1336 1036 vel
1348 1001 1576 1036 fastidiendis.
1589 1002 1658 1033 ΕΒ.

268 1125 1094 1144 mmmmmmmmmmmmmmm
1097 1131 1641 1144 mmmmmmmmmmmm

887 1259 1020 1315 XV.

294 1401 458 1437 Passieni
481 1403 677 1452 exemplo,
697 1402 744 1439 al)
763 1404 948 1440 Javoleno
970 1404 1220 1454 interpellati,
1245 1411 1391 1449 monet,
1412 1402 1621 1438 recitaturis

538 1480 635 1502 sanae
656 1467 791 1503 mentis
812 1468 1002 1504 auditores
1026 1468 1264 1504 adhibendos
1285 1481 1374 1503 csse.

537 1600 846 1628 c.1›L1N[Us
881 1601 1123 1630 ROMANO
1152 1584 1170 1602 *
1206 1601 1308 1629 suo
1344 1601 1376 1629 s.

316 1710 547 1752 MIRIFtCAE
570 1710 631 1752 rei
657 1727 746 1753 non
766 1709 1002 1753 interfuisti
1031 1728 1040 1753 z
1069 1728 1124 1753 ne
1149 1727 1231 1771 ego
1260 1709 1435 1770 quidem
1459 1727 1468 1752 :
1497 1709 1570 1752 sed
1590 1726 1660 1752 me

253 1798 403 1825 recens
422 1782 569 1826 fabula
587 1784 770 1843 excepit,
794 1784 1020 1827 Passienus
1034 1783 1211 1827 Paullus
1224 1819 1235 1836 ,
1254 1782 1506 1843 splendidus
1528 1798 1659 1842 eques

251 1857 500 1910 Romanus⁷
517 1865 559 1898 et
577 1857 776 1916 inprimis
793 1856 1012 1909 eruditus,
1028 1857 1178 1900 scribit
1196 1856 1353 1917 elegos.
1373 1855 1657 1900 Gentilicium

252 1926 336 1970 hoc
363 1927 422 1970 illi
449 1946 457 1971 :
487 1938 552 1972 est
577 1929 693 1971 enim
719 1930 946 1989 municeps
968 1930 1209 1989 Propertii,
1234 1939 1365 1989 atque
1391 1929 1521 1972 etiam
1544 1928 1658 1970 inter

210 2025 226 2045 2
252 2001 437 2059 majores
462 2018 561 2044 suos
582 2002 860 2061 Propertium
886 2012 1103 2045 numerat.
1128 2005 1171 2045 Is
1191 2018 1327 2061 quum
1353 2001 1576 2053 recitaret,
1598 2000 1658 2041 ita

251 2075 383 2132 coepit
412 2074 580 2129 dicere,
614 2077 787 2128 Prssce,
805 2075 981 2133 jubes?
1008 2075 1075 2118 Ad
1113 2075 1196 2117 hoc
1220 2072 1453 2116 Javolenus
1484 2071 1657 2115 Priscus

250 2143 419 2204 (aderat
435 2146 549 2188 enim
563 2181 573 2199 ,
592 2156 637 2189 ut
655 2146 808 2190 Paullo
825 2145 1131 2205 amicissimus)
1146 2148 1250 2205 Ego
1270 2162 1377 2189 vero
1399 2143 1654 2202 nonjzcbeo.

298 2277 395 2309 XV.*
409 2280 569 2314 Romano,
587 2277 639 2309 vel
651 2279 773 2314 Ft'rnw,
790 2290 845 2322 ep.
866 2289 919 2320 19,
1036 2289 1067 2308 2.
1085 2278 1254 2308 Javolenus
1279 2278 1415 2307 Priscus.
1439 2276 1490 2307 Ita
1511 2273 1658 2306 scribere

252 2329 306 2361 vel
323 2331 462 2360 Voconio
474 2354 482 2366 ,
499 2328 542 2361 ad
557 2341 660 2373 quem
676 2330 691 2361 I
706 2355 715 2370 ,
730 2342 784 2374 ep.
802 2329 833 2362 5.
850 2330 918 2361 En.
987 2329 1121 2361 malunt
1145 2328 1260 2361 hodie.
1290 2327 1355 2361 Sed
1378 2340 1442 2359 nec
1469 2329 1657 2359 Jabolenum

253 2401 297 2405 ——
310 2382 419 2414 Inscr.
436 2383 534 2414 Rom.
552 2384 691 2413 Ῑόεοηῐο
706 2386 860 2414 Romano.
876 2382 919 2414 H.
988 2381 1195 2413 damnarim.
1229 2380 1272 2413 G.
1294 2401 1338 2405 -
1360 2381 1457 2412 Rom.
1486 2380 1656 2410 Jabolenus

303 2446 332 2466 1.
350 2436 497 2479 Mirificae
509 2436 572 2471 rei,
598 2442 660 2465 stc.
676 2436 773 2466 Rom.
795 2452 807 2463 n
823 2435 920 2467 Miri·
988 2436 1121 2465 Priscus.
1140 2433 1184 2465 H.
1198 2454 1240 2457 --
1252 2435 1438 2471 cholemzs,
1455 2431 1514 2475 qui
1527 2442 1565 2462 ex
1576 2441 1658 2473 prse-

252 2485 317 2518 fice
335 2486 384 2518 rei
408 2486 657 2518 interfuistine?
676 2500 738 2532 ego
762 2486 919 2532 quidem.
987 2493 1063 2518 tura
1077 2486 1227 2517 Africam
1247 2492 1279 2517 et
1291 2485 1424 2530 Syriam
1441 2481 1657 2515 administra-

252 2538 319 2570 Sed
333 2551 478 2571 moerens
492 2551 610 2571 recens
627 2539 806 2571 Passienus
822 2540 921 2572 Paul-
986 2538 1035 2570 vit
1048 2563 1057 2578 ,
1080 2545 1235 2582 tempore
1257 2536 1400 2581 Trajani
1430 2533 1575 2577 insignis
1595 2533 1657 2564 Ju-

253 2590 338 2623 lus.»
352 2591 444 2624 Nihil
459 2591 544 2624 sani.
564 2590 607 2623 H.
620 2592 852 2623 *Pa'ssiennia
872 2593 922 2625 De
986 2590 1210 2623 risconsultus
1229 2597 1261 2622 et
1278 2597 1351 2621 erat
1367 2612 1374 2626 ,
1390 2595 1421 2619 et
1440 2586 1633 2618 habebatur
1647 2597 1656 2624 5

253 2646 423 2681 Passieno,
445 2646 519 2689 cjus
538 2651 639 2688 gente
658 2650 690 2675 et
710 2644 918 2677 carminibus
988 2643 1083 2675 libris
1115 2642 1216 2675 etiam
1242 2641 1398 2685 scriptis,
1424 2638 1482 2684 qui
1512 2649 1598 2682 saepe
1622 2638 1654 2667 in

253 2694 351 2739 plura
365 2696 469 2729 habet
484 2697 532 2728 IX
544 2721 552 2734 ,
568 2709 621 2740 cp.
641 2709 694 2729 22.
714 2696 780 2727 En.
988 2695 1169 2728 pandectis
1193 2693 1380 2726 laudantur
1393 2718 1400 2731 ‚
1422 2690 1583 2723 inclaruit
1599 2714 1606 2727 ,
1625 2695 1655 2717 ι’*
