1742 2989
622 220 967 263 EPISTULA
1002 218 1086 260 IX.

145 301 363 354 Verebar,
381 316 436 342 ne
458 298 586 359 plane
607 297 773 341 furtum
794 298 1037 351 videretur,
1062 293 1184 357 quod
1205 292 1404 336 confiteri
1430 293 1553 334 time-

145 392 251 418 rem.
271 376 483 418 Praeterea
506 389 598 415 rem
620 371 896 416 manifestam
918 369 1118 423 infitiari,
1139 366 1340 428 augentis
1361 373 1451 408 erat
1473 366 1553 408 cri-

1461 228 1552 272 2¹9

146 463 272 501 men,
298 462 386 489 non
413 444 620 488 diluentis
649 461 659 488 ε
685 445 926 504 praesertim
951 460 1088 504 quum
1114 457 1212 485 reus
1241 441 1330 500 ipse
1355 438 1464 481 nihil
1492 439 1553 481 in-

147 530 316 580 tegrum
354 518 574 562 advocatis
609 516 865 578 reliquisset.
895 517 1048 562 Multis
1085 515 1225 569 enim,
1258 522 1389 572 atque
1424 512 1563 554 etiam*

147 593 354 652 principi,
375 591 568 646 dixerat,
583 590 672 634 sola
699 607 742 634 se
766 589 1046 642 munuscula,
1063 588 1279 632 duntaxat
1304 583 1438 628 natali
1460 600 1561 635 suo,

146 675 223 708 aut
244 663 569 717 Saturnalibus,
594 663 837 724 accepisse,
859 673 901 707 et
930 662 1147 723 plerisque
1173 658 1350 702 misisse.
1368 657 1556 700 Veniam
1584 663 1603 695 8

147 756 252 799 ergo
276 737 499 799 peterem?
517 736 771 799 Jugularem
792 754 914 780 reum
928 771 939 792 ,
959 751 1091 796 quem
1113 733 1172 776 ita
1190 730 1423 790 deliquisse
1452 744 1557 771 con-

145 811 365 865 cederem,
389 822 438 855 ut
463 812 649 865 servari,
676 811 757 854 nisi
783 811 932 862 venia,
955 826 1043 852 non
1066 816 1223 868 posset.
1240 807 1469 864 Tanquam
1496 818 1559 844 re-

146 894 214 927 cte
235 884 397 928 factum
421 884 600 928 tuerer?
619 886 720 928 Non
740 884 800 927 illi
822 883 1081 944 profuissem
1094 917 1105 936 ,
1123 880 1195 924 sed
1216 881 1307 940 ipse
1327 875 1559 937 impudens

145 958 416 1001 exstitissem.
447 961 498 1002 In
528 958 610 1001 hac
638 956 897 1001 difficultate
932 955 1097 1017 placuit
1124 952 1315 997 medium
1348 948 1558 1011 quiddam

144 1039 294 1074 tenere
313 1030 489 1074 :videor
515 1032 721 1074 tenuisse.
746 1032 975 1074 Actionem
996 1044 1162 1077 meam,
1185 1036 1233 1069 ut
1259 1023 1406 1086 praelia
1432 1021 1560 1075 solet,

147 1119 233 1146 nox
263 1103 452 1148 diremit.
483 1107 670 1166 Egeram
708 1104 826 1147 horis
856 1103 996 1147 trihus
1026 1112 1068 1145 et
1098 1099 1303 1152 dimidia3
1334 1104 1558 1158 supererat

148 1177 400 1236 sesquihora
422 1195 430 1221 ε
453 1195 554 1221 nam
576 1195 710 1238 quum
730 1194 752 1221 e
774 1177 867 1238 lege
888 1184 1116 1220 accusator
1136 1190 1208 1216 sex
1226 1172 1380 1223 horas,
1400 1185 1558 1212 novem

147 1265 246 1292 reus
277 1251 539 1311 accepisset3
573 1251 629 1294 ita
667 1251 871 1294 diviserat
906 1260 1078 1309 tempus
1110 1263 1209 1290 reus
1246 1246 1361 1288 inter
1392 1259 1490 1297 me,
1518 1251 1560 1284 et

148 1339 247 1365 eum
265 1358 275 1375 ,
304 1324 379 1383 qui
410 1324 606 1368 dicturus
637 1335 735 1385 post.
761 1335 875 1377 erat,
901 1333 950 1367 ut
980 1339 1062 1384 ego
1093 1322 1289 1382 quinque
1315 1318 1461 1370 horis,-
1490 1315 1560 1359 ille

147 1392 325 1454 reliquis
351 1406 559 1441 uteretur.
581 1398 692 1440 Mihi
718 1414 941 1442 successus
964 1396 1147 1440 actionis
1168 1394 1388 1438 silentium
1417 1391 1562 1434 finem-

148 1483 233 1526 que
267 1469 501 1525 suadebat3
534 1473 814 1515 temerarium
851 1481 914 1515 est
948 1470 1089 1523 enim,
1122 1466 1322 1512 secundis
1350 1483 1439 1508 non
1471 1480 1561 1507 esse

147 1550 417 1587 contentum.
432 1544 500 1587 Ad
520 1545 604 1588 hoc
625 1546 828 1597 verebar,
851 1562 905 1589 ne
927 1561 1029 1588 mox
1053 1543 1251 1603 corporis
1269 1542 1385 1583 vires
1406 1541 1563 1582 iterato

147 1612 296 1658 labore
316 1615 575 1673 deficerent3
594 1635 724 1679 quem
745 1618 967 1663 difficilius
986 1628 1050 1662 est
1069 1626 1266 1677 repetere
1280 1651 1290 1669 ,
1308 1630 1438 1675 quam
1455 1613 1562 1672 jun-

149 1702 277 1746 gere,
303 1699 397 1732 erat
423 1691 554 1734 etiam
581 1691 854 1751 periculum,
880 1709 934 1735 ne
962 1690 1130 1751 reliqua
1157 1689 1270 1732 actio
1298 1704 1394 1731 mea
1421 1696 1463 1729 et
1491 1685 1565 1728 fri-

151 1774 254 1818 gUS,
278 1772 328 1804 ut
349 1762 572 1823 deposita,
598 1774 640 1807 et
670 1765 847 1808 taedium
864 1799 875 1821 ,
902 1775 951 1808 ut
976 1773 1197 1823 resumpta
1215 1798 1226 1817 ,
1250 1760 1565 1822 pateretszt

194 1904 239 1908 —
255 1888 346 1918 Nihil
355 1888 510 1930 integrum
520 1913 620 1920 .....
630 1891 818 1932 reliquisset.

147 1936 223 1981 Ipsa
245 1950 306 1971 sua
325 1941 545 1974 confessione
559 1941 746 1975 advocatos
761 1942 823 1974 im-

148 1989 347 2033 pediverat,
367 1995 555 2039 quominus
585 1996 715 2028 factum
742 1994 822 2026 infi-

149 2044 232 2077 ciari
249 2054 399 2090 possent.
412 2048 500 2080 Nam
514 2048 584 2093 ipse
600 2047 717 2080 multis
734 2046 825 2080 ‹lixe-

147 2105 222 2137 rat‚
241 2110 276 2131 se
290 2100 496 2133 munuscula
513 2101 696 2145 accepisse.
718 2100 758 2132 E.
778 2120 824 2124 —«

149 2150 323 2183 Romanus
349 2164 505 2185 manusc.
536 2155 630 2185 Nihil
659 2154 823 2184 advocatis

151 2203 319 2245 integrum.
340 2203 384 2236 H.

198 2256 230 2288 8.
252 2259 438 2299 Jugnlarem
447 2271 544 2290 reum.
560 2259 659 2290 Rom.
675 2261 823 2301 Iugulas-

151 2320 214 2339 sem
238 2321 338 2341 ream.
360 2310 414 2341 Sic
444 2317 475 2342 et
503 2309 690 2343 Mediceus.
715 2311 759 2343 H.
782 2331 825 2334 —

151 2360 238 2393 Item
271 2362 433 2406 Excerpta
458 2363 664 2395 Brumnieri.
696 2363 823 2395 Placet.

151 2413 204 2446 Sic
223 2427 301 2446 mox
314 2439 322 2454 ‚
336 2417 527 2458 prosin'ssem
539 2441 546 2453 ‚
567 2418 769 2448 exstitissem.
791 2417 823 2448 S.

200 2480 232 2511 9.
263 2470 349 2499 Ναηι
377 2480 474 2510 quum
500 2481 516 2498 e
543 2471 610 2511 lege
643 2478 824 2500 accusator.

151 2520 248 2551 Rom.
273 2523 357 2551 Nam
378 2533 475 2562 quum
493 2534 535 2551 ex
557 2523 624 2563 lege
643 2530 821 2551 accusator.

153 2571 197 2604 H.
215 2592 259 2596 ——
280 2574 440 2605 Diviserac
465 2583 595 2615 tempus.
615 2573 712 2605 Rom.
737 2575 822 2604 Divi-

154 2635 241 2656 serat
255 2634 337 2667 temp
345 2638 412 2657 πα.
431 2625 474 2658 Η.
491 2646 535 2650 ——
549 2625 603 2658 Sic
620 2632 651 2658 e*
665 2626 803 2658 Curtius
814 2650 823 2663 ‚

154 2676 250 2708 nulla
264 2689 303 2709 ex
320 2677 416 2711 libris
433 2678 596 2711 varietate
612 2685 742 2710 notata.
759 2679 825 2711 'l'e-

156 2728 284 2762 rentius
304 2729 413 2763 Andr.
431 2731 484 2763 III
496 2755 504 2770 ,
528 2744 557 2770 t,
576 2743 615 2774 ¹7
629 2755 637 2769 ,
653 2743 704 2775 sq.
726 2748 738 2759 «
756 2744 823 2764 non

886 1896 937 1922 sat
956 1887 1138 1922 commode
1161 1887 1279 1919 Divisa
1301 1894 1380 1918 sunt
1401 1886 1565 1931 tempori-

886 1942 951 1974 bus
970 1942 1027 1974 tibi
1041 1966 1049 1980 ‚
1072 1942 1165 1973 Dave
1180 1965 1188 1979 ‚
1206 1940 1293 1971 haec.
1311 1940 1344 1972 S.

939 2007 992 2026 10.
1014 1996 1070 2025 Ad
1095 1995 1155 2024 hoc
1185 1995 1342 2029 verebar,
1375 1999 1439 2024 etc.
1466 1992 1563 2023 Rom.

889 2049 947 2078 Ad
976 2049 1035 2078 hoc
1068 2048 1221 2082 verebar,
1257 2058 1296 2075 ne
1321 2057 1398 2075 mox
1425 2046 1565 2086 corporis

890 2102 975 2132 vires
1003 2102 1119 2131 iterato
1146 2101 1255 2130 labore
1281 2099 1471 2142 (Ityn-erent,
1496 2109 1565 2128 non

890 2155 1087 2190 desererent,
1111 2159 1147 2184 ut
1168 2150 1319 2183 Cortius.
1341 2150 1384 2182 H.
1404 2171 1449 2175 ——
1469 2150 1564 2182 Cort.

893 2208 939 2236 Ne
949 2217 998 2235 me
1010 2206 1152 2247 corporis
1160 2224 1205 2228 —-
1213 2223 1257 2227 —
1269 2205 1458 2234 desererem.
1474 2200 1567 2234 haud

887 2257 1021 2302 ingrate
1049 2257 1094 2290 ad
1124 2256 1259 2289 aurium
1289 2268 1441 2288 scnsuin.
1463 2255 1495 2288 S.
1519 2274 1562 2278 —

892 2314 1058 2353 Repelere,
1100 2323 1197 2352 quam
1233 2311 1379 2353 jungere.
1421 2312 1569 2350 IIeJulm-e·

892 2363 1056 2395 nimirum
1087 2365 1229 2394 laborem
1254 2369 1302 2395 est
1335 2360 1565 2393 intermissum

893 2415 1010 2448 denuo
1041 2414 1204 2461 aggredi3
1225 2417 1362 2458 jungere
1382 2421 1430 2445 cst
1460 2411 1568 2443 ‹tonti-

896 2481 1012 2510 nuare..
1040 2469 1171 2501 Verum
1202 2467 1269 2499 hot·
1302 2464 1568 2510 deprehendunt

887 2521 1035 2554 viatores
1046 2548 1054 2563 ,
1067 2521 1128 2566 qui
1140 2520 1250 2553 multo
1267 2519 1402 2551 facilius
1417 2518 1563 2555 durant,

891 2573 917 2604 si
932 2585 1002 2605 uno
1018 2574 1114 2618 quasi
1136 2581 1253 2606 tenore
1274 2578 1417 2616 pergant
1434 2596 1442 2609 ‚
1458 2582 1561 2615 quam

891 2625 917 2657 si
932 2626 1137 2671 aliquandiu
1157 2624 1455 2669 interquicveiint.
1473 2622 1515 2654 G.

942 2691 954 2711 Ι
966 2692 994 2711 1.
1012 2681 1140 2721 Frigus.
1181 2702 1186 2708 .
1205 2679 1363 2709 .c(1¹tl1'11m.
1383 2678 1493 2717 Frigus
1510 2676 1564 2707 in-

892 2731 1005 2776 tellige
1020 2731 1219 2764 adfectuum
1236 2741 1244 2770 ;
1259 2730 1327 2761 cito
1340 2729 1431 2761 enim
1446 2727 1562 2760 arm-ix

1593 1408 1631 1426 10

1595 1713 1629 1733 11
