1742 2989
498 180 837 224 EPISTULA
878 180 1121 224 xxxin.
1418 174 1508 235 385)

110 280 160 306 cx
188 271 310 323 parte
332 272 462 306 sexta.
487 262 637 306 Victus
657 262 920 317 Subernius,
941 262 1015 321 qui
1036 259 1321 305 exheredatus
1341 275 1365 301 a
1386 268 1507 318 patre

109 335 318 396 singulari
346 335 618 395 impudentia
644 334 773 378 alieni
806 335 941 395 patris
970 334 1086 377 bona
1110 331 1359 375 vindicabat
1375 366 1394 382 ,Α
1418 347 1505 373 non

109 425 240 452 ausus
260 410 327 452 sui
346 418 507 469 petere.
523 411 625 452 Haec
641 409 720 451 tibi
740 408 940 469 exposui,
955 407 1147 467 primum
1161 440 1172 458 ‚
1194 414 1241 448 ut
1257 421 1309 447 ex
1325 403 1505 464 epistola

108 483 240 526 scires
254 517 266 536 ,
287 498 382 542 quae
403 498 454 525 ex
473 482 671 524 oratione
692 498 782 524 non
803 491 977 541 poteras
1006 497 1014 523 :
1042 478 1216 532 deinde,
1238 479 1363 536 (uam
1385 477 1505 520 detea

108 572 207 616 gam
236 559 367 614 artes)
394 564 442 598 ut
470 555 713 598 orationem
740 553 945 597 libentius
974 552 1161 612 legeres,
1189 553 1222 593 si
1249 567 1337 594 non
1363 549 1507 610 legere

107 628 208 681 tibi,
227 627 301 671 sed
321 627 526 670 interesse
540 627 709 686 judicio
724 627 949 670 videreris:
968 641 1122 685 quam,
1137 624 1192 666 sit
1208 623 1307 667 licet
1324 640 1504 684 magna,

106 718 195 744 non
212 700 394 761 despero
415 701 600 761 gratiam
614 700 864 743 brevissime
880 699 1228 759 impetraturam.
1246 697 1361 740 Nam
1381 706 1424 739 et
1444 714 1508 740 co-

95 774 178 833 ’pia
195 790 341 817 rerum
356 808 367 829 ,
387 783 428 816 et
449 783 603 834 arguta
623 773 855 825 divisione,
869 782 912 815 et
929 770 1269 832 narratiunculis
1288 769 1508 830 pluribus,

104 856 147 890 et
168 846 399 907 eloquendi
419 847 630 890 varietate
645 882 656 902 ,
676 856 924 890 renovatur.
951 848 1064 889 Sunt
1089 844 1225 887 inulta
1248 842 1356 902 (non
1376 843 1506 886 aude-

104 936 193 962 rem
215 921 298 963 nisi
319 920 398 963 tibi
419 919 580 980 dicere)
603 919 736 973 elata,
755 919 890 962 multa
912 919 1153 979 pugnantia
1170 954 1181 972 ,
1205 916 1342 960 multa
1368 916 1506 959 subti-

103 990 173 1034 lia.
189 993 431 1036 Intervenit
443 993 559 1036 enim
576 993 747 1036 acribus
768 991 850 1035 illis
870 1002 912 1035 et
930 992 1083 1034 erectis
1101 990 1304 1050 frequens
1323 991 1506 1033 necessi-

104 1074 168 1109 tas
196 1065 505 1126 computandi,
531 1082 580 1109 ac
608 1082 730 1126 paene
759 1063 946 1108 calculos
972 1063 1253 1123 tabulamque
1276 1062 1506 1122 poscendi,

102 1147 152 1180 ut
177 1148 357 1198 repente
386 1140 430 1182 in
458 1139 615 1199 privati
644 1137 797 1198 judicii
824 1137 1009 1181 formam
1034 1135 1347 1181 centumvirale
1368 1146 1506 1179 verta-

102 1221 186 1254 tur.
219 1211 434 1255 Dedimus
466 1210 558 1254 vela
591 1210 909 1271 indignationi,
940 1210 1139 1253 dedimus
1175 1211 1249 1253 irae
1264 1244 1274 1261 ‚
1305 1208 1505 1251 dedimus

101 1284 265 1339 dolori;
291 1294 333 1327 et
360 1285 405 1327 in
431 1283 696 1344 amplissima
721 1299 894 1339 caussa,
917 1284 1040 1344 quasi
1065 1299 1225 1351 magno
1251 1282 1359 1325 mari
1377 1318 1387 1337 ,
1409 1281 1503 1341 plu·-

101 1357 222 1401 ribus
239 1358 378 1400 ventis
396 1374 546 1401 sumus
563 1358 688 1400 vecti.
707 1359 758 1400 In
778 1374 947 1400 summa
959 1393 970 1412 ,
987 1357 1126 1400 solent
1142 1357 1321 1416 quidam
1342 1373 1393 1399 ex
1408 1372 1505 1399 con-

100 1430 403 1489 tubernalibus
435 1431 594 1474 nostris
624 1430 870 1474 existimare
902 1431 1015 1475 lianc
1043 1431 1286 1476 orationem
1318 1429 1504 1476 (iterum

835 1594 910 1627 quae
927 1592 1006 1615 sunt
1020 1582 1062 1615 de
1082 1584 1184 1615 rebus
1204 1583 1404 1627 vulgaribus
1416 1608 1426 1621 ,
1443 1595 1504 1614 uec

835 1635 1024 1667 oratorium
1044 1644 1224 1674 ornatum,
1244 1647 1307 1667 nec
1327 1634 1505 1668 vehemen-

148 1587 181 1616 6.
204 1585 383 1615 Suberinus.
411 1581 476 1616 Hic
503 1580 639 1614 videtur
666 1582 768 1614 fuisse

99 1635 276 1681 privignus
300 1634 511 1680 octogenarii
540 1635 650 1674 senis,
676 1634 768 1666 filius

98 1688 253 1721 mulieris
263 1714 271 1729 ‚
282 1699 386 1733 quam
396 1687 452 1719 ille
462 1699 649 1720 novercam
659 1686 769 1720 Acciae

99 1740 249 1773 Variolae
269 1739 349 1773 filiae
367 1752 435 1772 suae
455 1739 606 1779 induxit,
621 1739 680 1784 qui
695 1741 769 1784 jam

97 1805 161 1837 pro
180 1806 242 1826 sua
256 1800 367 1826 matre
382 1800 509 1837 ageret.
529 1792 573 1824 G.

145 1846 176 1877 8.
184 1848 379 1889 Pugnantia.
388 1846 662 1889 Interpretantur
668 1843 770 1882 acria,

97 1898 335 1937 vehementia,
361 1896 575 1930 contentiosa
592 1920 601 1935 ‚
630 1895 733 1927 fortia
758 1906 765 1926 ;

98 1950 194 1995 quod
212 1950 354 1983 firmant
377 1949 475 1989 libri,
493 1948 528 1980 in
548 1948 673 1993 quibus
691 1947 768 1990 legi-

99 2012 156 2036 tur
171 2005 348 2047 pugnacia.
370 2001 436 2036 Sed
457 2001 541 2033 mihi
560 2000 770 2032 videbantur

92 2058 276 2099 pugnantia
300 2055 357 2088 hic
379 2054 523 2099 intelligi
548 2052 635 2086 illud
659 2065 768 2097 genus

98 2108 319 2147 acuminum,
338 2119 413 2153 quae
432 2119 470 2140 ex
490 2105 669 2140 contrariis
690 2118 769 2137 con-

98 2168 208 2201 stant,
232 2163 468 2203 enthymemata
499 2166 623 2191 vocant
655 2157 768 2190 rheto-

96 2213 256 2246 res.Vid.
270 2213 471 2254 Quintil.V,
494 2224 546 2251 xo,
569 2211 767 2251 2;it.V111‚

98 2268 132 2306 5,
153 2278 187 2312 9.
205 2266 249 2298 G.
267 2287 310 2291 —
327 2268 427 2297 Elaea
437 2289 536 2296 .....
545 2266 685 2296 subtilia.
705 2263 767 2295 His

96 2331 221 2363 nempe
252 2317 348 2350 illam
376 2319 546 2360 eloquendi
575 2319 767 2349 varietatem

94 2370 262 2416 praestitit.
287 2372 388 2402 Elaea
412 2376 445 2402 et
462 2371 666 2413 pugnantia,
693 2381 768 2414 quae

95 2435 176 2457 mox
201 2423 294 2456 acria
319 2430 352 2455 et
374 2430 488 2456 erecta
513 2421 619 2462 dicit,
639 2421 768 2454 habent

94 2476 164 2509 vim
176 2501 185 2517 ,
200 2475 424 2508 acrimoniam
437 2499 445 2515 ,
466 2482 499 2507 et
514 2474 766 2507 vehementiam

95 2527 234 2562 dicendi
246 2528 448 2566 oratoriam,
462 2535 494 2560 et
507 2525 692 2572 quemdam
707 2527 769 2571 spi-

94 2581 214 2613 ritum.
236 2581 312 2613 Huc
331 2580 389 2613 illa
410 2580 581 2625 pertinent
598 2590 604 2610 :
626 2580 766 2610 ‹ledimm

95 2635 172 2664 vela
196 2635 430 2677 indignationi,
458 2634 531 2667 irco,
557 2633 678 2668 dolori,
701 2640 764 2664 etc.

97 2687 230 2717 Subtilia
244 2692 359 2718 autem
375 2693 453 2718 suut
464 2710 472 2723 ,
489 2683 589 2718 exilia
606 2710 614 2723 ‚
631 2684 765 2722 tenuia,

835 1688 918 1720 tiam
950 1688 986 1721 in
1015 1687 1165 1721 dicendo
1194 1687 1406 1725 admittunt3
1435 1700 1511 1732 quo¹

836 1740 984 1785 pertinet
1005 1740 1064 1773 illa
1077 1765 1086 1780 ‚
1107 1750 1211 1785 quam
1231 1747 1502 1772 commemorat:

845 1793 1051 1825 «necessitas
1077 1791 1326 1838 computandi,
1345 1804 1385 1825 ac
1410 1804 1505 1837 paene

837 1844 987 1878 calculos
1025 1846 1250 1890 tabulamque
1288 1845 1465 1889 poscendi.
1484 1863 1497 1873 ιι

835 1897 936 1929 Plura
962 1896 1121 1930 dedimus
1147 1896 1190 1930 de
1216 1897 1282 1930 hoc
1308 1897 1506 1930 subtilitatis

836 1962 937 1983 sensu
949 1957 980 1982 et
991 1963 1056 1982 usu
1067 1950 1100 1982 in
1111 1950 1235 1983 Lexieo
1248 1950 1398 1983 technol.
1414 1950 1502 1982 rhet.

835 2002 895 2035 lat.
916 2015 950 2048 p.
973 2003 1049 2036 385.
1071 2003 1111 2035 E.

883 2068 916 2097 9.
934 2058 1105 2086 Intervenit
1128 2057 1209 2086 enim
1221 2080 1230 2092 ‚
1253 2062 1315 2086 etc.
1333 2056 1429 2086 Rom.
1447 2059 1503 2085 Ιη-

835 2109 964 2138 tervem'!
974 2110 1099 2139 acribus
1110 2108 1182 2140 sine
1192 2110 1288 2146 enim,
1297 2106 1390 2152 quod
1403 2119 1505 2139 nemo

834 2158 1052 2192 desiderabit.
1075 2160 1119 2193 H.
1134 2182 1179 2185 —
1203 2163 1325 2192 Tabula
1352 2159 1410 2192 illa
1435 2173 1500 2205 qua

835 2219 1070 2256 computantes
1098 2220 1266 2251 utuntur,
1297 2211 1503 2256 peculiarem

835 2265 981 2297 sormam
996 2263 1157 2297 habuisse
1176 2264 1333 2305 videtur,
1353 2275 1427 2308 quae
1447 2263 1506 2296 adu

831 2318 966 2362 juvaret
985 2316 1179 2351 calculandi
1204 2318 1367 2349 laborem.
1386 2327 1443 2348 ΕΙ).
1460 2337 1493 2340 ψ-

836 2373 872 2400 Iu
897 2371 1019 2411 privati
1035 2372 1165 2413 judicii.
1184 2372 1262 2410 Quo
1285 2382 1316 2400 v,
1341 2381 1373 2413 g.
1396 2376 1504 2413 patei-

836 2421 982 2455 familias
999 2434 1078 2455 cum
1092 2423 1207 2455 villico
1223 2422 1369 2454 rationes
1385 2429 1477 2464 putat
1494 2433 1500 2452 :

835 2486 912 2505 uam
940 2474 1008 2507 alio
1038 2475 1210 2508 intellectu
1243 2474 1502 2505 rentiunviralia

831 2525 961 2571 judicia
982 2536 1059 2560 sum
1072 2528 1204 2573 privata
1219 2552 1226 2566 ,
1245 2527 1309 2557 lim·
1325 2533 1373 2557 cst
1386 2550 1394 2564 ,
1409 2524 1452 2557 dc
1467 2539 1503 2558 ιγ-

835 2579 962 2622 privata
992 2588 1023 2612 vt
1053 2580 1232 2617 familiari,
1260 2586 1290 2610 vt
1317 2591 1333 2609 a
1362 2577 1506 2622 publicis.

835 2631 1013 2665 disserunt.
1035 2633 1078 2665 G.

886 2697 938 2718 10.
958 2687 1053 2717 [ιι-(ι’.
1076 2686 1171 2718 Rom.
1193 2685 1307 2716 livet-ti.
1329 2683 1371 2715 Η.

1531 997 1549 1025 9

1536 1216 1575 1237 io
