1742 2989
143 1518 159 1537 2

195 209 282 254 108
599 212 645 254 C.
682 211 914 254 PLINII
946 211 1072 253 LIB.
1108 211 1176 252 II.

185 301 228 334 et
254 307 336 352 ego
362 301 452 334 tota
479 292 561 336 hac
586 291 768 353 epistola
792 291 1001 336 fecissem.
1021 293 1166 352 Rogat
1188 290 1327 344 enim,
1347 297 1389 332 et
1413 288 1588 349 quidem

183 364 503 420 efficacissime,
532 365 607 426 qui
633 364 776 409 reddit
801 381 973 410 caussas
998 363 1196 425 rogandi.
1215 361 1335 407 Vale.

233 504 247 524 1
258 504 284 525 1.
300 495 342 524 Et
360 505 417 536 ego
436 502 505 524 cota
520 493 582 524 hac
597 493 740 535 epistola.
752 491 852 524 Rom.
918 491 1014 525 vium
1028 515 1036 531 ‚
1054 495 1260 535 receperunt
1278 487 1416 522 Cortius
1435 494 1468 519 et
1483 486 1591 519 Gieri-

918 543 1014 589 gius,
1038 555 1057 576 e
1082 543 1166 576 Mss.
1191 542 1360 588 Bongars.
1388 540 1533 573 Helmst.
1558 546 1591 572 et

918 597 1054 628 Arnzen
1061 621 1068 628 .
1088 595 1123 629 S.

182 548 227 576 Ec
242 558 299 588 ego
316 555 384 577 tota
399 547 459 577 lzoc
473 547 618 588 epistola.
638 545 682 578 H.
697 565 743 570 -—
759 547 849 583 Hoc,

183 597 288 630 etiam
313 597 348 630 in
375 597 569 631 Brummeri
590 597 768 643 Excerptis
794 597 854 630 ob-

201 725 1572 742 mmmmmmm-mmmmmnumzxmsmzmmmvaMQsmm

803 863 974 918 XIV.

244 1010 544 1046 Centumvirales
566 1021 715 1045 caussas
735 1007 782 1044 al)
804 1007 1094 1044 adolescentulis
1115 1007 1332 1057 profanatas
1352 1005 1533 1054 queritur.

465 1148 504 1177 c.
544 1148 782 1177 PLINIUS
816 1147 1053 1176 MAXIMO
1076 1129 1096 1149 *
1130 1146 1232 1175 suo
1266 1146 1300 1174 s.

247 1270 421 1313 VERUM
457 1268 651 1329 opinaris
682 1283 691 1310 :
723 1266 961 1327 distringor
989 1264 1378 1310 centumviralibus
1409 1264 1596 1317 caussis,

184 1359 280 1403 quae
310 1358 380 1385 me
406 1351 611 1385 exercent
638 1341 800 1400 magis,
824 1355 957 1400 quam
981 1338 1223 1392 delectant3
1243 1347 1346 1381 sunt
1366 1338 1483 1381 enim
1505 1335 1596 1397 ple-

184 1432 329 1476 raeque
357 1432 502 1476 parvae
526 1425 569 1458 et
599 1413 741 1457 exiles.
771 1416 890 1458 Raro
916 1411 1070 1456 incidit
1101 1410 1168 1454 vel
1192 1426 1480 1471 personarum
1507 1408 1597 1452 cla-

186 1489 417 1545 ritate,vel
435 1489 601 1549 negotii
622 1486 926 1548 magnitudine
943 1485 1137 1546 insignis.
1157 1483 1223 1528 Ad
1238 1484 1323 1527 hoc
1339 1519 1351 1540 ,
1371 1484 1598 1543 perpauci,

187 1580 288 1607 cum
322 1563 482 1624 quibus
510 1562 633 1622 juvet
663 1560 807 1604 dicere
845 1577 854 1603 ι
888 1560 1033 1603 caeteri
1063 1558 1273 1612 audaces,
1301 1567 1432 1617 atque
1466 1557 1598 1599 etiam

187 1652 348 1697 magna
385 1653 437 1679 ex
470 1646 594 1697 parte
627 1632 939 1678 adolescentuli
971 1633 1146 1677 obscuri
1180 1632 1235 1675 ad
1263 1629 1597 1675 declamandum

233 1772 331 1805 XIV.
340 1771 745 1805 *Max-immVeronensis
757 1770 860 1803 fuisse

187 1823 325 1857 videtur
337 1849 346 1864 ‚
361 1833 455 1858 certe
468 1837 611 1857 uxorein
621 1824 861 1856 Veronensem

187 1876 350 1910 habebat.
381 1879 423 1911 In
452 1890 493 1911 ea
521 1877 662 1922 regione
693 1883 862 1922 potestate

188 1929 340 1976 quadam
355 1930 517 1975 praeditus
531 1930 609 1963 fuit.
626 1931 692 1962 En.

239 1996 267 2016 1.
288 1986 470 2027 Distringor
489 1997 515 2016 c.
537 1997 566 2016 c.
593 1984 692 2015 Rom.
719 1985 862 2015 Destrin-

188 2050 250 2080 gor
272 2039 547 2068 centumviralibus
574 2038 706 2068 caussis.
740 2035 784 2069 H.
817 2057 862 2061 »Δ

189 2089 388 2134 Perperam.
408 2089 499 2121 Alibi
518 2090 554 2121 in
573 2096 707 2133 partein
729 2097 863 2122 contra-

188 2141 276 2173 riam
298 2141 594 2186 peccatuin.Vide
613 2141 791 2174 Dukerum
818 2141 863 2174 ad

190 2193 284 2225 Flor.
318 2194 376 2233 II,
409 2206 425 2226 2
444 2218 452 2233 ‚
490 2206 553 2238 17,
585 2192 805 2239 eundemque
829 2202 863 2228 et

190 2246 368 2279 Drakenb.
390 2244 434 2277 ad
450 2245 527 2278 Liv.
544 2246 651 2287 VIII,
670 2260 704 2291 7,
728 2260 781 2280 20.
803 2250 859 2279 Di-

190 2301 304 2342 stringi
318 2307 367 2331 est
383 2297 542 2344 impediri
556 2323 564 2338 ‚
584 2302 737 2344 destringi
752 2300 862 2333 nuda-

190 2352 232 2384 ri.
252 2352 286 2385 S.
301 2372 347 2376 —
360 2356 472 2383 Parva·
486 2362 517 2382 et
526 2354 634 2384 exiles.
650 2357 746 2385 Raro.
761 2355 859 2386 Rom.

191 2409 305 2436 Parvoe
319 2414 351 2435 ec
364 2417 405 2435 ea·
420 2406 481 2435 illis
499 2417 584 2436 raro,
601 2404 645 2437 H.

238 2470 272 2489 2.
294 2459 351 2489 Ad
371 2458 446 2495 hoc,
464 2459 639 2499 perpauci,
661 2471 732 2489 cnm
751 2460 862 2500 quibas

185 2512 277 2553 juvet
306 2510 421 2541 dicere.
452 2510 551 2541 Rom.
581 2511 637 2540 Ad
658 2511 718 2541 hoc
736 2512 859 2552 pauci,

193 2564 305 2606 quibus
327 2575 397 2593 cum
406 2564 502 2606 juvat
519 2564 635 2594 dicere.
658 2561 703 2595 H.
717 2583 763 2586 —-
775 2567 865 2593 luvet

195 2629 215 2649 a
240 2616 389 2650 Secundi
415 2628 521 2649 manu
546 2614 737 2659 profectum
764 2627 835 2647 esse
853 2639 862 2653 ‚

197 2681 298 2701 nenio
326 2682 397 2701 non
428 2666 597 2712 intelligit.
620 2667 684 2699 Vel
720 2679 758 2699 cx
796 2667 863 2699 hoc

197 2721 349 2766 exemplo
377 2720 487 2754 diseas
504 2745 513 2760 ,
534 2728 706 2766 quantuni
734 2719 862 2752 librarii

925 1769 959 1802 in
976 1769 1103 1802 talibus
1121 1768 1223 1802 licere
1240 1768 1304 1801 sibi
1318 1766 1526 1813 putaverint.
1543 1767 1598 1800 Cf.

925 1821 1074 1855 Medicei
1092 1821 1220 1855 codicis
1236 1821 1420 1854 lectionem
1435 1819 1528 1853 infra
1541 1832 1596 1865 ep.

932 1878 972 1909 16
986 1900 995 1916 ,
1020 1887 1050 1908 Ι.
1068 1875 1103 1909 S.
1118 1895 1164 1900 —
1178 1877 1235 1906 Ad
1246 1875 1506 1906 declamandum.
1522 1872 1601 1905 Per-

928 1935 1083 1961 suaserat
1100 1927 1283 1960 auctoritas
1298 1927 1330 1959 J.
1348 1926 1387 1958 F.
1405 1924 1577 1958 Gronovii
1589 1948 1599 1964 ‚

928 1980 1072 2013 suminis
1088 1980 1155 2013 viri
1171 1979 1302 2013 meritis
1319 1978 1461 2024 quaesita
1474 2002 1484 2018 ‚
1501 1976 1575 2010 aliis
1589 2001 1599 2016 ,

926 2042 966 2066 ut
979 2048 999 2066 a
1013 2036 1223 2066 declamando
1238 2032 1381 2065 mallent
1394 2030 1507 2076 legere
1520 2041 1601 2062 con-

927 2094 981 2120 tra
1006 2099 1126 2119 omnes
1148 2084 1312 2124 Codices,
1333 2082 1415 2129 quia
1439 2082 1497 2115 ille
1520 2094 1600 2115 eum

927 2140 1072 2185 putabat
1083 2150 1221 2172 sensum
1232 2162 1241 2177 ‚
1256 2150 1276 2171 a
1289 2134 1600 2170 declamationibus

928 2200 961 2224 et
983 2191 1102 2224 schola
1122 2190 1236 2223 statim
1260 2188 1304 2222 ad
1330 2186 1600 2222 centumvirales

928 2256 1066 2278 caussas
1083 2243 1228 2275 transire
1241 2243 1386 2287 juvenes
1400 2266 1410 2281 ‚
1428 2254 1499 2274 non
1520 2247 1600 2274 ante

927 2297 962 2329 in
982 2297 1175 2329 minoribus
1193 2294 1316 2328 virium
1336 2295 1449 2327 facere
1471 2292 1601 2338 experi-

927 2357 1057 2382 menta.
1073 2347 1138 2382 Sed
1151 2348 1223 2392 jam
1240 2346 1326 2380 vidit
1343 2346 1480 2380 Cortius
1493 2370 1503 2385 ‚
1519 2357 1601 2377 acu-

927 2415 1007 2436 men
1024 2402 1136 2434 inesse
1154 2401 1189 2433 in
1205 2399 1355 2434 Secundi
1370 2398 1496 2432 verbis.
1511 2397 1601 2429 Ante

929 2456 964 2489 in
991 2455 1116 2487 scholis
1146 2462 1177 2486 et
1208 2453 1331 2486 umbra
1356 2449 1601 2484 declamabant

929 2508 1163 2541 adolescentes
1177 2531 1185 2546 ‚
1197 2518 1290 2538 nunc
1303 2503 1517 2541 declamant,
1532 2501 1601 2534 hoc

930 2569 980 2594 est
1003 2567 1161 2593 exercent
1186 2571 1220 2591 se
1234 2583 1242 2598 ‚
1269 2564 1301 2590 et
1324 2555 1525 2589 rudimenta
1552 2554 1601 2587 di-

930 2612 1030 2646 cendi
1051 2618 1185 2657 ponunt
1204 2611 1239 2642 in
1260 2622 1300 2642 eo
1321 2620 1522 2641 caussarum
1544 2618 1600 2652 ge-

930 2679 1012 2699 nere
1024 2690 1033 2705 ,
1052 2664 1096 2698 ad
1114 2663 1208 2710 quod
1225 2675 1296 2696 non
1316 2661 1381 2695 nisi
1397 2661 1599 2694 exercitatos

930 2719 1045 2753 venire
1072 2730 1128 2751 eos
1148 2729 1210 2763 par
1228 2716 1354 2749 fuerat.
1375 2714 1418 2747 G.
1438 2735 1483 2740 -—
1499 2715 1596 2747 Rom.
