1742 2989
584 223 922 266 EPISTULA
967 224 1073 265 VII.

141 304 243 361 tuli,
269 305 370 348 huic
398 304 823 364 quadringentorum
851 303 1034 347 millium
1067 302 1212 363 paullo
1241 302 1428 362 amplius
1458 312 1546 345 ter—

140 378 245 422 tiam
278 388 447 439 partem
476 394 527 421 ex
555 377 801 421 adventicio
831 375 1071 438 denegem?
1102 376 1200 420 Scio
1237 385 1278 418 te
1314 369 1487 435 quoque
1523 392 1547 418 a

1458 222 1544 281 ΑΨ)

134 451 302 511 judicio
328 467 425 494 meo
451 467 540 493 non
565 451 824 506 abhorrere,
846 467 981 511 quum
1007 448 1203 492 eamdem
1231 447 1543 508 rempublicam

138 533 188 567 ut
215 524 321 567 civis
349 524 540 584 optimus
566 523 733 585 diligas.
755 522 899 568 Velim
926 540 1030 584 ergo
1047 557 1057 577 ,
1085 539 1221 582 quum
1249 523 1445 582 proxime
1470 522 1545 564 de·
1590 550 1592 552 -

139 598 339 641 curiones
358 596 692 652 contrahantur,
708 597 809 657 quid
832 597 885 639 sit
901 597 1028 656 juris,
1048 595 1233 651 indices,
1253 612 1381 655 parce
1401 605 1543 637 tamen

139 679 181 712 et
213 669 429 723 modeste3
460 669 617 713 deinde
652 671 915 730 subjungas,
949 686 1027 712 nos
1059 667 1383 729 quadringenta
1413 666 1544 710 millia

138 741 315 795 offerre,
338 743 449 786 sicut
472 745 678 804 praecepit
692 745 969 787 Saturninus.
992 743 1112 786 Illius
1132 743 1215 785 hoc
1234 759 1415 795 munus,
1436 740 1548 784 illius

136 815 393 871 liberalitas3
415 826 614 859 nostrum
642 826 814 860 tantum
838 817 1099 877 obsequium
1124 825 1317 859 vocetur.
1339 817 1441 858 Haec
1467 830 1548 874 ego
1576 817 1587 831 ³

136 890 326 932 scribere
356 888 529 949 publice
560 890 783 950 supersedi
812 908 819 933 :
848 890 1065 950 primum,
1093 888 1210 948 quod
1240 888 1549 937 memineram,

138 978 218 1022 pro
243 962 559 1006 necessitudine
582 963 784 1006 amicitiae
808 972 988 1015 nostrae,
1015 980 1094 1023 pro
1120 962 1326 1006 facultate
1352 961 1549 1023 pruden-

139 1036 207 1078 tiae
235 1045 318 1079 tuce
334 1070 344 1089 ‚
368 1046 410 1079 et
435 1035 593 1079 debere
616 1047 657 1079 te
681 1046 723 1080 et
745 1053 870 1097 posse
897 1037 1078 1097 perinde
1106 1037 1211 1079 meis
1231 1053 1280 1079 ac
1306 1036 1389 1079 tuis
1411 1035 1547 1095 parti—

139 1109 218 1152 bus
250 1108 372 1169 fungi
395 1126 404 1152 z
430 1108 612 1163 deinde⁷
637 1110 739 1170 quia
771 1110 971 1165 verebar,
999 1127 1053 1152 ne
1079 1108 1257 1152 modum
1277 1144 1287 1162 ‚
1312 1124 1441 1168 quein
1470 1107 1549 1150 tibi

139 1183 183 1224 in
214 1199 416 1226 sermone
444 1182 661 1226 custodire
694 1183 818 1227 facile
846 1193 935 1236 est,
961 1184 1153 1226 tenuisse
1182 1184 1225 1225 in
1254 1180 1434 1242 epistola
1461 1196 1550 1223 non

137 1254 322 1298 viderer.
350 1256 465 1299 Nam
496 1272 740 1299 sermonem
768 1256 933 1309 vultus,
967 1266 1134 1317 gestus,
1163 1272 1247 1299 vox
1276 1256 1369 1314 ipsa
1398 1253 1548 1297 mode—
1591 1257 1594 1261 ”

140 1337 262 1370 ratur
293 1343 302 1369 τ
334 1327 546 1387 epistola,
582 1329 786 1372 omnibus
821 1328 1280 1371 coinmendationibus
1314 1327 1548 1379 destituta,

141 1399 404 1460 malignitati
435 1401 820 1461 interpretantium
849 1403 1099 1462 exponitur.
1118 1401 1243 1445 Vale.

140 1535 238 1566 Rom.
257 1538 308 1565 An
331 1535 384 1566 cui
400 1536 439 1565 de
461 1547 528 1565 meo
547 1537 708 1566 sexdecies
730 1537 815 1579 aclji-
881 1536 1055 1581 scripsiase
1075 1535 1141 1568 hoc
1166 1535 1287 1568 ordine
1312 1547 1319 1567 z
1345 1552 1357 1563 «
1371 1534 1466 1580 quod
1487 1548 1554 1568 ine-

881 1589 1048 1621 mineram
1062 1614 1070 1627 ‚
1089 1602 1154 1634 pro
1175 1588 1338 1621 facultate
1364 1587 1555 1633 prudentiae

880 1649 945 1673 tuae
958 1666 966 1680 ‚
981 1654 1044 1686 pro
1059 1641 1311 1673 necessitudine
1326 1641 1482 1673 amicitiae
1497 1653 1555 1672 no-

141 1588 224 1617 ciens
243 1589 374 1618 contuli.
385 1586 429 1618 H.
444 1607 489 1611 —
502 1589 814 1630 Quadringentorum

142 1641 283 1671 millium.
292 1639 590 1682 ALQuczdringenta
602 1640 814 1686 nzillia,quod

144 1691 241 1723 unice
255 1704 388 1724 verum.
406 1692 439 1725 S.

187 1748 220 1784 4.
244 1747 435 1775 Decuriones
455 1746 698 1777 contrahantur.
718 1746 751 1779 Si
771 1745 813 1779 de

141 1798 247 1828 Roma
264 1809 375 1828 sermo
391 1805 476 1829 esset
489 1821 497 1836 ,
513 1797 641 1830 diceret
653 1823 661 1836 ,
676 1802 811 1830 Senatus

142 1859 287 1892 cogatur.
308 1848 351 1881 G.
363 1851 517 1881 ——Rom.
532 1852 724 1881 Decuriones
738 1863 813 1882 con-

143 1903 326 1939 trahentur,
348 1914 410 1946 pro
433 1915 503 1948 quo
522 1902 612 1934 male
632 1902 756 1935 Cellar.
782 1911 813 1936 et

143 1966 221 1986 eum
233 1955 340 1986 secuti
353 1956 596 1986 contrahantur.
611 1954 654 1986 H.
668 1975 712 1979 —-
723 1955 814 1988 Beue

143 2007 306 2039 Cortiana
324 2009 561 2045 contrahentur,
582 2019 686 2052 quam
704 2007 815 2040 Gieri-

143 2059 218 2102 gius
231 2084 238 2098 ,
259 2072 329 2092 non
350 2059 596 2092 Gesnerianam
612 2085 620 2099 ,
642 2059 736 2105 sequi
757 2059 816 2092 de-

146 2111 247 2144 bebat
254 2138 260 2144 .
275 2113 306 2145 S.
313 2133 354 2136 —-
362 2114 606 2155 Sicucpraecept'c
615 2115 814 2145 Saturninus.

143 2163 196 2196 Sic
211 2164 313 2196 etiam
326 2165 424 2197 Rom.
442 2173 474 2197 et
494 2164 572 2197 Ald.
595 2178 664 2198 non
680 2173 814 2198 tantum

143 2216 360 2255 recentiores,
372 2225 407 2249 ut
415 2217 583 2251 Gruterus
591 2219 762 2264 opinatur.
772 2219 813 2252 H.

186 2270 217 2302 5.
229 2270 422 2312 Profaculta
429 2273 645 2313 teprudentice
653 2281 725 2303 tuce.
735 2271 815 2304 Haee

145 2320 268 2353 omissa
283 2329 361 2352 sunt
375 2321 409 2353 in
424 2323 522 2354 Rom.
539 2322 720 2355 omittendi
734 2336 813 2356 vero

146 2372 277 2405 nullam
304 2373 475 2406 rationem
505 2376 651 2421 reperio.
682 2377 815 2408 Desunt

145 2433 260 2459 tamen
282 2433 313 2459 et
339 2426 373 2458 in
400 2427 682 2460 Brumxnerianis.
704 2428 747 2460 H.
770 2449 814 2453 —

145 2478 306 2524 Suspicor
316 2478 463 2512 Plinitun
476 2504 484 2518 ,
496 2479 569 2512 chia
576 2493 649 2514 sino
660 2489 793 2513 servato
804 2506 813 2521 ,

881 1701 956 1725 strae
968 1719 975 1732 ,
989 1702 1021 1725 et
1038 1693 1162 1726 debere
1180 1702 1212 1726 te
1230 1701 1261 1725 et
1279 1706 1378 1738 posse
1390 1692 1533 1738 perinde
1546 1718 1553 1731 7

880 1754 944 1779 etc.
959 1746 1012 1778 Sic
1026 1754 1183 1790 apparet,
1199 1746 1292 1779 unde
1308 1747 1431 1778 lacuna
1448 1746 1502 1777 illa
1520 1746 1552 1777 in

877 1799 971 1830 libris
988 1798 1156 1843 originem
1174 1799 1325 1831 traxerit.
1345 1797 1444 1830 Adde
1459 1798 1553 1843 quod

878 1851 935 1883 hic
946 1852 1131 1883 verborum
1143 1850 1228 1883 ordo
1237 1851 1355 1895 paullo
1368 1851 1555 1883 humanior

880 1903 1026 1936 videtur.
1043 1905 1077 1937 S.

928 1958 960 1989 6.
985 1959 1181 1987 illudet-atur.
1202 1956 1373 2001 Gierigius
1392 1964 1483 1988 recte
1509 1956 1555 1987 in-

881 2016 1087 2052 terpretatur
1107 2020 1114 2041 :
1133 2007 1261 2041 indicat
1280 2007 1457 2053 quomodo
1475 2020 1552 2040 eum

882 2061 990 2105 accipi
1012 2061 1169 2094 velimus.
1191 2061 1271 2093 Mox
1299 2063 1442 2092 omnihus
1470 2060 1552 2092 mihi

881 2122 1078 2158 suspectum
1099 2122 1160 2146 est.
1190 2113 1355 2146 Desidero
1379 2115 1551 2147 similibus.

883 2174 941 2198 aut
960 2169 1102 2198 omnibus
1117 2169 1188 2205 lzis;
1205 2175 1241 2198 ut
1263 2165 1306 2198 ad
1321 2166 1454 2198 vultum
1471 2191 1478 2205 ,
1500 2178 1554 2210 ge—

881 2227 952 2251 stus
963 2244 971 2258 ‚
986 2227 1018 2251 et
1029 2232 1149 2251 vocem
1163 2220 1343 2251 referatur.
1358 2219 1398 2250 E.
1412 2240 1456 2242 ὴ
1468 2218 1553 2250 Mihi

880 2284 963 2304 vero
986 2272 1070 2304 nihil
1093 2271 1228 2304 videtur
1248 2270 1464 2304 tentandum.
1492 2270 1555 2302 Pli-

880 2324 957 2356 nius
982 2325 1125 2357 omnino
1149 2324 1311 2357 intellexit
1330 2336 1382 2356 res
1402 2323 1553 2355 adventi-

880 2377 968 2416 ciam,
992 2378 1116 2421 quibus
1143 2377 1285 2422 epistola
1315 2374 1550 2409 conuncndari

878 2429 994 2474 possit.
1002 2431 1272 2473 5.-Μαῖῐίς-ηῐίας
1281 2430 1550 2470 intmprelunciun.

880 2489 929 2513 est
943 2482 1217 2527 circumscriptio
1235 2480 1424 2513 calumniae.
1443 2480 1492 2511 En

733 2617 970 2633 fimes—-
