1742 2989
191 200 250 254 48
625 202 675 244 C.
713 200 938 244 PLINII
971 201 1093 243 LIB.
1129 201 1160 241 I.

190 281 440 336 abundare,
466 282 540 342 qui
570 280 732 325 alienas
760 281 820 325 sic
846 290 975 325 amat.
1004 280 1219 325 Redditus
1244 288 1309 323 est
1338 281 1387 323 L.
1419 278 1594 339 Syllano

190 354 361 397 debitus
375 355 529 408 honor,
544 355 668 414 cujus
683 353 999 398 immortalitati
1016 354 1175 415 Capito
1191 353 1418 414 prospexit
1431 353 1595 413 pariter

191 437 234 470 et
259 444 359 471 suae.
388 429 543 488 Neque
570 429 685 471 enim
716 428 853 487 magis
879 427 1087 471 decorum
1117 437 1160 470 et
1185 427 1355 487 insigne
1382 434 1473 481 est,
1503 434 1593 468 sta-

192 510 311 545 tuam
339 502 383 544 in
410 501 505 545 foro
532 501 685 562 populi
711 503 901 546 Romani
927 502 1255 561 habere7quam
1281 498 1590 560 ponereVale.

206 661 323 672 mmm
327 661 444 671 smus
448 661 808 672 ΜιαωΜἏπἏ-ἱινι
812 660 1051 671 mmmmm
1055 658 1295 670 musas-§sus
1299 657 1579 668 §.n-mmmm

771 800 1005 857 XVIII.

187 938 369 975 Suetonio
399 939 586 975 actionem
613 952 660 974 cx
687 937 823 974 somnii
847 938 993 974 monitu
1022 935 1254 973 dissuadenti
1285 934 1331 971 de
1360 933 1592 970 somniorum

241 1004 354 1040 etiam
383 1003 573 1040 contrario
601 1012 740 1040 eventu
768 1003 975 1053 respondet
1004 1017 1012 1038 z
1046 1003 1177 1038 saltem
1205 1000 1402 1050 stropham
1431 999 1593 1047 aliquam

241 1068 453 1118 pollicetur.
471 1072 505 1105 A
525 1068 803 1118 superstitionis
825 1067 910 1104 labe
934 1067 1098 1103 Plinium
1121 1075 1157 1103 ct
1178 1065 1402 1103 Suetonium
1424 1076 1502 1099 non
1522 1064 1594 1099 im—

239 1145 370 1168 munes
391 1133 503 1168 fuisse
523 1131 604 1168 haec
622 1132 782 1182 epistola
802 1131 939 1167 doccrc
961 1139 1098 1181 potest.
1119 1133 1187 1167 En.

257 1259 295 1287 C.
335 1258 575 1288 PLINIUS
611 1257 903 1286 SUETONIO
939 1256 1320 1293 TRANQUILLO
1356 1254 1460 1283 SUO
1496 1254 1528 1281 S.

253 1367 429 1410 SCRIBIS
456 1375 496 1409 te
523 1364 807 1425 perterritum
835 1364 1006 1406 somnio
1032 1363 1173 1406 vereri
1202 1378 1258 1404 ne
1290 1361 1397 1421 quid
1426 1360 1593 1404 adversi

189 1440 233 1482 in
260 1439 431 1482 actione
458 1437 638 1498 patiaris
661 1452 670 1480 :
698 1452 843 1496 rogas,
873 1445 922 1478 ut
948 1434 1204 1478 dilationem
1229 1444 1398 1494 petam,
1424 1443 1468 1476 et
1492 1449 1595 1494 pau-

189 1510 310 1555 culos
340 1510 430 1554 dies
448 1545 459 1566 ,
489 1519 607 1554 certe
635 1509 886 1569 proximum
922 1524 1138 1552 excusem.
1170 1506 1361 1551 Difficile
1390 1516 1454 1550 est
1481 1524 1489 1549 :
1520 1506 1591 1550 sed

189 1585 389 1646 experiar
416 1601 424 1626 :

736 1686 818 1728 Καὶ
845 1686 920 1746 γάρ
948 1687 986 1728 τ’
1013 1686 1105 1745 ὄναρ
1136 1687 1180 1727 ἐν.
1207 1686 1300 1734 Διός
1329 1686 1453 1727 ἐστιν.

188 1785 338 1829 Refert
368 1793 514 1828 tamen
537 1817 548 1837 ⁷
579 1791 789 1826 eventura
819 1780 960 1825 soleas
981 1816 991 1835 ,
1023 1798 1078 1824 an
1109 1780 1330 1824 contraria
1359 1778 1588 1823 somniare.

188 1859 300 1902 Mihi
327 1857 547 1919 reputanti
576 1857 795 1899 somnium
824 1871 969 1897 meum
992 1889 1003 1908 ‚
1035 1853 1150 1897 istud
1168 1889 1178 1909 ‚
1211 1852 1328 1914 quod
1361 1853 1486 1895 times
1516 1861 1562 1894 tu
1582 1886 1593 1900 ,

188 1933 407 1993 egregiam
431 1931 648 1974 actionem
675 1927 938 1990 portendere
959 1928 1144 1971 videtur.
1166 1930 1453 1987 Susceperam
1478 1941 1594 1969 caus-

188 2023 279 2050 sam
305 2005 407 2049 Julii
432 2004 646 2057 Pastoris,
675 2019 811 2063 quum
839 2002 946 2045 mihi
972 2000 1211 2062 quiescenti
1239 2001 1329 2043 visa
1356 2008 1421 2042 est
1443 2014 1592 2041 socrus

238 2129 371 2161 XVIII.
396 2140 426 2160 1.
445 2131 551 2169 Rogas
562 2151 570 2164 ,
590 2135 638 2157 uc.
655 2150 662 2156 .
679 2126 856 2167 .e.1*per1'ar.

187 2183 341 2214 Romana
357 2180 457 2213 lectio
477 2192 497 2212 a
517 2178 657 2223 vulgata
680 2178 805 2222 ſtragas,
825 2186 859 2207 uc

187 2235 375 2265 dilationem
389 2242 500 2275 petam
515 2257 524 2269 ,
550 2240 581 2261 ec
592 2232 750 2273 pauculos
772 2232 856 2260 dies.-

186 2296 269 2317 cerce
277 2287 462 2328 proximum
477 2296 624 2315 cavensem
643 2284 776 2327 dssficile
789 2292 853 2319 est,

185 2341 244 2370 sed
260 2337 420 2381 experiar]
443 2349 514 2368 non
533 2335 703 2380 discrepat
720 2359 728 2373 ‚
749 2346 855 2379 quam

184 2403 265 2423 vero
280 2403 373 2422 nunc
387 2389 512 2422 rectius
526 2388 573 2420 ita
584 2388 831 2432 interpungunt
844 2398 852 2418 .·

186 2457 280 2486 rogas
294 2469 303 2481 ,
324 2453 358 2474 nt
375 2443 562 2474 dilationem
577 2451 686 2483 petam
698 2466 706 2477 ‚
729 2451 759 2472 ec
773 2453 856 2482 pan-

185 2509 237 2527 cos
263 2498 330 2527 dies
347 2521 355 2532 ‚
385 2504 467 2526 ceree
482 2496 667 2537 proximum
693 2506 851 2524 curensem.

186 2550 326 2592 Difficile
354 2557 400 2579 est
418 2572 427 2585 ,
464 2549 521 2578 sed
546 2547 708 2589 eaperiar.
733 2545 853 2578 Graeca

185 2600 289 2632 verba
315 2612 385 2632 non
404 2599 508 2631 habet
526 2599 623 2631 Rom.
650 2596 707 2629 sed
730 2610 791 2641 pro
813 2597 853 2630 iis

184 2651 256 2685 liaec
288 2653 411 2684 Latina
443 2663 449 2683 :
479 2653 593 2683 etenim
624 2652 780 2681 somnium
811 2663 851 2680 em

181 2709 258 2735 ‚love
278 2715 333 2736 cst.
357 2704 399 2736 H.
419 2725 463 2728 >v
482 2705 535 2738 καὶ
557 2705 616 2749 γάρ
638 2698 667 2736 τ’
691 2704 777 2749 ὄναρ.
800 2703 849 2734 Ex

924 2122 1025 2156 Iliad.
1048 2125 1088 2163 οἱ,
1110 2125 1166 2157 63.
1187 2123 1230 2156 G.
1253 2143 1298 2147 --
1322 2124 1363 2155 In
1390 2121 1511 2161 editis,
1539 2134 1593 2154 ac-

924 2184 1026 2209 centu
1047 2176 1137 2209 male
1156 2183 1292 2215 notato,
1312 2176 1365 2209 καὶ
1381 2177 1441 2221 γάρ
1458 2181 1488 2208 τ’
1505 2176 1589 2221 ὄναρ.

924 2229 1076 2261 Correxi.
1104 2225 1133 2262 τ’
1160 2236 1209 2261 est
1234 2228 1289 2260 hie
1315 2243 1363 2262 τε.
1395 2229 1466 2260 Nec
1495 2235 1590 2267 erat,

923 2280 1017 2326 quod
1033 2281 1228 2326 Stephanus
1244 2280 1287 2313 de
1303 2293 1404 2314 sensu
1417 2281 1523 2325 hujus
1536 2293 1592 2313 vo-

922 2335 970 2368 cis
988 2333 1162 2367 dubitaret
1184 2346 1191 2366 :
1213 2346 1425 2380 quamquain
1449 2340 1482 2365 et
1508 2332 1590 2365 oliui

921 2387 957 2419 in
974 2387 1050 2419 loco
1069 2387 1253 2420 Homerico
1270 2387 1443 2420 offensum
1459 2385 1536 2417 fuit.
1554 2386 1588 2417 S.

969 2443 1000 2472 3.
1017 2443 1096 2472 Julii
1114 2442 1269 2472 Pastoris.
1289 2442 1388 2473 Rom.
1408 2440 1498 2470 szii
1515 2441 1590 2468 Pas-

921 2495 1010 2524 toris.
1028 2493 1071 2525 H.
1088 2513 1134 2516 —
1152 2493 1231 2526 Sine
1251 2492 1357 2525 dubio
1372 2490 1463 2523 idem
1482 2502 1501 2522 a
1520 2502 1590 2534 quo

919 2545 1072 2578 Martial.
1106 2546 1179 2584 IX,
1216 2546 1256 2578 23
1277 2569 1286 2584 ‚
1314 2544 1397 2589 petit
1416 2568 1424 2583 ‚
1457 2550 1495 2574 ut
1526 2542 1589 2574 sibi

918 2598 1105 2642 pecuniam
1122 2597 1288 2642 largiatur
1299 2604 1324 2641 ,ξ
1333 2602 1392 2627 aut
1400 2594 1589 2639 ‚materiem

919 2649 964 2682 ad
1001 2650 1117 2684 villam
1149 2647 1327 2683 tuendam.
1362 2648 1427 2679 En.
1462 2668 1507 2671 —
1535 2647 1589 2679 Sic

919 2702 1016 2735 multi
1037 2702 1113 2735 libri
1137 2713 1144 2734 z
1167 2702 1246 2733 item
1264 2700 1460 2732 Bruunueri
1477 2710 1589 2732 excer-
