1742 2989
573 202 917 245 EPISTOLA
951 203 1037 245 VI.
1418 202 1506 248 335

114 280 354 324 ventitabat
381 296 391 323 :
417 281 482 323 vir
510 279 673 340 alioqui
700 280 841 325 clarus
872 291 913 326 et
947 282 1107 342 gravis,
1133 292 1175 325 et
1201 285 1275 342 qui
1304 285 1509 343 prodesse

114 352 204 396 filio
230 353 438 396 memoria
465 354 529 395 sui
551 352 718 397 debeat.
742 354 824 398 Sed
851 354 976 398 multi
1003 371 1119 397 nunc
1149 354 1192 396 in
1219 366 1392 407 senatu,
1416 359 1511 416 qui-
1536 372 1556 407 4

113 425 194 468 bus
221 426 395 486 ignotus
419 423 511 479 ille3
530 425 677 480 multi,
699 427 857 487 quibus
882 437 1035 481 notus;
1055 426 1128 469 sed
1152 443 1239 469 non
1265 428 1345 470 nisi
1367 429 1512 472 viven-

115 507 177 542 tes
203 508 456 541 reverentur
481 515 489 540 :
512 515 600 558 quo
626 502 761 560 magis
786 500 912 553 huic,
937 501 1091 542 omissa
1122 499 1257 559 gloria
1285 501 1445 560 patris,
1467 502 1512 544 in

113 586 200 629 qua
234 586 441 632 magnum
470 582 803 627 ornamentum,
830 573 966 633 gratia
999 571 1198 626 infirma,
1224 573 1303 632 ipsi
1343 575 1510 616 eniten-

114 641 218 685 dum
240 652 281 685 et
302 642 588 687 laborandum
614 655 688 688 est.
708 645 840 701 Quod
861 645 1036 705 quidem
1058 661 1248 705 semper,
1267 647 1388 705 quasi
1410 663 1511 706 pro·
1537 655 1556 686 5

113 715 280 758 videret
313 715 397 758 hoc
435 725 629 776 tempus,
663 717 813 775 sedulo
845 717 972 771 fecit;
998 718 1167 777 paravit
1195 718 1374 770 amicos3
1404 735 1512 778 quos

114 797 365 847 paraverat,
391 788 525 832 coluit
545 808 553 833 :
574 806 641 832 me
662 800 800 843 certe,
820 800 867 833 ut
891 790 1080 850 primum
1105 790 1184 833 sibi
1199 789 1396 849 judicare
1417 807 1512 850 per-

115 860 249 914 misit,
276 861 328 904 ad
360 877 554 905 amorem
585 863 962 923 imitationemque
994 862 1167 923 delegit.
1202 864 1377 907 Dicenti
1405 864 1512 907 mihi
1539 878 1558 908 6

115 932 307 976 solicitus
327 933 518 988 adsistit,
539 935 705 978 adsidet
727 937 925 978 recitanti
949 953 955 978 :
976 936 1142 995 primus
1163 937 1294 979 etiam
1316 947 1356 980 et
1375 954 1512 997 quum

115 1007 301 1048 maxime
330 1008 608 1051 nascentibus
633 1008 851 1068 opusculis
877 1009 984 1052 meis
1010 1009 1212 1064 interest,
1237 1027 1355 1053 nunc
1377 1011 1513 1065 solus,

115 1087 215 1120 ante
239 1094 338 1120 cum
358 1078 510 1131 fratre3
534 1081 655 1140 cujus
680 1098 820 1141 nuper
840 1082 984 1125 amissi
1006 1098 1085 1141 ego
1110 1084 1325 1142 suscipere
1348 1094 1514 1143 partes,

116 1166 196 1210 ego
224 1152 359 1194 vicem
388 1151 524 1195 debeo
550 1152 743 1213 implere.
767 1153 907 1197 Doleo
931 1155 1045 1197 enim
1069 1165 1110 1198 et
1134 1155 1254 1198 illum
1282 1157 1515 1199 immatura

116 1232 255 1266 morte
278 1223 575 1284 indignissime
602 1236 800 1285 raptum,
826 1237 868 1270 et
897 1228 1014 1270 hunc
1039 1228 1194 1287 optimi
1223 1227 1367 1272 fratris
1393 1229 1515 1289 adju-

116 1306 263 1339 mento
298 1296 578 1351 destitutum,
603 1298 790 1359 solisque
826 1300 975 1342 amicis
1011 1299 1226 1343 relictum.
1253 1302 1426 1357 Quibus
1463 1318 1514 1344 ex
1542 1324 1557 1350 7

116 1372 275 1413 caussis
306 1373 459 1430 esigo,
493 1381 539 1414 ut
566 1373 737 1427 venias,
763 1383 805 1416 et
834 1372 1042 1433 suffragio
1071 1389 1167 1416 meo
1196 1383 1320 1416 tuum
1342 1375 1514 1434 jungas.

117 1442 387 1486 Permultum
409 1444 589 1488 interest
608 1461 724 1499 mea,
747 1455 788 1488 te
809 1455 1052 1500 ostentare7
1072 1455 1214 1489 tecum
1237 1446 1435 1490 circuire.
1454 1449 1512 1490 Ea

116 1584 249 1618 videtur
261 1611 269 1626 ,
287 1598 395 1631 quum
418 1595 518 1620 antea
536 1587 629 1634 apud
647 1589 785 1622 Graecos

116 1638 438 1673 declalnasset.Vid.
452 1640 535 1674 dial.
548 1641 590 1674 de
601 1642 681 1675 Cor.
694 1644 782 1688 eloq.

116 1691 193 1723 XV.
219 1692 354 1725 Laudat
378 1706 457 1726 eum
474 1694 593 1727 Senec.
618 1696 782 1729 Controv.

118 1744 182 1783 IX,
204 1757 235 1776 2.
254 1744 317 1777 Er).

164 1803 196 1832 4.
220 1798 287 1838 Ipsi
312 1799 499 1829 enitendum
511 1809 541 1830 et
563 1801 783 1832 laborandum

116 1858 170 1880 esc.
191 1850 286 1881 Rom.
302 1852 370 1892 Ipsi
387 1852 586 1889 enitendum,
609 1854 668 1893 ipsi
680 1855 784 1884 elabo-

117 1903 253 1933 randum
270 1911 323 1933 est.
340 1902 450 1948 Major
463 1903 511 1934 xis
527 1904 561 1935 in
574 1904 695 1937 iterato
711 1918 784 1949 pro-

117 1954 268 1986 nomine.
280 1954 465 1987 H.-Bene
475 1956 785 1989 iteraruntCortius

115 2012 147 2037 et
166 2005 350 2051 Gierigius.
368 2007 506 2040 Praestat
519 2009 599 2041 item
615 2011 786 2042 elaboran-

117 2060 203 2091 dum.
223 2059 257 2092 S.

165 2112 197 2143 5.
227 2114 327 2152 Quasi
351 2114 535 2154 provideret
564 2114 623 2145 lzoc
655 2124 784 2156 tempus.

117 2163 213 2195 Rom.
221 2166 320 2204 Quasi
326 2167 517 2207 praevideret
528 2166 587 2196 hoc
601 2176 716 2209 tempus
724 2192 730 2198 .
741 2166 784 2198 H.

164 2217 197 2247 6.
218 2217 341 2247 Primus
368 2219 474 2248 etiam.
493 2216 624 2250 Eadem
650 2226 787 2251 senten-

118 2266 162 2299 tia
173 2266 255 2312 legit
267 2267 520 2310 Cortiusprimis
531 2283 541 2301 .·
552 2277 584 2302 et
594 2278 673 2303 sunt
685 2284 765 2303 sane
777 2296 785 2310 ‚

117 2318 210 2363 quod
244 2320 435 2353 luculenter
466 2322 629 2365 probavit
643 2347 651 2361 ‚
678 2326 787 2365 prima

118 2375 270 2414 opuscula
282 2373 431 2405 recentia
443 2397 451 2412 ‚
466 2377 647 2412 nascentia,
661 2375 704 2407 (le
718 2388 788 2409 ma-

118 2437 165 2457 nu
176 2425 326 2458 auctoris
338 2425 386 2457 sui
399 2426 570 2459 exeuntia.
581 2427 625 2460 G.
636 2447 679 2452 -—
688 2429 784 2461 Rom.

121 2477 280 2510 «solicite
300 2477 453 2517 adsistit,
481 2477 613 2511 adsidet
633 2481 789 2513 recitanti

120 2528 251 2573 primus
262 2530 361 2562 etiam
374 2537 405 2562 ct
416 2543 524 2575 quum
536 2532 716 2564 maxime.»
730 2534 789 2565 Re-

120 2580 360 2625 tineoprc'rn115,
377 2582 470 2627 quod
485 2584 621 2616 (lortius
636 2585 789 2627 inprimis

121 2634 276 2667 mutavit.
304 2635 348 2668 H.
360 2635 519 2668 -Gravi
548 2636 642 2669 locus
670 2650 788 2670 corru-

121 2684 210 2728 ptela
223 2686 358 2721 videtur
367 2688 521 2733 Gierigio
533 2688 699 2722 laborare.
714 2691 789 2723 Non

853 1587 1031 1620 assentior.
1049 1586 1135 1620 «Sed
1151 1587 1226 1632 quis
1237 1613 1245 1627 ‚
1267 1588 1398 1633 inquit,
1415 1590 1519 1623 homo

851 1652 955 1673 sanus
980 1639 1157 1673 meditanti
1184 1641 1247 1672 sibi
1272 1649 1330 1673 aut
1356 1642 1518 1675 scribenti

851 1692 960 1725 socios
996 1701 1138 1725 testesve
1166 1693 1330 1726 adxocet?
1343 1711 1355 1721 »
1381 1695 1453 1727 Hoc
1477 1707 1518 1728 an

849 1745 960 1777 insani
972 1745 1031 1785 sit,
1045 1758 1135 1778 nunc
1150 1758 1217 1777 non
1230 1758 1346 1790 quaero
1360 1758 1368 1778 .·
1382 1746 1414 1779 id
1428 1747 1498 1780 scio
1510 1773 1520 1789 ⁷

849 1797 1017 1830 sanissimi
1031 1810 1104 1831 esse
1116 1823 1124 1838 ,
1140 1798 1319 1832 consulere
1335 1799 1463 1833 amicos
1476 1799 1520 1832 de

849 1850 1024 1896 opusculis
1036 1875 1043 1887 ‚
1057 1849 1416 1884 du1nnascamu1·.sic
1428 1852 1520 1884 enim

849 1912 881 1935 et.
892 1915 1023 1935 errores
1037 1903 1171 1935 facilius
1185 1916 1308 1936 caveas
1318 1929 1327 1944 ‚
1343 1911 1375 1936 et
1396 1903 1522 1949 siquid

854 1955 903 1987 illi
929 1955 1111 1988 commode
1139 1957 1337 1989 monuerint
1351 1982 1359 1996 ‚
1391 1960 1521 2003 majore

851 2020 930 2040 cum
959 2008 1073 2040 fructu
1100 2008 1135 2040 in
1163 2021 1236 2041 rem
1260 2018 1355 2042 tuam
1380 2022 1521 2043 conver-

851 2068 914 2092 tas.
933 2061 966 2093 S.

899 2124 929 2156 7.
942 2115 1061 2153 Quibus
1075 2126 1116 2144 ea·
1130 2115 1249 2144 caussis
1260 2116 1364 2157 exigo.
1373 2114 1436 2146 Pro
1445 2115 1521 2160 J'ure

852 2176 941 2196 meo.
954 2164 1036 2197 Vid.
1048 2165 1099 2197 VI
1111 2190 1119 2205 ‚
1131 2178 1187 2210 ep.
1201 2167 1236 2206 8,
1247 2166 1264 2198 5
1277 2166 1363 2205 ;VII
1375 2192 1384 2206 ‚
1397 2179 1452 2211 ep.
1467 2180 1478 2198 1
1489 2180 1520 2206 2,

857 2229 869 2249 1
879 2243 887 2247 -
901 2216 945 2249 G.

897 2289 942 2293 ——
953 2271 1101 2300 Circuire.
1114 2270 1189 2301 Non
1202 2270 1233 2301 in
1246 2282 1365 2315 campo
1376 2270 1502 2303 Martio
1513 2296 1521 2310 ‚

854 2329 889 2352 ut
909 2321 1002 2353 salva
1023 2322 1215 2366 republica,
1239 2321 1318 2361 scd,
1339 2330 1371 2354 ut
1395 2322 1454 2354 lib.
1468 2324 1521 2361 ΙΙ,

852 2373 949 2417 epist.
970 2385 989 2416 9
1005 2397 1013 2413 ,
1031 2375 1048 2407 5
1061 2398 1069 2413 ‚
1090 2387 1151 2415 per
1167 2377 1277 2405 domos·
1299 2377 1522 2417 stationesque.

853 2426 927 2457 Jain
950 2433 1023 2457 tum
1049 2425 1138 2458 enim
1162 2426 1204 2458 ad
1229 2427 1408 2459 Senatores
1434 2426 1522 2458 solos

854 2478 1012 2523 suffragii
1046 2479 1102 2523 jus
1139 2479 1300 2511 retulerat
1335 2479 1494 2511 Tiberius
1512 2506 1521 2520 ‚

853 2530 946 2575 quod
968 2542 1006 2562 ex
1023 2531 1145 2564 Tacito
1164 2531 1205 2562 A.
1221 2532 1258 2569 Ι,
1283 2531 1333 2563 15.
1355 2531 1522 2563 Cellarius

854 2582 907 2614 hic
940 2592 1119 2616 memorat.
1146 2583 1188 2615 G.
1207 2603 1251 2607 -—
1274 2587 1314 2613 Te
1340 2594 1498 2615 ostentare
1513 2609 1521 2623 ‚

855 2644 955 2666 tecum
976 2637 1120 2668 circuire.
1141 2638 1237 2668 l'tom.
1263 2639 1303 2666 Te
1318 2646 1476 2667 ostentare
1494 2647 1522 2666 e!

857 2696 919 2718 tum
935 2690 1107 2719 circumire,
1123 2687 1165 2719 H.
