1757 2880
213 187 322 215 XLiv
483 174 519 214 J.
557 174 617 215 M.
657 173 961 216 GESNERI
995 175 1340 219 EPISTOLA

213 253 289 288 nisi
305 260 483 301 argutum
504 260 633 300 putat,
655 262 691 289 et
712 252 825 290 valde
847 253 1073 292 Plinianum.
1093 255 1282 304 Equidem
1308 258 1507 293 conciliare
1530 270 1613 294 eam

212 314 496 363 exceptionem,
514 315 608 350 illud
636 316 725 359 nisi,
755 329 833 352 non
858 328 1015 364 possum
1041 330 1127 353 cum
1148 319 1276 354 verbis
1305 319 1376 354 hoc
1401 320 1526 367 magis
1545 332 1613 354 ar-

212 377 331 410 duum
356 376 450 420 fiu't.
488 375 653 411 Difficile
682 384 738 412 est
761 378 891 422 rebus,
920 390 1003 425 quae
1032 379 1079 413 ad
1108 378 1300 427 fastigium
1324 379 1403 428 jam
1424 380 1614 427 perductae

211 437 413 479 videntur,
432 437 578 485 aliquid
596 437 756 473 addere:
777 447 896 474 cessat
917 439 1119 475 admiratio
1132 467 1141 479 ,
1160 439 1192 475 si
1213 440 1329 475 addat
1346 441 1396 485 is,
1417 441 1478 476 cui
1499 453 1614 476 reser-

212 507 342 533 vatum
362 498 522 534 consilio
543 507 623 542 est,
646 506 689 534 ut
707 498 837 535 addat.
859 500 970 537 Conf.
988 514 1069 548 cap.
1089 502 1323 546 XXXVIII,
1347 514 1378 537 1.

264 561 458 605 XXXVI,
477 566 509 603 ί..
527 561 582 596 Ne
592 561 829 596 admittenda
843 561 891 596 sit
906 561 1124 598 emendatio
1140 561 1211 597 soli
1222 562 1450 611 conjecturae
1462 561 1593 597 debita
1606 590 1615 607 ,

215 621 269 657 Cl.
283 621 512 656 Arntzenius
525 622 952 669 tribunalexcogitatum
963 623 1159 667 cruciatui,
1179 635 1366 671 suspenso
1378 623 1474 670 pede
1487 621 1616 672 (laudo

213 682 457 731 modestiam)
474 683 524 718 ita
541 690 663 719 tentat
686 697 877 732 exponere
895 698 902 719 :
923 685 1092 720 tribunal
1106 683 1226 729 illud,
1247 684 1284 719 in
1307 697 1386 733 quo
1407 684 1478 719 sub
1501 696 1616 732 supe-

213 742 382 779 rioribus
399 744 693 792 imperatoribus
709 744 854 784 fiscales
868 758 1009 781 caussae
1026 746 1250 795 agebantur,
1265 747 1521 793 excogitatum
1533 758 1618 780 cru-

215 806 346 849 cz'aluc',
366 804 437 840 hoc
457 814 529 851 est,
544 806 743 841 inventum
758 806 807 842 ad
827 808 1019 843 vexandos
1034 815 1070 843 et
1087 806 1313 843 lacerandos
1324 807 1486 842 miseros
1506 818 1592 842 reos
1607 835 1616 851 ,

215 866 285 901 sub
301 866 448 913 optimo
462 867 636 916 principe
653 880 846 916 nuucpur
862 876 916 903 est
931 869 1095 911 σφίσι-ῖς,
1116 876 1184 903 etc.
1199 869 1287 903 Non
1306 867 1430 903 voluit
1445 865 1619 915 profecto

215 927 374 976 intelligi
396 941 415 962 a
435 928 598 976 posteris
621 930 785 974 Plinius,
806 930 838 965 si
852 929 924 965 hoc
944 930 1018 965 illis
1040 928 1165 965 verbis
1185 929 1312 965 dicere
1325 928 1459 963 voluit.
1479 928 1621 964 Eadem

215 997 312 1038 puto
334 990 379 1024 de
396 1002 460 1034 eo,
480 989 545 1037 qui
563 990 638 1035 jam
657 998 824 1037 ponetur
842 991 928 1026 loco
941 1018 950 1033 ,

269 1050 355 1093 XL,
374 1062 408 1092 1,
427 1049 494 1084 ubi
514 1050 653 1085 retinet
670 1050 859 1095 vitiosam,
875 1059 918 1085 ut
940 1050 1032 1086 mihi
1049 1050 1214 1095 videtur,
1235 1049 1478 1098 scripturam,
1492 1048 1617 1093 cujus>-

218 1123 365 1157 cunqne
388 1111 495 1144 modi
525 1123 570 1145 ea
590 1113 775 1158 pecunia,
803 1118 891 1155 ete,
923 1118 958 1146 et
984 1110 1037 1145 ita
1065 1109 1250 1157 explicat,
1270 1111 1511 1155 Quocunque
1536 1106 1624 1153 jure

219 1178 284 1205 aut
307 1171 460 1206 nomine
479 1171 526 1205 ad
547 1171 715 1219 aliquem
732 1171 951 1218 pervenerit
971 1172 1145 1219 pecunia.

271 1233 388 1275 XLV,
401 1231 434 1266 5.
446 1231 570 1276 Ponit,
589 1232 692 1280 quod
691 1230 844 1277 frustra
859 1240 1107 1280 speraverunt
1116 1232 1336 1274 dissimiles,
1360 1243 1432 1279 pro
1449 1242 1622 1278 sperave--

222 1294 295 1327 rint
319 1293 423 1340 quod
450 1293 607 1328 Gruteri
630 1301 667 1329 et
690 1293 895 1341 Bongarsii
916 1292 1146 1339 conjecturae
1173 1291 1343 1327 debitum
1364 1291 1518 1339 sequuti
1536 1298 1626 1326 sunt

221 1353 357 1388 caeteri.
379 1356 425 1389 Et
445 1354 647 1400 pulchram
667 1362 782 1403 atque
803 1367 930 1389 veram
949 1353 1011 1390 hic
1031 1354 1125 1389 dicit
1151 1353 1377 1390 sententiam
1402 1360 1536 1388 contra
1559 1352 1623 1387 ni-

221 1416 335 1450 miam
355 1415 583 1451 emendandi
602 1415 800 1450 libidinem
818 1429 825 1449 z
845 1416 910 1451 sed
930 1428 1013 1463 quae
1031 1428 1090 1450 me
1108 1423 1234 1450 tamen
1252 1427 1329 1449 non
1348 1415 1558 1458 deterreat,
1581 1421 1626 1448 ut

221 1487 299 1509 non
317 1474 447 1509 malim
462 1475 521 1510 hic
534 1475 605 1523 legi
623 1477 866 1523 speraverint.
882 1478 959 1513 Nec
975 1476 1111 1525 ignoro
1125 1504 1134 1520 ,
1154 1475 1387 1511 aoristorum
1407 1477 1626 1510 Graecorum

220 1535 298 1570 vim
319 1536 476 1581 habere,
500 1536 601 1584 apud
632 1538 810 1573 Senecam
838 1538 1069 1586 praesertim,
1093 1538 1290 1573 interdum
1318 1536 1520 1586 praeterita.
1539 1537 1626 1571 Non

220 1597 343 1631 multo
363 1605 449 1644 post
466 1597 567 1632 illam
590 1597 629 1632 in
649 1598 801 1634 criticos
819 1599 1027 1634 orationem
1040 1627 1050 1644 ,
1067 1610 1204 1645 nempe
1227 1598 1275 1633 ad

272 1658 450 1702 XLVIII,
467 1658 504 1701 3,
524 1658 590 1693 ubi
606 1659 879 1694 immanissima
895 1660 1019 1694 bellua
1036 1659 1280 1695 Domitianus
1296 1667 1466 1704 vocatur,
1486 1659 1603 1693 «Eam
1614 1684 1624 1700 ,

220 1718 358 1765 inquit,
373 1720 625 1766 elegantiam»
639 1720 782 1768 (nescio
798 1729 940 1764 autem,
955 1732 1040 1768 quae
1052 1719 1238 1768 elegantia
1254 1720 1316 1764 sit,
1329 1720 1477 1755 homini
1493 1720 1627 1754 bellu-ce

220 1792 359 1814 nomen
386 1780 576 1829 tribuere)
601 1797 615 1812 α
631 1781 748 1816 credo
768 1780 925 1828 periisse
953 1779 1057 1830 apud
1081 1782 1264 1817 Senecam
1290 1782 1397 1816 Suas.
1417 1782 1487 1824 VI,
1505 1793 1542 1827 p.
1564 1779 1625 1815 36.

223 1841 373 1875 Videbis
388 1842 493 1875 illum
512 1853 586 1875 non
608 1841 791 1885 hominis,
815 1843 885 1876 secl
899 1842 1035 1876 belluae
1056 1843 1171 1877 civilis
1189 1845 1349 1878 vultum.
1370 1841 1509 1877 Editur
1524 1853 1627 1875 nunc

222 1900 327 1943 belli,
353 1901 419 1935 sed
438 1901 490 1935 ita
510 1913 589 1936 non
609 1900 792 1937 satisfacit
811 1902 1027 1950 oppositio,
1049 1916 1132 1950 quae
1155 1903 1326 1950 apertior
1351 1909 1408 1937 est
1436 1902 1626 1936 hominem

221 1961 320 1996 inter
339 1969 376 1995 et
393 1963 597 1997 belluam.»
613 1963 747 1998 Sermo
766 1970 823 1998 est
844 1963 890 1998 de
906 1964 1077 2000 Antonio
1099 1964 1328 2007 triumvir03
1353 1963 1559 2010 quaeritur,
1580 1975 1629 1997 an

224 2022 358 2057 Cicero
382 2021 490 2057 illum
510 2022 633 2069 adire,
653 2023 708 2057 illi
724 2023 942 2071 supplicare
960 2025 1126 2060 debeat?
1146 2025 1221 2061 Sed
1241 2031 1399 2071 potesne
1419 2031 1477 2067 tu,
1494 2023 1629 2057 liuma-

224 2082 378 2118 nissime
391 2084 561 2128 Ernesti,
577 2083 637 2118 hic
651 2097 727 2119 non
746 2085 1031 2132 aliquantulum
1046 2085 1167 2120 ridere
1181 2086 1317 2120 belluoe
1332 2084 1447 2118 civilis
1460 2084 1629 2118 vultum?

223 2142 413 2190 Equidem
438 2156 516 2179 non
538 2145 678 2191 loquor
704 2144 750 2179 de
771 2144 932 2192 impuris
962 2145 1158 2191 manibus,
1184 2145 1326 2194 quibus
1350 2146 1537 2180 laceretur
1561 2145 1629 2180 Se—

224 2216 335 2248 neca,
353 2211 394 2239 ut
413 2203 556 2252 aliquis
573 2205 621 2240 ad
637 2205 738 2241 hunc
758 2206 1034 2255 Panegyricum
1053 2207 1140 2251 XC,
1161 2206 1195 2242 6.
1214 2206 1431 2241 Redeamus
1447 2205 1486 2239 in
1504 2204 1627 2249 viam,

225 2262 298 2300 hoc
310 2272 379 2309 est,
390 2265 437 2300 ad
450 2265 615 2301 Plinium
627 2274 662 2301 et
672 2267 962 2303 humanitatem.
975 2269 1031 2302 De
1041 2269 1186 2311 XLIX,
1200 2272 1234 2312 4,
1244 2267 1412 2303 dicemus
1424 2266 1471 2302 ad
1483 2267 1580 2309 LVI,
1594 2278 1629 2300 2.

276 2326 422 2369 XLIX,
444 2326 480 2361 6.
507 2327 648 2361 Plenus
666 2328 747 2374 ipse
770 2335 806 2362 et
822 2336 992 2373 ructans,
1020 2329 1126 2375 quod
1145 2329 1290 2377 placuit
1307 2328 1499 2372 Livineio,
1520 2326 1629 2362 Peri-

227 2387 351 2431 zonio,
368 2388 597 2432 Schwarzio‚
616 2388 708 2424 mihi
726 2401 903 2437 quoque,
922 2402 1002 2425 non
1021 2389 1165 2437 patitur
1180 2390 1310 2425 venire
1329 2389 1369 2424 in
1388 2390 1513 2425 locum
1529 2399 1631 2422 com-

227 2450 345 2496 positi
372 2458 409 2485 et
429 2447 604 2483 ἀσυνδέτου
613 2452 753 2496 plenus
770 2451 849 2497 ipse
868 2458 1048 2485 eructans.

279 2510 427 2555 XLIX,
443 2510 479 2545 8.
500 2511 718 2558 Peregrina?
734 2511 1013 2558 superstitionis
1029 2512 1211 2557 mysteria
1230 2524 1249 2546 e
1268 2511 1348 2546 MS.
1364 2508 1492 2545 Guelf.
1508 2515 1631 2543 mutat

228 2569 266 2603 in
280 2570 510 2615 ministeria,
530 2570 782 2620 intelligitque
798 2583 939 2618 pueros
953 2584 998 2607 ex
1011 2573 1194 2620 AEgypto,
1214 2570 1477 2619 superstitiosa
1495 2568 1633 2617 procul

230 2629 348 2665 dubio
361 2639 483 2678 gente.
500 2632 574 2669 Sed
588 2644 681 2668 num
694 2633 973 2680 superstitionis
987 2646 1119 2671 caussa
1135 2633 1327 2670 arcessiti?
1347 2632 1631 2667 Alexandrinae
