1742 2989
573 193 921 237 EPISTULA
955 195 1021 235 ΙΙ.
1473 188 1499 233 5

97 274 321 334 paululum
339 274 492 317 itinere
511 273 718 317 decedere
740 291 825 317 non
843 273 1156 333 intempestivis
1177 272 1501 331 amoenitatibus

98 347 441 390 admonebamur
469 364 477 389 z
506 363 625 390 acres
650 348 765 390 enim
793 364 906 402 esse,
930 363 1017 390 non
1047 347 1212 398 tristes,
1236 344 1500 388 volebamus.

96 422 186 464 Nec
206 429 268 463 est
287 419 404 480 quod
426 430 573 479 putes,
595 437 663 463 me
684 420 764 463 sub
786 421 866 464 hac
887 420 1142 480 exceptione
1165 420 1335 462 veniam
1360 428 1504 478 postu-

95 493 197 537 lare.
228 496 387 544 Immo,
407 510 494 553 quo
520 494 658 554 magis
680 494 902 536 intendam
926 493 1071 536 limam
1096 502 1236 544 tuam,
1258 490 1504 534 confitebor

96 577 136 610 et
165 568 305 626 ipsum
329 583 397 609 me
423 576 465 609 et
490 566 825 610 contubernales
846 567 900 609 ab
918 566 1108 609 editione
1131 581 1219 608 non
1239 564 1476 607 abhorrere
1493 599 1503 618 ,

96 641 130 682 si
162 640 292 683 modo
323 649 371 683 tu
405 640 586 683 fortasse
616 642 753 683 errori
781 650 930 683 nostro
957 640 1104 683 album
1136 638 1349 682 calculum
1381 637 1502 697 adje-

96 715 217 756 ceris.
238 715 313 756 Est
334 714 448 756 enim
470 713 598 774 plane
619 713 779 774 aliquid
807 713 1046 765 edendum,
1073 722 1202 772 atque
1223 712 1391 755 utinam
1420 711 1504 754 hoc

96 788 396 845 potissimum,
426 786 543 847 quod
574 797 774 847 paratum
807 784 886 830 est!
920 786 1068 848 (audis
1102 785 1274 828 desidiae
1305 783 1504 840 votum,)

97 859 313 903 edendum
336 870 481 904 autem
505 877 556 904 ex
577 860 775 920 pluribus
795 861 954 904 caussis
976 877 983 902 :
1005 861 1192 904 maxime
1215 858 1333 918 quod
1354 857 1506 909 libelli,

96 948 204 992 quos
237 934 480 985 emisimus,
501 933 709 976 dicuntur
743 920 788 975 111
817 934 1019 976 manibus
1049 950 1162 982 esse,
1190 934 1388 993 quamvis
1414 933 1504 992 jam

97 1006 280 1065 gratiam
304 1007 509 1049 novitatis
536 1007 756 1059 exuerint;
776 1007 856 1049 nisi
883 1015 1026 1049 tamen
1049 1006 1226 1049 auribus
1253 1006 1411 1047 nostris
1439 1005 1506 1047 bi-

96 1079 297 1139 bliopolae
317 1079 614 1123 blandiuntur.
641 1079 725 1123 Sed
749 1096 850 1122 sane
870 1079 1175 1131 blandiantur,
1194 1078 1296 1121 (lum
1321 1095 1398 1137 per
1423 1079 1507 1121 hoc

97 1153 374 1196 mendacium
402 1152 525 1196 nobis
551 1152 693 1196 studia
720 1162 868 1195 nostra
897 1152 1221 1195 commendent.
1244 1151 1363 1195 Vale.

98 1281 288 1313 possemus.
308 1268 351 1301 Η.
375 1290 420 1294 -
439 1269 530 1302 Bene
550 1268 697 1300 servavit
712 1280 766 1300 ar-

98 1323 241 1355 ticulum
260 1330 339 1356 ante
354 1324 522 1364 ληκύθους,
541 1322 575 1354 111
594 1322 665 1355 aliis
683 1334 766 1366 quo-

97 1388 164 1420 que
177 1375 384 1408 editionibus
395 1374 513 1408 Cortio
528 1381 714 1418 repertum.
730 1373 763 1406 S.

143 1448 188 1451 —
208 1430 314 1459 Marci
325 1429 434 1459 nostri.
457 1427 534 1471 [pse
558 1425 766 1470 praenomine

97 1480 364 1514 familiaritatem
377 1504 385 1519 ‚
403 1490 478 1524 quae
495 1478 558 1511 sibi
575 1490 655 1512 cum
672 1477 765 1510 Cice-

97 1546 182 1567 rone
196 1532 404 1571 intercedat,
421 1530 590 1577 significat
607 1555 615 1570 ‚
632 1538 670 1563 ut
682 1530 739 1564 ille
756 1542 763 1563 :

104 1587 159 1619 «O
175 1585 251 1618 Tite
263 1610 271 1625 ‚
293 1585 320 1617 si
343 1583 429 1629 quid
448 1597 510 1629 ego
531 1583 654 1630 adjuro
670 1608 679 1623 ,
698 1592 763 1617 etc.

98 1639 259 1673 Gaudent
282 1638 496 1684 praenomine
522 1636 642 1669 molles
673 1637 766 1669 auri-

100 1693 196 1725 culae.
213 1709 228 1720 »ι
242 1691 286 1724 G.

153 1763 201 1766 —
214 1747 374 1785 ληκύθους,
387 1744 438 1775 Ab
449 1744 522 1787 ipso
530 1743 646 1776 Tullio
657 1755 765 1788 quum

101 1798 259 1831 sumserit
281 1802 429 1838 ληκύθους
443 1800 590 1836 Noster,
610 1809 680 1829 non
701 1796 766 1829 du-

100 1851 195 1883 bium
228 1859 276 1884 est
293 1877 302 1890 ‚
335 1851 410 1884 illas
442 1863 479 1884 ea
511 1862 579 1895 qua
608 1848 766 1881 Tullium

100 1903 349 1948 significatione
367 1904 534 1949 posuisse.
558 1903 685 1946 Aperte
707 1913 769 1932 au-

100 1964 169 1989 tem
189 1957 233 1989 ad
252 1957 399 2002 pictores
415 1982 423 1997 ‚
443 1956 501 2001 qui
528 1955 703 2000 pigmenta
729 1952 763 1986 in

100 2009 167 2042 hoc
181 2009 269 2042 vasis
282 2022 406 2055 genere
418 2009 548 2041 habent
561 2033 569 2047 ‚
594 2007 651 2039 ille
664 2006 768 2038 refert

101 2061 146 2094 ad
154 2062 223 2095 Att.
236 2062 293 2095 lib.
304 2064 334 2101 1,
349 2067 402 2102 14,
413 2062 471 2094 ubi
479 2060 521 2093 de
531 2061 654 2093 Crasso
667 2069 674 2090 :
687 2059 769 2090 «To-

101 2121 175 2145 tum
197 2113 290 2147 hunc
308 2114 443 2154 locum,
464 2126 567 2158 quem
596 2124 658 2156 ego
678 2111 768 2143 varie

101 2167 186 2201 meis
210 2167 422 2199 orationibus
442 2166 535 2198 soleo
549 2168 697 2209 pingere,
724 2162 767 2196 de

102 2217 241 2251 flamma
255 2243 263 2257 ,
281 2217 323 2250 de
339 2219 430 2251 ferro
446 2217 555 2260 (nosti
576 2216 651 2249 illas
664 2218 766 2253 ληκύ-

102 2276 169 2309 θους
184 2272 194 2313 )
232 2270 332 2303 valde
371 2270 518 2315 graviter
556 2269 734 2314 pertexuit.
754 2286 767 2297 n

102 2323 224 2356 Nescio
246 2349 254 2362 ‚
283 2336 387 2368 quam
420 2323 508 2354 bene
541 2322 610 2355 huc
644 2322 770 2354 referat

101 2376 286 2409 Cresollius
309 2376 424 2408 dulcia
444 2375 502 2408 illa
518 2376 570 2407 vel
588 2375 770 2419 ecligmata

101 2428 154 2461 vel
171 2428 434 2461 sorbitiunculas
449 2453 456 2467 ‚
472 2428 597 2472 quibus
612 2428 769 2459 laevorem

101 2480 286 2525 quemdam
299 2489 332 2513 et
343 2479 560 2526 splendorem
571 2479 646 2512 voci
658 2479 772 2512 conci-

100 2532 224 2566 liarent
239 2533 414 2577 Sophistae.
426 2531 505 2564 Vid.
524 2531 614 2563 illius
626 2531 768 2563 Theatr.

102 2584 230 2618 rhetor.
247 2586 312 2623 III,
329 2587 367 2619 18
381 2597 388 2624 ;
404 2592 435 2617 et
445 2585 581 2616 Vacatt.
593 2591 770 2615 auctuum.

104 2637 154 2668 ῙΠ
170 2662 177 2675 a
192 2649 211 2680 9
227 2663 235 2677 ,
258 2651 274 2671 2
288 2663 295 2677 ‚
313 2650 346 2682 p.
371 2637 447 2676 504.
464 2636 508 2668 G.
521 2656 565 2660 —-
580 2636 655 2667 Non
676 2636 773 2668 aber-

103 2690 195 2721 rabit
212 2702 230 2721 a
247 2703 347 2723 sensu
362 2715 370 2730 ‚
385 2690 443 2735 qui
457 2691 586 2726 λήκυθον
613 2701 682 2721 11011
699 2696 774 2721 tan-

833 1276 905 1300 tum
919 1271 1087 1311 pigmentis
1098 1294 1107 1306 ,
1128 1268 1188 1301 sed
1204 1277 1236 1301 et
1254 1272 1418 1312 ungnentis
1436 1282 1506 1302 scr-

834 1320 933 1353 viisse
962 1320 1088 1365 cogitet
1112 1332 1120 1353 ε
1146 1333 1227 1353 nam
1255 1328 1286 1351 61
1305 1324 1446 1364 pictam,
1474 1329 1506 1354 et

835 1383 963 1404 unctam
998 1374 1188 1406 orationem
1221 1380 1351 1405 veteres
1383 1373 1505 1406 eodem

833 1425 903 1457 fere
929 1437 1031 1459 sensu
1051 1424 1179 1457 dixere.
1208 1425 1257 1457 De
1284 1433 1430 1470 utroque
1457 1426 1501 1459 cf.

832 1479 913 1510 Lex.
935 1477 1086 1512 technol.
1106 1477 1195 1510 rhet.
1224 1480 1505 1521 voc.pigmema;

827 1534 960 1574 pingere
976 1545 987 1568 ‚·
1007 1539 1128 1561 unctus.
1150 1530 1189 1562 E.
1212 1551 1258 1555 —
1278 1534 1394 1562 Itinere
1416 1534 1505 1562 dece-

834 1587 928 1615 dere:
942 1582 1037 1627 quod
1050 1583 1087 1614 fit
1101 1583 1135 1614 111
1152 1582 1308 1615 oratione
1323 1582 1506 1628 digressiow

832 1635 935 1668 nibus
951 1661 958 1675 ‚
979 1647 1054 1680 quse
1084 1635 1247 1668 varietate
1270 1648 1385 1668 16111111
1413 1635 1505 1669 (1616-

833 1697 950 1728 etant,
966 1696 998 1721 et
1016 1689 1113 1732 quasi
1136 1687 1295 1720 reficiunt
1316 1688 1478 1721 lectorem
1496 1714 1503 1727 ‚

834 1751 871 1775 ut
904 1742 1060 1773 locorum
1092 1743 1292 1772 ama-nicam
1321 1741 1502 1774 viatorem.

833 1795 942 1829 Simili
967 1793 1167 1837 metaphora
1188 1793 1306 1825 Livius
1337 1794 1386 1826 IX
1408 1818 1418 1833 ,
1443 1805 1502 1836 17:

835 1860 960 1880 amoena
973 1847 1142 1886 legentibus
1156 1847 1341 1877 diverticula
1353 1845 1448 1878 dixit.
1464 1846 1500 1878 Ε.

875 1920 919 1923 d
931 1902 1028 1929 Actes
1039 1900 1120 1928 enim
1131 1911 1204 1935 esse,
1218 1911 1280 1928 non
1293 1901 1404 1933 tristes,
1418 1901 1505 1929 vole<

837 1955 958 1984 bamus.
975 1955 1090 1983 Acrem
1105 1950 1184 1982 dicit
1198 1976 1206 1990 ‚
1218 1951 1278 1996 qui
1289 1951 1334 1984 ita
1346 1959 1396 1984 est
1408 1964 1420 1983 1
1430 1951 1507 1983 ehe-

836 2016 933 2036 mens
949 2012 981 2036 et
1001 2015 1137 2036 severus
1155 2003 1189 2035 111
1206 2004 1361 2038 oratione
1374 2030 1382 2043 ,
1401 2012 1438 2037 ut
1456 2013 1506 2037 ta—

837 2070 914 2089 men
928 2069 946 2089 a
962 2055 1146 2101 splendore
1161 2081 1169 2095 ,
1184 2063 1215 2088 61
1229 2057 1323 2089 cultu
1339 2057 1458 2090 la‘tiori
1475 2066 1503 2089 et

833 2108 1032 2154 jucundiori
1049 2122 1118 2141 11011
1134 2109 1337 2148 abhorream
1353 2122 1422 2154 quo
1435 2123 1508 2143 sen-

837 2176 876 2195 su
904 2163 1012 2195 Graeci
1043 2161 1201 2194 dixerunt
1229 2166 1264 2196 τὸ
1298 2161 1392 2209 δριμὺ
1414 2187 1424 2203 ‚
1453 2164 1504 2196 vel

837 2215 1036 2262 δριμύτητα,
1054 2227 1159 2260 quam
1172 2215 1328 2248 Eustath.
1346 2215 1388 2248 ad
1401 2216 1505 2249 Hom.

837 2269 879 2301 Il.
903 2283 936 2314 γ,
950 2281 984 2313 p.
1001 2269 1081 2309 433,
1097 2267 1419 2312 31131111111111610165
1434 2282 1505 2301 esse

838 2323 986 2356 ἐπίτασιν
1015 2325 1072 2359 ri:
1108 2324 1315 2366 γλυκύτητος.
1351 2322 1480 2351 Tristem
1497 2346 1506 2358 ,

839 2387 970 2419 semper
985 2381 1017 2405 et
1031 2374 1194 2406 continuo
1210 2386 1380 2411 severum,
1397 2373 1508 2405 horri-

838 2426 920 2459 dum
935 2451 944 2465 ‚
960 2426 1116 2470 nihilque
1135 2426 1275 2458 dantem
1289 2425 1507 2457 delectationi

838 2486 896 2510 aut
907 2477 1087 2511 venustati.
1100 2480 1154 2512 Cf.
1164 2479 1261 2524 epist.
1277 2479 1322 2518 ll,
1336 2478 1353 2510 5
1366 2489 1375 2517 ;
1389 2484 1422 2510 61
1434 2478 1506 2510 Cic.

838 2531 935 2563 Brut.
950 2532 1004 2571 30,
1016 2531 1074 2563 ubi
1086 2534 1171 2563 triste
1182 2539 1211 2563 et
1222 2543 1360 2562 severum
1372 2529 1506 2564 dicendi

839 2595 946 2628 genus
959 2583 1129 2629 jungitur.
1150 2584 1187 2615 E.
1213 2604 1252 2606 β
1267 2582 1349 2615 Vid.
1371 2583 1504 2615 Ernest.

840 2636 1181 2669 Lex.Techn.Graec.
1199 2635 1337 2668 Rlietor.
1348 2649 1382 2669 v.
1396 2638 1506 2681 Δριμΰ,

840 2691 1009 2735 Δριμύτης.
1030 2690 1063 2722 S.

1528 430 1544 462 U'l
