1742 2989
512 176 860 219 EPISTULA
903 178 1126 220 xxxii.

1433 181 1520 225 ‘585

120 259 279 311 Vastus
307 254 393 299 illic
424 254 596 315 fragor,
625 272 871 317 canumque
902 258 1016 300 eirca
1046 273 1178 301 mare.
1215 261 1336 303 Saxis
1365 260 1522 305 deinde

117 328 217 389 pilae
241 328 534 389 adjiciuntur,
562 345 659 388 quae
684 329 939 390 procedenti
966 341 1164 392 tempore
1194 343 1365 378 enatam
1390 336 1523 379 insu—

119 401 206 445 lam
228 402 468 445 imitentur.
492 401 682 445 Habebit
703 402 774 446 hie
797 414 949 463 portus
969 405 1099 448 etiam
1123 421 1283 449 nomen
1308 410 1522 461 auctoris,

115 475 286 534 eritque
307 472 376 517 vel
400 474 588 518 maxime
611 474 825 519 salutaris.
850 477 965 521 Nam
993 494 1070 537 per
1095 476 1397 538 longissimum
1423 497 1521 541 spa-

118 547 225 590 tium
249 546 350 590 litus
377 546 698 606 importuosum
725 548 808 593 hoc
834 549 1109 610 receptaculo
1142 560 1302 595 utetur.
1325 552 1446 597 Vale.

167 682 219 714 17.
233 672 329 702 Saxis
340 672 416 712 pilae
436 673 642 714 adjiciuntur.
662 671 703 704 Id
718 681 767 705 est
778 698 786 712 ,

114 730 294 756 structurae
305 749 314 764 ,
329 723 365 754 in
377 723 540 756 lateribus
553 724 654 757 molis
673 737 712 757 ex
728 737 788 757 cae-

113 775 239 808 mentis
248 800 257 815 ‚
267 775 361 807 calce
370 797 378 809 ‚
393 783 425 808 et
434 775 575 821 pulvere
586 776 789 811 Puteolano.

114 840 201 873 quas
220 827 444 861 disertissime
464 827 627 861 describit
643 829 786 862 Vitr.V.

116 892 167 912 12.
182 880 300 921 Quum
319 880 411 913 enim
430 879 490 913 illa
510 893 551 913 ex
569 881 709 925 pulvere
724 882 788 915 Pu-

113 932 254 965 teolano
269 939 440 965 structura
458 932 527 966 hoc
544 932 685 973 habeat,
701 942 737 965 ut
752 935 786 967 in

111 996 203 1030 aqua
230 984 341 1029 magis
367 984 546 1029 magisque
567 984 765 1019 indurescat
777 1012 784 1022 ,

112 1037 220 1070 moles
230 1036 404 1083 ejusmodi
417 1038 596 1082 paullatim
609 1038 645 1070 in
658 1050 784 1072 saxosae

112 1089 231 1122 insulae
260 1097 420 1122 naturam
449 1089 651 1122 mutabitur.
673 1090 717 1124 G.
740 1113 785 1117 —

112 1141 318 1187 Conf.Virg.
332 1143 410 1174 AEn.
423 1142 487 1181 IX,
499 1154 580 1186 710,
593 1144 785 1188 sqq.«Qua·

112 1194 152 1227 lis
167 1194 202 1226 in
216 1194 372 1227 Euboico
389 1195 549 1228 Baiarum
563 1195 662 1228 litore
677 1207 785 1241 quon-

111 1245 190 1278 dam
205 1246 312 1279 Saxea
323 1246 390 1291 pila
403 1246 494 1279 eadit
507 1259 515 1286 ;
530 1248 664 1292 magnis
676 1261 782 1294 quam

111 1298 259 1331 molibus
293 1307 371 1332 ante
404 1300 644 1333 Constructam
673 1308 780 1345 ponto

105 1351 119 1396 j
125 1351 313 1385 aciunt.»S.

158 1405 334 1435 -Nomen
345 1407 494 1436 auctoris.
508 1405 649 1451 Trajani
662 1413 782 1450 portus

111 1453 326 1499 aliquamdiu
344 1455 456 1490 dictus
475 1464 525 1489 est
537 1481 546 1496 ,
566 1456 626 1490 sed
652 1460 783 1490 Centum

855 675 1012 706 cellarum
1036 687 1164 708 nomen
1182 688 1262 708 mox
1286 677 1430 712 rediisse
1443 705 1452 720 ,
1471 682 1523 713 vel

853 726 967 759 Rutilii
990 726 1067 760 loco
1094 728 1197 761 citato
1223 738 1364 763 constat.
1393 732 1526 766 Accidit

854 778 910 811 hic
935 779 1086 826 Trajano
1101 805 1110 821 ‚
1137 781 1233 826 quod
1261 795 1349 828 saepe
1371 784 1444 816 aliis
1459 810 1467 824 ‚
1489 794 1523 817 ut

854 830 1084 866 desideratam
1112 834 1257 879 gloriam
1285 837 1412 880 posteri
1443 837 1526 870 invi-

853 883 959 917 deant
973 886 1033 930 qui
1047 893 1186 931 propter
1205 887 1406 933 frequentes
1421 889 1525 934 ipsius

853 936 887 968 in
899 938 1006 970 inuris
1015 939 1236 983 publicorum
1250 953 1395 986 operum
1409 942 1526 975 titulos

852 990 949 1020 herba
967 993 1150 1031 parietur-ia
1176 1004 1195 1024 a
1221 993 1450 1027 Constantino
1474 995 1522 1028 M.

851 1040 963 1074 dictus
990 1043 1052 1083 sit,
1085 1051 1168 1077 teste
1196 1045 1281 1078 Aur.
1312 1046 1404 1079 Vict.
1432 1047 1521 1091 Epit.

850 1094 949 1133 XLI,
976 1096 1026 1128 13.
1053 1095 1144 1129 Add.
1172 1097 1344 1130 Ammian.
1366 1099 1521 1133 Marcell.

849 1146 1004 1186 XXVII,
1035 1147 1068 1187 3,
1095 1161 1176 1194 pag.
1200 1151 1279 1183 523.
1301 1150 1346 1183 G.
1362 1172 1407 1175 —
1423 1153 1520 1184 Rom.

850 1214 863 1226 «
878 1198 940 1231 Hic
953 1207 1076 1244 portus
1089 1200 1194 1234 habet
1208 1202 1310 1235 etiam
1323 1216 1451 1236 nomen
1465 1216 1524 1236 au-

848 1251 966 1291 ctoris,
981 1251 1113 1298 eritque
1124 1255 1271 1286 maxime
1282 1254 1520 1289 salutaris-H.

847 1303 990 1336 —Bene
1005 1304 1141 1338 Cortius
1155 1318 1195 1338 ex
1210 1306 1306 1339 libris
1319 1308 1389 1340 suis
1402 1319 1410 1340 ε
1431 1325 1443 1337 ιι
1455 1308 1523 1341 Ha-

847 1354 941 1388 bebit
951 1356 1007 1389 hic
1018 1364 1139 1402 portus
1150 1366 1181 1390 et
1190 1360 1261 1404 jam
1272 1358 1377 1392 habet
1391 1372 1519 1394 nomen

849 1409 1011 1441 auctoris.
1026 1426 1040 1438 n
1058 1409 1155 1442 Idem
1170 1411 1205 1443 in
1223 1411 1374 1445 editione
1389 1425 1451 1445 sua
1468 1426 1521 1445 rs·-

848 1455 937 1500 cepit
950 1455 1132 1501 Gierigius.
1148 1458 1180 1490 S.

111 1585 1206 1604 §mmmmmxtnuznsssvzmwuw§.m-„xtu-stwszw
1213 1595 1469 1608 ιιπψιςικιιὶι
1478 1598 1513 1608 xz

661 1722 966 1777 XXXII.

111 1861 279 1899 Nubenti
297 1863 521 1909 Quintiliani
544 1864 628 1900 filiae
649 1864 752 1901 dono
775 1866 889 1902 offert
910 1870 940 1903 L
964 1867 1078 1903 millia
1101 1880 1308 1905 nummum.
1332 1871 1518 1920 Exiguum

163 1927 197 1963 ei
215 1927 482 1964 munusculum
500 1928 716 1974 videbatur,
733 1930 799 1966 scd
819 1939 856 1966 et
871 1931 1167 1968 mediocritatem
1186 1933 1266 1982 ejus
1286 1934 1335 1971 ita
1353 1945 1518 1980 excusat,

163 2001 204 2029 nt
225 1993 502 2039 Quintilianum
523 1994 661 2031 laudet.
679 1998 746 2032 En.

342 2126 380 2153 C.
421 2125 657 2153 PLINIUS
691 2126 1085 2162 QUINTILIANO
1120 2130 1223 2158 SUO
1260 2132 1291 2159 S.

175 2238 399 2294 QUAMVIS
429 2247 472 2281 et
499 2240 591 2299 ipse
621 2240 677 2282 sis
709 2241 1134 2297 continentissimus,
1159 2254 1203 2287 et
1227 2245 1361 2288 filiam
1396 2256 1514 2291 tuam

112 2310 170 2353 ita
203 2311 470 2363 institueris,
500 2321 550 2354 ut
581 2311 763 2356 decebat
794 2312 929 2356 filiam
957 2324 1104 2368 tuam,
1129 2317 1277 2360 Tutilii
1312 2328 1515 2378 neptem3

109 2398 247 2442 quum
267 2392 413 2425 tamen
437 2383 493 2426 sit
511 2394 703 2444 nuptura
726 2386 1031 2432 honestissimo
1055 2391 1172 2441 viro.
1191 2392 1336 2436 Nonio
1355 2392 1518 2446 Celeri,
1552 2398 1605 2444 >4

155 2500 302 2532 XXXII.
319 2511 349 2532 1.
368 2503 408 2531 Ut
420 2502 551 2532 decebat
561 2526 681 2532 ......
700 2531 703 2533 .
722 2527 728 2533 .
745 2528 751 2534 .
769 2527 774 2534 .

108 2561 246 2594 neptem.
261 2552 316 2585 Sic
332 2558 364 2584 et
378 2553 475 2584 Rom.
493 2552 536 2584 H.
549 2553 695 2586 —Alter
712 2567 784 2587 ver-

111 2604 236 2636 borum
250 2603 337 2637 ordo
352 2617 370 2637 e
384 2603 472 2637 libro
492 2603 648 2638 Mediceo
667 2614 782 2639 enota-

112 2667 166 2694 us,
187 2664 245 2688 «ut
259 2655 403 2689 decebat
419 2664 513 2689 tuam
529 2656 650 2695 filiam,
665 2659 785 2691 Tutilii

304 2724 343 2764 I.

849 2512 983 2550 neptem
995 2531 1004 2546 ‚
1015 2523 1031 2534 n
1042 2507 1290 2552 oppositionem
1299 2511 1394 2552 juvat
1407 2534 1414 2548 ,
1427 2509 1518 2543 ideo-

848 2569 916 2602 que
931 2559 1165 2603 praeferendus
1182 2559 1330 2592 videtur.
1350 2561 1385 2593 S.
1399 2582 1441 2586 -—
1455 2565 1518 2593 No-

848 2612 935 2641 nium
959 2613 1094 2643 Celerem
1120 2610 1278 2645 eumdem
1303 2624 1375 2646 esse
1395 2622 1517 2658 putant

848 2674 949 2706 quern
980 2663 1132 2696 Martial.
1153 2664 1242 2702 VH,
1266 2664 1356 2710 epig.
1392 2665 1449 2703 51,
1474 2667 1517 2699 :iit

1269 2728 1322 2772 25
