1742 2989
513 215 859 259 EPISTULA
889 215 1078 256 XXIX.
1408 214 1494 274 1377

99 295 152 338 ad
177 293 454 355 exemplum?
480 295 597 352 Quia
621 295 858 356 plurimum
882 295 1036 350 refert,
1058 294 1223 337 bonum
1251 310 1306 336 an
1332 294 1494 337 malum

99 367 395 411 induceretur.
425 367 494 411 Ad
527 368 619 412 haec
648 386 728 429 ego
765 385 924 429 genera
959 383 1239 420 caussarum,
1272 368 1499 411 ambitiose
1524 367 1542 399 3

100 439 307 494 fortasse,
339 440 495 483 addam
526 450 670 484 tamen
701 442 837 485 claras
867 451 909 485 et
942 441 1139 484 illustres.
1164 441 1352 500 AEquum
1384 441 1499 483 enim

98 522 164 556 est
185 529 314 574 agere
332 530 420 556 non
438 530 662 574 nunquam
681 515 827 575 gloriae
850 525 892 558 et
912 515 1053 566 famae,
1074 513 1116 555 id
1139 522 1225 568 est,
1241 530 1363 556 suam
1386 530 1500 557 caus-

100 603 204 629 sam.
233 589 321 630 Hos
345 588 576 640 terminos,
602 590 704 648 quia
730 606 797 632 ine
822 587 1104 641 consuluisti,
1125 586 1327 646 dignitati
1355 602 1405 630 ac
1425 603 1498 630 ve-

99 660 317 703 reeundiae
347 669 432 703 tuae
461 654 618 704 statuo.
647 663 739 706 Nec
767 678 835 704 me
866 661 1083 722 praeterit,
1108 676 1234 702 usum
1266 668 1308 701 et
1337 674 1427 701 esse
1457 668 1500 701 et
1526 651 1543 686 ’Ξ

99 731 251 775 haberi
277 733 495 792 optimum
521 734 693 778 dicendi
714 735 985 795 magistrum.
1001 732 1142 776 Video
1165 733 1318 785 etiam,
1341 731 1499 776 multos

99 820 235 863 parvo
256 804 456 865 ingenio,
479 806 614 850 literis
636 807 785 859 nullis,
806 817 852 850 ut
869 808 978 850 bene
995 814 1198 865 agerent,
1214 804 1383 865 agendo
1404 820 1502 847 con—

100 887 318 937 sequutos.
335 878 418 922 Sed
432 889 473 922 et
494 878 620 933 illud,
636 880 753 940 quod
768 879 834 923 vel
852 879 1080 928 Pollionis,
1093 877 1159 921 vel
1181 887 1388 936 tanquam
1408 876 1502 919 Pol·
1533 878 1545 905 3

99 949 228 993 lionis
264 953 435 1012 accepi,
471 953 742 996 verissimum
773 954 973 1014 experior
1010 970 1017 994 ε
1056 951 1291 996 Commode
1328 951 1503 1011 agendo

84 1024 268 1082 scaenam
301 1036 367 1068 est
380 1061 391 1079 ,
421 1036 471 1068 ut
492 1043 616 1088 scepe
643 1043 819 1086 agerem
854 1043 865 1068 .·

100 1095 329 1139 commode
357 1114 369 1139 :

898 1042 1024 1087 saepe
1049 1023 1229 1084 agendo
1244 1059 1254 1076 ,
1284 1034 1331 1067 ut
1361 1026 1505 1066 mistus

401 1099 502 1157 quia
532 1098 694 1142 scilicet
721 1099 971 1142 assiduitate
998 1098 1131 1140 nimia
1160 1094 1343 1139 facilitas
1369 1097 1504 1156 magis

102 1184 234 1227 quani
261 1168 467 1224 facultas,
496 1187 576 1214 nec
603 1171 783 1225 fiducia,
814 1171 887 1215 sed
916 1170 1136 1213 temeritas
1154 1204 1164 1224 ,
1194 1178 1387 1229 paratur.
1415 1170 1505 1213 Nec
1528 1169 1547 1199 ‘3

104 1257 205 1284 vero
233 1243 440 1296 Isocrati,
469 1260 555 1303 quo
581 1245 725 1287 minus
752 1244 988 1287 haberetur
1020 1259 1214 1286 summus
1240 1252 1412 1297 orator,
1439 1241 1503 1284 of-

104 1313 227 1370 fecit,
252 1315 371 1374 quod
402 1316 657 1361 infirmitate
683 1319 801 1360 vocis
818 1353 828 1371 ,
853 1316 1033 1360 mollitie
1060 1316 1215 1358 frontis
1232 1350 1243 1368 ,
1271 1331 1323 1357 ne
1350 1316 1393 1357 in
1426 1331 1504 1374 pu-

104 1386 218 1430 blico
242 1387 425 1443 diceret,
448 1389 780 1449 impediebatur.
796 1389 984 1434 Proinde
1002 1388 1190 1431 multum
1210 1387 1326 1448 lege,
1349 1388 1506 1441 scribe,

105 1458 336 1513 meditare,
354 1470 402 1504 ut
423 1462 582 1520 possis,
600 1479 736 1521 quum
754 1462 890 1515 voles,
905 1462 1074 1517 dicere;
1092 1461 1225 1514 dices,
1246 1477 1381 1520 quum
1400 1459 1506 1502 velle

105 1530 294 1576 debebis.
310 1534 404 1576 Hoc
426 1533 515 1577 fere
542 1544 938 1595 temperamentum
963 1536 1054 1594 ipse
1076 1534 1254 1577 servavi.
1269 1534 1369 1577 Non
1394 1549 1506 1576 nun·
1535 1549 1550 1575 7

145 1723 161 1743 2
169 1737 176 1742 .
187 1713 269 1752 Quia
276 1713 448 1753 plurimum
458 1714 561 1755 refert.
573 1713 627 1746 Sic
635 1720 667 1745 et
678 1714 774 1746 Rom.

108 1762 187 1795 Ald.
201 1764 328 1806 referet,
350 1776 412 1807 pro
428 1766 574 1807 referret,
596 1765 691 1810 quod
708 1778 777 1799 me-

60 1826 63 1828 *
108 1815 173 1848 rito
186 1824 387 1848 revocatum
401 1824 462 1848 est.
479 1816 522 1848 H.
534 1818 616 1848 ——A
634 1818 753 1852 Cortio
765 1845 774 1858 ‚

109 1879 212 1912 quem
233 1867 404 1913 Gierigius
418 1869 495 1914 jure
519 1870 683 1915 sequitur.
709 1871 775 1903 Mi-

109 1932 179 1960 ror,
193 1919 384 1953 Gesnerum
397 1922 493 1964 refiert
506 1921 594 1954 ferre
610 1923 773 1966 potuisse.

109 1972 143 2006 S.
159 1992 203 1997 -—
219 1977 341 2005 Bonum
362 1986 403 2005 an
424 1976 543 2005 malum
564 1976 774 2006 induceretur.

110 2025 207 2057 Rom.
219 2029 342 2057 Bonum
352 2039 394 2057 an
402 2029 521 2057 malum
530 2028 696 2065 diceretur,
708 2040 778 2060 cor-

112 2085 222 2121 rupte.
237 2077 281 2109 H.

160 2130 191 2162 3.
208 2132 347 2172 AEqnum
364 2133 446 2163 enim
464 2141 518 2163 est.
535 2132 710 2164 Praestaret
722 2132 778 2165 hic

113 2180 198 2213 ordo
215 2193 222 2213 2
240 2185 379 2224 [Equum
393 2193 438 2214 est
449 2185 540 2214 enim.
556 2184 634 2216 fflox
645 2187 776 2227 glorice,

103 2234 223 2276 famoe,
246 2234 385 2278 genitivi
401 2242 492 2267 sunt.
508 2236 542 2269 S.
555 2256 599 2260 -—
612 2239 731 2269 Gloria·
751 2246 780 2268 et

103 2286 227 2327 samm,
252 2294 316 2318 etc.
341 2287 437 2319 Rom.
459 2287 607 2320 «Gloriae
627 2298 660 2321 et
683 2290 778 2321 famae

114 2336 205 2369 idem
233 2337 389 2382 dignitati
415 2351 454 2372 ac
476 2340 690 2374 verecundiae
715 2349 779 2373 tuae

114 2390 230 2422 statui.
245 2408 258 2418 ι»
278 2390 386 2423 Multa
410 2392 533 2424 omissa
559 2401 656 2434 sunt,
676 2394 755 2439 quia
770 2419 778 2433 ‚

116 2450 152 2474 ut
169 2443 305 2475 Cortius
322 2451 438 2487 putat,
459 2444 491 2476 in
512 2444 606 2477 libris
623 2447 686 2478 fuit
700 2458 707 2478 :
721 2463 735 2473 υ
746 2445 779 2478 id

116 2503 164 2527 est
177 2495 228 2540 [ex
241 2495 305 2527 hoc
321 2496 449 2528 facturn
465 2497 557 2541 idem]
575 2510 670 2531 suam
683 2511 781 2532 caus-

117 2560 201 2580 sam.
222 2547 292 2580 Hos
313 2549 475 2582 terminos
490 2574 498 2589 ‚
518 2550 599 2594 quia
624 2563 677 2584 me
699 2563 780 2583 con-

117 2600 268 2640 suluisti,
292 2600 369 2633 item
390 2601 546 2647 dignitati
562 2614 601 2634 ac
620 2616 781 2636 verecun-

117 2650 180 2683 diae
201 2660 265 2685 tuae
291 2661 416 2687 statuo.
430 2672 442 2682 ι»
460 2655 511 2687 Ita
527 2663 687 2700 apparet,
704 2669 778 2702 qil-'e

118 2704 308 2737 omissionis
328 2719 446 2740 caussa
462 2707 575 2740 fuerit.
592 2708 634 2741 H.

888 1719 920 1754 4.
945 1717 1039 1745 Usum
1067 1723 1098 1744 et
1122 1726 1185 1744 esse
1214 1722 1245 1744 et
1268 1715 1389 1744 haberi.
1412 1713 1507 1744 Rom.

842 1779 929 1797 usum
945 1779 1008 1797 esse
1027 1776 1057 1796 et
1071 1767 1191 1797 haberi.
1212 1764 1255 1797 H.

888 1818 920 1851 5.
938 1819 985 1851 De
1000 1819 1144 1849 Pollione
1156 1816 1227 1850 vid.
1239 1816 1282 1849 ad
1293 1817 1339 1857 V,
1355 1818 1452 1862 epist.
1474 1816 1507 1854 3,

844 1873 875 1904 5.
899 1871 967 1903 En.
983 1891 1028 1895 —-
1044 1873 1101 1902 Vel
1120 1880 1294 1913 tanquam,
1319 1877 1384 1902 etc.
1407 1870 1508 1902 Rom.

845 1927 902 1955 Vel
909 1934 1063 1966 tanquam
1074 1925 1226 1955 Pollionis
1244 1933 1400 1966 tauquam
1412 1924 1511 1954 veris-

842 1979 966 2008 simum.
988 1976 1033 2008 H.
1047 1996 1093 2000 —
1112 1978 1263 2007 Facilitas
1293 1978 1412 2019 magis,
1442 1982 1506 2008 etc.

842 2030 936 2061 Rom.
948 2031 1101 2061 Facilitas
1117 2031 1217 2072 magis
1231 2042 1328 2071 (fliam
1341 2030 1487 2060 doctrina
1499 2053 1508 2065 ,

843 2083 1043 2126 necfiducia.
1058 2081 1101 2113 H.

891 2136 923 2167 6.
936 2135 1060 2177 offecit,
1073 2137 1175 2176 quod,
1189 2141 1254 2166 etc.
1266 2135 1362 2166 Rom.
1375 2134 1507 2176 Effecit,

845 2189 934 2229 quod
946 2188 1130 2231 infirmitate
1147 2189 1254 2223 vocis,
1276 2186 1510 2228 mollitiasron-

845 2241 893 2271 tis.
905 2239 1276 2282 H.—.³⁷}Iollitiefi·onti5.
1287 2236 1486 2270 Timiditate
1499 2248 1509 2276 ;

844 2290 940 2336 quod
961 2292 995 2323 in
1025 2291 1135 2324 fronte
1161 2290 1311 2323 hominis
1330 2289 1510 2322 manifesta

845 2343 970 2385 animi,
989 2343 1157 2388 praecipue
1176 2342 1317 2389 pudoris
1334 2342 1386 2373 vel
1402 2341 1509 2385 impu—

846 2394 968 2428 dentiae
979 2395 1103 2429 indicia
1114 2408 1186 2428 esse
1199 2402 1373 2440 putantur.
1390 2393 1510 2426 Cicero

846 2449 880 2480 iu
909 2449 1056 2481 [socrate
1078 2451 1235 2491 pudorem
1254 2455 1285 2479 et
1310 2447 1508 2478 timiditatem

846 2503 1015 2543 iugenuam
1032 2500 1129 2533 dixit.
1147 2501 1187 2532 E.

891 2573 934 2577 —
947 2555 1037 2584 Dices
1053 2567 1148 2595 quum
1161 2554 1244 2583 »velle
1259 2553 1390 2582 debebis.
1412 2551 1507 2589 Rom„

847 2607 937 2637 Dices
953 2618 1021 2636 cum
1037 2608 1120 2637 'velle
1135 2606 1268 2635 debebis.
1287 2602 1328 2634 H.
1340 2623 1384 2627 -——-
1398 2602 1507 2635 Cleer.

844 2658 916 2689 Off.
931 2659 959 2695 I,
977 2670 987 2689 1
998 2682 1006 2696 ‚
1017 2660 1125 2694 disces,
1143 2658 1295 2699 quamdiu
1308 2658 1415 2691 volem
1429 2663 1509 2688 tan]-

844 2709 903 2743 diu
917 2717 1030 2743 autem
1047 2709 1132 2741 velli·
1148 2708 1301 2741 debr-bis,
1317 2714 1379 2740 etc.
1396 2708 1458 2740 ΕΙ).
