1742 2989
612 191 961 234 EPISTOLA
995 191 1056 231 ΙΙ.

1441 189 1525 250 327

135 269 169 310 si
191 283 215 310 a
237 266 447 326 petitore,
465 264 646 308 alterum
663 300 673 319 ‚
697 266 731 308 si
751 281 775 308 a
798 281 1041 326 possessore
1062 273 1171 307 esset
1190 273 1367 307 acturus
1385 282 1392 307 :
1412 266 1531 325 quod

134 341 367 386 candidum
391 340 606 401 splenium
633 340 677 383 in
696 340 780 384 hoc
802 351 877 384 aut
900 342 943 384 in
965 339 1072 383 illud
1094 338 1375 399 supercilium
1390 350 1564 400 -trans-s.

134 415 300 458 ferebat
328 432 338 459 :
366 414 484 475 quod
518 430 690 473 semper
725 415 946 474 aruspices
977 411 1232 456 consulebat
1264 411 1317 455 de
1349 413 1531 456 actionis

133 497 313 542 eventu,
337 487 440 547 a—njli
471 486 804 548 superstitione,
833 486 907 530 sed
945 496 1090 529 tamen
1119 494 1162 528 et
1196 502 1220 528 a
1246 501 1406 544 magno
1435 495 1529 528 stu-

132 560 303 604 diorum
333 562 498 604 honore
526 560 739 603 veniebat.
768 563 863 604 Jam
892 558 964 602 illa
990 574 1200 619 perquam
1222 557 1417 617 jucunda
1444 574 1529 600 una
1556 568 1574 601 3

132 633 398 687 dicentibus,
425 633 540 693 quod
567 633 699 688 libera
726 643 922 693 tempora
946 632 1142 692 petebat,
1159 631 1278 691 quod
1304 630 1530 673 audituros

133 706 403 766 corrogabat.
424 707 544 763 Quid
571 708 686 749 enim
707 707 970 767 jucundius,
997 722 1127 766 quam
1152 705 1232 748 sub
1259 704 1437 747 alterius
1469 706 1532 746 in-

132 778 271 834 vidia,
290 779 501 840 quamdiu
526 779 654 831 velis,
679 790 721 823 et
747 782 791 822 in
817 779 960 823 alieno
986 778 1204 822 auditorio
1229 777 1351 837 quasi
1379 777 1530 836 depre-

131 852 314 897 hensum
343 853 570 897 commode
599 853 772 896 dicere?
796 853 881 897 Sed
909 863 1133 912 utcunque
1165 868 1208 894 se
1233 851 1398 893 habent
1424 850 1503 892 ista
1521 884 1531 901 .
1557 861 1576 895 ίι

130 1018 207 1038 rum
224 1005 327 1038 etiam
344 1006 404 1051 qui
425 1006 458 1038 in
480 1005 660 1052 publicum
677 1005 795 1051 prodi-

131 1057 260 1095 derent‚
274 1071 342 1091 nou
356 1059 521 1104 refugisse
533 1058 796 1096 medicamenta,

131 1123 205 1155 quae
219 1111 426 1152 linerentur‚
449 1119 542 1144 notat
560 1114 660 1156 jocus
676 1111 732 1143 ille
751 1111 798 1144 Si-

130 1163 211 1196 cinii
227 1163 320 1208 apud
335 1164 535 1197 Ciceronem
548 1164 654 1196 Bruto
668 1176 698 1196 c.
715 1164 775 1195 LX
787 1189 795 1204 ,

128 1215 163 1247 in
189 1216 253 1248 Cn.
276 1218 460 1250 Octavium
489 1216 663 1249 consulem
679 1228 687 1248 ε
713 1216 796 1261 «qui

129 1267 310 1302 devinctus
344 1278 416 1303 erat
448 1270 562 1302 fasciis
580 1294 588 1308 ,
619 1277 651 1301 et
680 1269 797 1301 multis

129 1320 386 1354 medicamentis
409 1330 548 1367 propter
572 1321 726 1354 dolorem
742 1333 797 1352 ar-

129 1380 227 1406 tuum
243 1374 418 1407 delibutus
430 1401 438 1416 ,
453 1382 538 1407 etc.»
560 1382 591 1406 et
606 1373 773 1406 Martialis
786 1398 795 1413 ,

127 1425 187 1469 qui
204 1426 270 1466 XI,
285 1438 328 1470 99
340 1453 348 1467 ‚
366 1435 469 1472 negat
485 1425 649 1459 adversus
670 1426 797 1471 impor-

125 1485 227 1511 tunos
242 1479 428 1512 basiatores
444 1478 608 1524 prodesse
625 1481 715 1510 labra
724 1480 796 1521 pizz-

123 1533 182 1573 gui
191 1533 332 1563 delibuta
348 1542 464 1563 ceroto.
480 1532 529 1564 De
543 1533 675 1575 Spleniis
690 1531 796 1564 multa

127 1591 206 1616 sunt
219 1583 313 1630 apud
327 1584 488 1617 eumdem
498 1583 794 1617 Martialem.Vid.

126 1636 333 1670 Ramiresius
357 1637 401 1670 ad
426 1638 460 1670 ΙΙ
475 1663 483 1677 ,
520 1650 561 1681 29
575 1662 583 1677 ‚
612 1649 691 1682 pag.
718 1637 793 1669 168.

126 1688 286 1722 Gorraeus
304 1689 426 1723 definit
436 1715 445 1730 ‚
465 1689 645 1723 linteolum
660 1689 713 1722 vel
730 1701 798 1721 em-

114 1739 317 1785 plastrum,
340 1754 547 1787 quacunque
572 1743 682 1774 forma
707 1742 796 1783 (non

127 1795 242 1834 splenis
262 1801 417 1833 tantum,
443 1793 536 1826 unde
561 1793 710 1836 dictum)
728 1805 798 1838 quo

127 1853 306 1890 exceptum
330 1846 383 1878 vel
410 1846 537 1878 illitum
569 1845 798 1878 medicamen-

128 1904 201 1929 tum
226 1897 423 1932 adhibetur.
456 1898 499 1931 G.
514 1919 560 1923 ———
574 1900 672 1930 Rom.
698 1900 796 1929 Modo

128 1951 287 1981 sinistrum
306 1953 566 1982 circumliniebat.
587 1950 629 1982 H.
639 1970 684 1974 —
695 1950 796 1983 Conf.

129 2001 300 2035 Drakenb.
324 2002 368 2036 ad
392 2002 469 2036 Liv.
494 2004 574 2036 XXI
587 2028 595 2043 ‚
621 2003 641 2035 8
655 2028 664 2042 ‚
689 2015 740 2035 10.
761 2002 795 2036 S.

129 2058 350 2098 —Aruspz‘ces
379 2059 573 2088 consulebat.
595 2055 698 2096 Quod
723 2054 797 2088 aliis

128 2119 266 2152 quoque
283 2108 317 2141 in
336 2109 440 2141 rebus
469 2108 610 2141 solebat.
628 2108 710 2141 Vid.
739 2109 772 2140 II
786 2133 795 2147 ,

132 2172 186 2199 20,
202 2164 220 2200 4
232 2186 241 2201 ‚
255 2173 324 2205 quo
336 2160 413 2194 loco
425 2160 470 2194 ad
484 2161 673 2194 fallendum
687 2173 795 2206 quum

128 2211 340 2252 adhibuerit3
356 2213 428 2245 fleri
445 2221 574 2259 potest,
593 2222 627 2246 ut
642 2226 711 2246 non
726 2221 796 2245 tam

128 2265 359 2309 superstitioni
375 2266 478 2306 anili,
495 2279 596 2311 quain
609 2266 796 2312 j‘ictatione

128 2316 278 2361 quadam
289 2342 298 2356 ,
312 2325 344 2349 et
354 2326 391 2350 ut
402 2331 498 2351 vanae
511 2318 713 2363 choragium
725 2317 796 2362 glo-

127 2368 184 2400 riae
199 2368 395 2402 adhibuerit
406 2394 414 2409 ,
427 2378 593 2415 tanquam
612 2370 670 2416 qui
691 2370 796 2402 maxi-

128 2433 220 2454 mam
234 2434 307 2455 rem
322 2422 374 2468 agi
388 2422 493 2455 videri
508 2423 607 2456 vellet
618 2448 627 2463 ,
639 2423 682 2456 de
696 2424 796 2468 cujus

131 2482 252 2507 eventu
273 2475 492 2508 vehementer
512 2475 656 2509 laboret.
678 2475 796 2507 Honos

128 2525 273 2560 habetur
281 2527 539 2565 auditoribus,si
550 2527 592 2561 de
600 2528 736 2560 illorum
745 2529 795 2572 ju-

129 2577 220 2612 dicio
239 2581 457 2614 vehementer
473 2594 533 2615 nos
550 2581 700 2615 solicitos
724 2593 796 2613 esse

131 2630 310 2676 fingamus.
330 2634 409 2674 Quo
425 2634 531 2678 magis
547 2635 654 2674 probo
667 2643 696 2664 et
709 2632 795 2666 illud

132 2681 250 2717 clibris
258 2684 428 2730 adjectum
439 2699 457 2719 a
469 2687 586 2720 Cortio
598 2711 606 2726 ‚
618 2698 725 2731 quum
737 2685 793 2718 alii

860 1004 1011 1037 habeant
1026 1028 1034 1043 ‚
1055 1005 1112 1035 sed
1135 1012 1240 1034 tamen
1260 1015 1280 1033 a
1301 1015 1417 1046 magno
1432 1026 1440 1041 ‚
1465 1008 1529 1034 etc.

862 1057 904 1089 G.
922 1077 966 1081 ——
979 1059 1068 1088 Anili
1083 1057 1312 1098 superstitione.
1333 1057 1430 1087 Rom.
1454 1056 1531 1085 Ani-

861 1111 904 1140 mi
926 1111 1154 1152 superstitione.
1176 1108 1273 1147 Post,
1291 1110 1349 1139 sed
1371 1118 1477 1139 cametz
1501 1116 1533 1137 et

860 1174 988 1205 magno.
1013 1162 1100 1195 Satis
1123 1161 1215 1193 bunc
1237 1161 1354 1193 locum
1374 1172 1390 1192 a
1412 1159 1531 1193 Cortio

860 1215 1081 1247 emendatum
1095 1223 1189 1259 puto,
1205 1214 1249 1246 H.

907 1267 938 1300 3.
961 1270 1075 1299 Libera
1105 1277 1259 1309 tempora.
1293 1265 1470 1298 Gratiosus
1498 1273 1530 1297 et

859 1327 978 1362 potens
1000 1320 1136 1363 petebat
1156 1319 1428 1363 impetrabatque
1444 1316 1527 1359 (vid.

859 1371 876 1412 g
910 1373 973 1414 7),
999 1370 1162 1417 temporis
1199 1379 1370 1415 quantum
1400 1369 1527 1403 vellet:

858 1435 930 1455 non
948 1423 1139 1469 clepsydris
1162 1423 1397 1456 circumscribi
1422 1423 1529 1468 spatia

858 1475 1056 1520 patiebatur
1070 1502 1077 1515 ‚
1102 1489 1172 1521 quo
1200 1476 1303 1509 fiebat
1317 1502 1326 1516 ‚
1351 1484 1387 1507 ut
1409 1475 1529 1509 eadem

857 1528 996 1562 libertas
1015 1530 1131 1574 negari
1145 1541 1214 1561 non
1229 1537 1340 1573 posset
1355 1528 1388 1560 in
1407 1528 1528 1562 eodem

857 1581 987 1628 judicio
1005 1581 1197 1614 dicentibus
1220 1593 1227 1613 :
1246 1594 1321 1626 quae
1337 1582 1427 1614 enim
1444 1582 1530 1614 invi-

859 1633 936 1674 dia,
965 1635 991 1666 si
1018 1633 1109 1667 idem
1139 1634 1203 1666 sibi
1236 1641 1347 1666 sumat
1374 1633 1527 1673 Plinius,

858 1686 953 1732 quod
968 1687 1003 1719 in
1023 1686 1144 1719 eadem
1160 1699 1280 1719 caussa
1300 1686 1448 1719 licuisset
1464 1688 1528 1718 Re-

859 1738 965 1784 gulo?
990 1739 1023 1772 Si
1048 1738 1131 1784 quid
1157 1738 1307 1771 invisum
1334 1747 1392 1771 aut
1422 1739 1528 1771 inole-

858 1799 949 1824 stum
963 1803 971 1831 ;
987 1791 1052 1823 hoc
1068 1790 1112 1823 ad
1129 1792 1294 1835 Regulum
1310 1791 1453 1836 exempli
1471 1803 1529 1823 au·

859 1851 987 1877 ctorem
1004 1856 1106 1876 omne
1122 1844 1328 1888 pertinebat.
1349 1846 1411 1874 Sub
1425 1843 1528 1888 hujus

860 1898 978 1927 invidia
1005 1895 1087 1929 dicit
1112 1896 1252 1929 Plinius.
1274 1896 1322 1928 De
1351 1898 1528 1939 corrogatis

859 1947 1074 1981 auditoribus
1085 1948 1216 1988 vid.11‚
1234 1953 1272 1989 14
1286 1975 1293 1990 ‚
1307 1953 1339 1988 ,4.
1353 1950 1528 1991 Deprehen-

858 2014 909 2032 sus
929 2009 998 2041 est,
1013 2002 1073 2046 qui
1093 2001 1175 2034 dicit
1196 2014 1266 2034 non
1290 2000 1450 2046 quando⁷
1470 2008 1528 2033 aut

859 2065 962 2098 quain
977 2053 1036 2086 diu
1054 2054 1123 2099 ipse
1143 2054 1248 2086 voluit
1267 2066 1306 2087 ac
1321 2052 1505 2085 destinavit
1520 2065 1529 2092 3

859 2106 917 2139 sed
937 2106 981 2140 ad
1000 2107 1146 2139 alienam
1165 2106 1381 2139 occasionem
1401 2105 1454 2137 vel
1474 2119 1529 2138 vo-

858 2158 1039 2192 luntatem.
1064 2159 1107 2191 G.
1134 2158 1223 2191 Add.
1252 2159 1396 2191 Gesneii
1419 2157 1462 2190 ad
1494 2159 1525 2189 J.

858 2211 899 2243 A.
913 2212 1044 2244 Ernest.
1058 2211 1215 2257 epistola.

904 2267 1039 2306 —Quid
1049 2266 1131 2295 enim
1137 2266 1322 2307 jucundius.
1334 2264 1430 2295 Rom.
1445 2265 1531 2303 Quid

858 2319 993 2359 denique
1001 2318 1184 2360 jucundius.
1204 2316 1248 2347 H.

906 2373 938 2408 4.
959 2372 1022 2401 Sed
1035 2379 1192 2411 utcunque
1202 2392 1299 2401 .....
1308 2380 1371 2398 non
1387 2376 1525 2408 poterat.

857 2421 1045 2466 Gierigius,
1059 2434 1120 2467 pro
1133 2434 1205 2466 spui
1216 2422 1256 2454 iis
1268 2420 1397 2452 habens
1408 2443 1416 2457 ‚
1430 2418 1527 2450 uncis

857 2474 996 2507 inclusit
1010 2486 1017 2507 ζ
1031 2474 1122 2519 {guod
1137 2487 1204 2507 uon
1215 2473 1338 2506 imiter.
1350 2473 1412 2502 Sed
1420 2481 1528 2502 utcun-

861 2540 921 2569 que
930 2550 1028 2559 .....
1039 2537 1195 2563 mortuns,
1220 2525 1367 2569 objectio
1384 2531 1430 2555 est
1444 2548 1452 2562 ‚
1472 2523 1525 2555 cui

860 2579 1067 2624 respondent
1078 2593 1133 2625 seq
1140 2578 1254 2611 nentia
1265 2592 1270 2609 ;
1282 2579 1392 2608 Melius
1402 2578 1430 2606 si
1439 2586 1527 2613 (une,

861 2639 925 2665 etc.
952 2632 1030 2663 Post
1060 2643 1201 2665 mortuns
1231 2628 1391 2676 ponenda
1421 2630 1528 2662 τελεία.

861 2686 992 2731 στιγμή.
1007 2685 1041 2718 S.
