1757 2880
624 142 999 187 SCHAEFERI.
1477 156 1520 182 xi

115 265 171 294 ex
204 262 311 292 meo
340 244 485 290 solius
510 242 707 289 arbitrio
737 240 1036 292 adcurarem,
1064 239 1179 284 dum
1209 254 1270 283 ne
1294 237 1522 283 descisce-

111 346 211 375 rem
233 345 259 373 a
277 327 462 391 regula,
485 325 543 370 ad
561 341 705 388 quam
720 324 876 369 editor
893 321 1217 384 Gottingensis
1231 357 1241 375 ,
1265 318 1524 382 plaudente

113 410 230 457 orbe
257 409 463 461 erudito,
490 424 630 453 omne
654 408 902 469 negotium
928 405 1170 467 exegisset.
1202 405 1416 447 Mearum
1440 401 1527 463 igi-

112 503 192 538 tur
220 493 427 555 partium
457 507 557 536 esse
586 490 723 543 duxi,
751 489 980 552 primum,
1016 496 1069 532 ut
1098 493 1305 538 textum,
1336 482 1528 545 qualem

113 578 377 629 Gesnerus,
406 582 636 619 emunctae
664 573 851 617 criticus
871 571 1022 626 naris,
1050 567 1270 614 subsidiis
1297 566 1392 610 suis
1422 581 1529 628 per-

113 667 271 721 specte
288 674 399 703 usus
420 656 640 712 dederat,
657 655 843 701 mendis
861 653 1007 699 modo
1025 649 1403 715 typographicis,
1426 665 1530 710 quae

114 739 373 786 editionem
405 739 599 784 alteram
636 747 705 782 sat
740 753 902 782 crassae
936 733 1247 788 obsidebant,
1280 731 1529 787 correctis,

114 821 372 885 refictaque
387 822 558 885 passim
574 819 978 884 interpunctione,
996 815 1232 861 illibatum
1245 823 1529 877 repeterem.

113 908 230 951 'Nam
255 906 341 950 etsi
364 903 515 968 probe
547 902 870 948 intellexeram
889 937 900 957 ,
928 917 1028 945 non
1050 899 1210 944 omnia
1236 898 1286 942 in
1310 895 1533 941 Plinianis

114 988 179 1033 sic
205 989 462 1033 constituta
485 1003 608 1039 esse,
634 985 764 1030 nulla
786 994 837 1030 ut
861 984 1025 1029 critico
1046 982 1240 1026 materia
1264 986 1533 1042 superesset

114 1072 163 1115 in
193 1088 288 1134 qua
323 1069 610 1116 elaboranda
643 1085 750 1114 cum
783 1067 922 1113 laude
961 1074 1260 1119 versaretur,
1299 1060 1534 1106 malebam

116 1162 298 1207 tamen,
329 1155 366 1198 si
405 1152 521 1215 quid
553 1152 702 1197 critici
734 1151 921 1214 generis
957 1147 1225 1201 incidisset,
1255 1145 1301 1189 id
1333 1145 1382 1189 in
1409 1144 1536 1188 notis

116 1252 336 1290 mouere,
367 1251 512 1297 quam
536 1250 731 1278 manum
763 1233 852 1295 ipsi
880 1231 1031 1276 textui
1063 1230 1295 1275 continuo
1325 1227 1532 1288 injicere.

115 1317 299 1362 Etenim
332 1316 524 1379 pigebat
554 1315 856 1377 taedebatque
887 1313 1208 1359 tumultuariae
1234 1326 1414 1374 operte,
1442 1323 1535 1370 qua

117 1416 246 1444 nunc
260 1398 376 1443 mihi
389 1436 400 1453 ,
419 1409 465 1444 et
483 1409 698 1462 tempore
714 1398 927 1451 excluso,
942 1412 1031 1441 nec
1054 1395 1162 1440 satis
1176 1395 1412 1438 instructo
1428 1388 1538 1436 sub-

119 1481 245 1527 sidiis
267 1483 336 1526 rei
360 1482 435 1527 vel
453 1481 578 1527 bene
608 1480 827 1545 gerenda?
857 1479 1150 1534 necessariis,
1174 1473 1534 1538 defungendum

118 1562 301 1618 fuisset,
332 1564 368 1608 si
395 1563 454 1608 ad
485 1579 658 1608 novam
686 1572 845 1607 textus
884 1560 1212 1606 recensionem
1248 1554 1538 1602 descendere

119 1647 462 1691 sustinuissem.
484 1649 713 1691 Praeterea
731 1660 899 1707 parum
918 1641 1159 1706 placebat,
1180 1641 1230 1684 in
1252 1639 1384 1684 libris
1400 1637 1539 1683 scho-

118 1728 269 1773 larum
297 1730 405 1773 usui
429 1728 612 1783 dicatis,
633 1727 786 1789 qualis
807 1725 884 1770 hic
910 1726 1086 1770 Plinius
1110 1733 1204 1778 est,
1233 1722 1382 1766 multa
1409 1721 1539 1765 iden-

119 1809 267 1855 tidem
287 1812 474 1865 novari3
497 1808 906 1872 praestabiliusque
929 1805 1204 1858 videbatur,
1223 1813 1406 1850 textum
1435 1819 1542 1865 pro-

119 1891 341 1938 babiliter
383 1891 595 1938 effictum
636 1890 842 1936 fideliter
875 1889 1094 1943 retineri,
1135 1886 1289 1932 donec
1327 1901 1480 1930 novus
1517 1900 1541 1928 a

122 1975 286 2019 critico
322 1975 497 2038 sagaci,
534 1972 757 2019 omnibus
798 1971 1024 2017 affluente
1063 1970 1234 2033 copiis,
1268 1970 1416 2030 inque
1450 1966 1541 2011 hoc

125 2072 273 2100 unum
298 2057 485 2102 intento
501 2093 512 2112 ,
543 2055 846 2101 conderetur.

187 2139 386 2183 Gesneri
409 2148 545 2183 notas
574 2139 781 2201 integras
802 2137 988 2200 repetii.
1019 2133 1301 2180 Debebatur
1323 2131 1416 2176 hoc
1441 2147 1541 2175 me-

124 2220 285 2263 moriae
320 2221 407 2264 viri
436 2222 605 2284 optimi
632 2220 789 2282 deque
814 2220 960 2264 literis
986 2218 1162 2262 nostris
1189 2214 1543 2279 praeclarissime

125 2303 293 2347 meriti.
327 2305 633 2366 Quamquam
657 2304 783 2348 enim
817 2301 1082 2347 verendum
1112 2300 1230 2344 mihi
1256 2308 1379 2353 erat,
1408 2313 1467 2341 ne
1494 2296 1543 2339 in

126 2383 545 2446 reprehensionem
568 2384 914 2429 nonnullorum
944 2383 1237 2427 incurrerem
1252 2416 1262 2436 ,
1285 2380 1323 2423 si
1347 2394 1398 2423 ea
1420 2392 1544 2439 quo—

127 2482 220 2527 que
247 2482 506 2521 servarem,
538 2465 714 2527 quibus
740 2482 863 2511 nova
890 2465 1034 2509 editio
1064 2472 1192 2509 recte
1219 2476 1380 2506 carere
1407 2474 1544 2522 posse

130 2548 216 2592 illis
234 2548 502 2604 videretur3
527 2550 676 2593 tutius
698 2559 856 2593 tamen
878 2546 1105 2610 putabam
1127 2546 1218 2591 hoc
1233 2543 1390 2589 subire
1409 2542 1544 2593 alem,

130 2646 273 2692 quam
294 2631 570 2677 omittendis
589 2631 710 2687 aliis,
737 2632 836 2676 aliis
856 2632 906 2675 in
931 2630 1122 2676 brevius
1142 2625 1390 2691 cogendis,
1412 2623 1544 2687 quod
