1742 2989
104 428 141 456 13

172 205 227 230 522

604 192 651 234 C.
690 191 917 234 PLINII
951 193 1071 235 LIB.
1110 195 1143 236 Ι.

169 267 347 312 tendum
381 270 666 326 haberemus,
696 280 766 325 ut,
792 271 909 331 quod
938 273 1192 332 parentibus
1218 273 1367 326 datur,
1392 283 1434 316 et
1462 273 1578 318 orbis

168 342 458 401 probaretur;
493 345 795 406 honoremque
830 362 1072 406 paucorum
1113 348 1245 391 ceteri
1283 348 1499 408 patienter
1537 358 1580 391 et

167 426 496 475 exspectarent,
529 427 572 461 et
608 427 894 462 mererentur.
930 420 1014 463 Sed
1046 429 1093 463 ut
1123 430 1230 463 tunc
1265 420 1575 464 communibus

167 490 304 550 magis
344 491 584 554 commodis
619 508 751 552 quani
799 493 977 552 privatae
1012 495 1232 553 jactantiae
1273 493 1577 551 studebamus,

166 580 303 622 quum
335 565 627 609 intentionem
663 565 957 626 affectumque
988 567 1182 610 muneris
1208 567 1346 610 nostri
1371 565 1580 611 vellemus

166 636 373 697 intelligi3
409 638 468 680 ita
503 655 622 682 nunc
656 639 699 681 in
729 639 898 682 ratione
934 639 1090 683 edendi
1121 656 1349 691 veremur,
1380 656 1434 682 ne
1468 639 1580 683 forte

166 728 255 754 non
288 710 473 755 aliorum
506 711 791 766 utilitatibus,
822 712 896 755 sed
926 714 1113 774 propriae
1146 713 1263 757 laudi
1298 714 1478 756 servisse
1507 713 1575 755 vi-

166 851 227 896 qui
242 864 434 897 numquam
450 852 680 898 suscepissent
694 853 820 885 liberos
831 876 840 892 ‚

167 903 221 935 vel
252 904 443 938 amisissent
472 913 647 950 susceptos
664 931 672 945 ,
698 905 840 950 probari

166 956 273 1001 cupit,
283 957 325 990 ad
338 970 425 1002 quos
440 958 572 991 fructus
587 958 678 990 illius
692 957 841 990 liberali-

166 1010 242 1041 tatis
256 1023 326 1042 non
345 1010 547 1055 pertineret.
559 1011 659 1043 Talia
675 1010 842 1044 adnotare

166 1061 378 1106 superfluum
390 1062 496 1095 videri
508 1070 654 1107 poterat,
671 1063 734 1095 nisi
747 1076 836 1096 unus

164 1114 313 1160 itemque
335 1114 421 1147 alter
437 1127 557 1147 eorum
570 1140 579 1154 ‚
596 1115 654 1159 qui
674 1115 739 1147 hac
759 1128 838 1159 pro-

163 1166 276 1200 vincia
291 1174 371 1199 ante
384 1179 446 1199 nos
461 1167 569 1199 functi
584 1174 677 1206 sunt,
688 1167 765 1199 loco
777 1180 837 1212 per

164 1232 199 1252 se
215 1220 308 1252 claro
322 1219 481 1252 tenebras
496 1218 617 1252 sedulo
633 1219 835 1260 offudisset;

165 1271 200 1304 id
220 1271 315 1317 quod
335 1271 439 1305 semel
460 1271 631 1304 monitum
651 1271 695 1305 ad
719 1272 836 1318 plures

165 1325 419 1366 observationes
441 1332 574 1358 nostras
592 1338 711 1370 aequus
730 1325 838 1358 lector

165 1377 367 1416 transferet,
388 1377 467 1409 et'si
486 1390 556 1423 qua
573 1378 607 1409 in
625 1377 719 1410 facili
735 1377 838 1411 nimis

165 1442 203 1462 re
218 1428 423 1474 explicanda
440 1442 578 1474 operam
598 1444 660 1463 nos
681 1430 773 1463 abuti
792 1431 840 1463 vi-

166 1481 260 1521 deat,
275 1482 365 1515 hanc
379 1495 451 1514 esse
462 1495 620 1516 caussam
633 1484 839 1528 suspicetur,

167 1533 262 1579 quod
281 1534 405 1579 aliquis
426 1536 514 1568 male
532 1561 541 1576 ‚
562 1545 682 1569 nostro
699 1536 840 1582 quidem

161 1586 293 1631 judicio
307 1612 316 1627 ‚
332 1587 493 1620 eumdem
512 1589 625 1621 locum
642 1589 844 1634 interpreta-

166 1647 221 1672 tus
236 1640 289 1673 sit.
308 1640 350 1673 G.
372 1661 417 1664 —
437 1642 534 1674 Rom.
557 1645 646 1685 qaod
658 1645 844 1685 parentibus

167 1694 323 1729 dabatur,
340 1700 443 1726 recte.
458 1694 503 1727 H.
518 1715 562 1719 —-
576 1695 630 1728 Sic
643 1703 675 1727 et
689 1695 844 1735 Cortius;

168 1744 284 1777 laudo.
302 1745 335 1778 S.
349 1767 393 1770 ——
404 1749 448 1778 Et
456 1758 688 1789 exspectarent,
705 1758 735 1779 et
745 1761 841 1780 mere-

166 1807 285 1830 rentur.
300 1798 379 1832 Haec
391 1799 603 1846 optimorum
618 1812 839 1846 quorumque

168 1848 335 1882 librorum
358 1851 479 1891 lectio,
502 1851 562 1884 sed
584 1852 702 1892 aliter,
733 1865 839 1898 quam

167 1901 281 1935 adhuc
293 1903 440 1943 factum,
449 1905 721 1950 interpretanda.
735 1906 840 1940 Bene-

167 1955 284 1987 iicium
302 1956 403 1988 Plinii
417 1957 529 2001 primo
545 1970 616 1990 non
634 1956 678 1990 ad
693 1961 784 1990 orbos
804 1959 840 1991 li-

170 2006 256 2040 beris
270 2008 417 2052 pertinet
428 2034 436 2048 ‚
457 2009 516 2042 sed
531 2009 574 2042 ad
589 2010 678 2042 solos
687 2022 839 2053 parentes

170 2060 421 2104 ingenuorum,
441 2062 566 2107 quibus
588 2062 748 2095 alimenta
782 2064 839 2098 de-

170 2112 316 2145 minavit.
340 2113 444 2146 Porro
459 2114 576 2160 plures
595 2125 694 2148 erant
717 2116 752 2149 in
769 2117 836 2151 hac

171 2166 278 2197 altera
309 2166 412 2199 etiam
441 2167 549 2200 classe
567 2193 575 2208 ,
600 2181 704 2213 quam
733 2177 769 2201 ut
795 2169 840 2203 ad

171 2230 290 2250 omnes
323 2219 499 2263 pervenire
530 2219 652 2255 eodem
685 2229 840 2266 tempore

171 2270 355 2304 liberalitas
370 2271 441 2312 illa,
458 2274 681 2316 quantumvis
698 2287 838 2319 magna,

169 2331 295 2366 posset.
310 2324 522 2357 Enitendum
540 2326 644 2371 igitur
659 2326 721 2359 sibi
737 2327 841 2360 fuisse

171 2376 215 2407 ait
230 2376 409 2409 Secundus
428 2385 541 2411 noster
554 2403 562 2417 ‚
584 2386 619 2410 ut
634 2378 752 2424 plures
770 2379 839 2420 illi,

171 2428 230 2472 qui
254 2442 323 2461 non
346 2430 460 2463 statim
488 2430 555 2462 frui
574 2439 712 2475 possent
736 2432 841 2465 bene-

173 2481 248 2512 licio
265 2495 326 2515 suo
345 2508 354 2522 ‚
370 2496 551 2525 paucorum
568 2485 719 2515 honorem
737 2495 768 2516 et
785 2498 841 2516 ex-

171 2544 350 2576 spectarent
369 2538 546 2578 patienter,
577 2535 660 2568 dum
683 2535 727 2569 ad
752 2537 842 2582 ipsos

173 2599 310 2633 quoque
334 2589 550 2621 volventibus
572 2589 669 2621 annis
691 2590 844 2634 perveni-

173 2647 222 2670 ret
238 2664 246 2679 ,
270 2647 301 2671 et
320 2639 455 2673 interim
480 2640 604 2686 dignos
623 2654 657 2674 se
682 2642 740 2674 illo
765 2654 846 2687 prae-

178 2700 327 2732 ⁷¹ffl'vul,
358 2707 507 2739 rumque
530 2705 728 2726 mererentur.
767 2695 845 2729 Haec

908 861 991 898 puto
1007 853 1109 899 plana
1124 879 1132 893 ,
1151 866 1265 899 neque
1280 852 1455 886 monenda
1473 852 1560 886 adeo
1571 878 1580 893 ‚

907 906 973 938 nisi
990 909 1029 937 de
1046 909 1130 938 orbis
1142 932 1149 944 ‚
1167 907 1227 952 qui
1246 906 1371 938 liberos
1388 905 1450 938 sibi
1470 906 1579 938 nasci-

906 965 1000 991 turos
1019 967 1196 1005 sperarent
1213 985 1221 999 ‚
1239 972 1278 991 ac
1294 958 1337 992 de
1352 958 1405 991 his
1423 984 1431 999 ‚
1449 959 1508 1004 qui
1526 959 1582 991 be-

907 1011 1031 1044 neficio
1047 1012 1212 1057 Principis
1227 1015 1282 1059 jus
1297 1011 1484 1044 liberorum
1502 1023 1582 1044 con-

906 1072 1131 1108 sequerentur
1145 1089 1153 1104 ,
1169 1065 1223 1095 hic
1237 1063 1462 1096 commentari
1480 1063 1582 1096 alicui

901 1115 1015 1148 visum
1035 1125 1133 1149 esset.
1154 1116 1198 1149 G.
1217 1137 1262 1141 —
1284 1118 1382 1150 Rom.
1404 1119 1501 1148 ceteri
1516 1129 1581 1159 pa-

903 1169 1017 1200 cienter
1031 1178 1062 1200 ec
1081 1178 1317 1212 exspectarent,
1331 1178 1362 1199 et
1374 1170 1581 1209 mirarentur,

905 1220 999 1265 quod
1014 1234 1084 1254 non
1099 1221 1240 1254 damno.
1256 1220 1299 1253 H.
1320 1242 1364 1245 —
1377 1219 1482 1262 Quod
1498 1221 1581 1253 olim

902 1274 1083 1318 legebatur
1099 1299 1107 1313 ‚
1123 1277 1220 1307 ceteri
1234 1276 1399 1317 patienter
1414 1283 1445 1304 et
1458 1283 1580 1317 specta-

903 1337 989 1361 rent,
1013 1337 1044 1358 et
1061 1329 1273 1365 mirarentur,
1297 1334 1431 1359 tantum
1460 1326 1581 1367 abest,

904 1386 941 1411 ut
970 1379 1139 1412 absonum
1164 1388 1282 1425 putem
1299 1404 1307 1418 ‚
1329 1386 1367 1411 ut
1391 1385 1516 1411 nostrae
1536 1379 1583 1411 le-

905 1432 1010 1464 ctioni
1031 1444 1129 1477 paene
1152 1433 1346 1477 praeferam.
1374 1433 1583 1463 Imitarentur·

906 1498 924 1517 a
950 1486 1112 1517 Catanaeo
1138 1492 1336 1523 enotatum‚
1358 1496 1422 1529 pro
1445 1496 1514 1528 quo
1542 1483 1578 1516 in

909 1537 983 1570 aliis
996 1545 1155 1582 corrupte
1169 1540 1396 1576 incitarentur,
1411 1537 1581 1581 glossema

910 1598 959 1622 est
977 1590 1134 1634 ineptum
1151 1589 1390 1635 grammatici,
1409 1589 1469 1634 qui
1487 1591 1583 1620 mira-

910 1653 1018 1674 rentur
1040 1642 1208 1686 explicare
1233 1641 1349 1674 vellet.
1378 1641 1513 1674 Servius
1538 1640 1582 1674 ad

910 1696 1033 1740 virgil.
1055 1697 1134 1728 AEn.
1153 1695 1240 1727 VIII
1259 1719 1267 1734 ‚
1287 1694 1351 1738 517
1370 1705 1377 1725 ε
1402 1710 1414 1722 «

915 1765 927 1776 «
943 1748 1113 1780 Imitetur.
1126 1749 1288 1779 Lucanus
1302 1747 1351 1778 IX
1363 1771 1371 1786 ‚
1388 1747 1466 1790 807.
1482 1747 1584 1777 Mira-

914 1818 926 1829 «
944 1810 1106 1843 laremque
1123 1802 1250 1831 Catonis
1262 1825 1271 1837 ‚
1290 1798 1326 1831 id
1342 1806 1391 1831 est
1403 1823 1411 1838 ‚
1432 1798 1583 1830 imitato-

1083 1853 1213 1897 optima
1241 1851 1333 1885 enim
1358 1850 1497 1895 ingenia
1523 1862 1584 1882 ne·

1435 1697 1474 1724 M
1473 1696 1581 1725 iretur.

914 1871 927 1882 «
942 1866 1014 1885 rem
1046 1864 1053 1885 ι

916 1923 929 1935 1«
946 1919 1038 1939 cesse
1062 1913 1112 1938 est
1138 1913 1175 1937 ut
1196 1917 1236 1938 ea
1252 1929 1260 1944 ,
1283 1916 1358 1949 quae
1383 1903 1554 1936 mirantur
1572 1928 1581 1943 ‚

914 1976 926 1987 «
941 1959 1128 1992 imitentur.
1141 1975 1153 1986 »
1178 1959 1212 1990 S.

957 2012 1008 2045 13.
1034 2012 1241 2042 [mencionem
1270 2010 1482 2051 (gffeccumque
1516 2020 1583 2038 mu-·

907 2066 991 2095 neris
1017 2065 1129 2095 nostri.
1152 2063 1250 2094 Rom.
1279 2062 1484 2092 intentionem
1509 2061 1583 2103 effi-

907 2127 1053 2159 Ctllmqlle
1078 2116 1214 2146 muneris
1242 2114 1353 2144 nostri.
1382 2112 1427 2144 Η.
1451 2131 1496 2136 -·
1524 2112 1583 2144 ESt

908 2169 979 2201 haec
990 2169 1146 2201 omniurn
1159 2164 1264 2199 codd.
1280 2164 1396 2203 lectio,
1408 2164 1462 2196 cui
1476 2163 1581 2205 male,

908 2221 1042 2266 opinor,
1058 2219 1179 2253 Jacobi
1200 2217 1429 2250 Bononiensis
1447 2217 1585 2262 conjec—

905 2283 1020 2307 turam
1031 2272 1267 2317 praetulerunt.
1286 2269 1510 2302 Pliniusenim
1525 2294 1533 2308 ,
1545 2276 1583 2301 ut

906 2327 1046 2372 privatae
1062 2324 1290 2369 suspicionem
1303 2321 1478 2368 jactantiae
1497 2321 1584 2354 effu-

906 2386 1019 2424 geret,
1045 2376 1237 2422 largitionis
1257 2388 1324 2408 suae
1345 2383 1377 2407 et
1396 2373 1583 2407 consilium

907 2439 939 2464 et
966 2431 1129 2465 effectum
1155 2428 1382 2462 Comensibus
1407 2426 1578 2470 explicare

908 2483 1067 2517 debebat.
1083 2484 1222 2514 Intentio
1235 2480 1277 2513 de
1289 2479 1436 2513 consilio
1450 2477 1583 2510 dictum

907 2549 1026 2569 rarum
1039 2544 1123 2581 puto
1139 2547 1146 2567 :
1160 2547 1203 2567 an
1214 2534 1293 2580 jure
1304 2530 1484 2565 Noltenius
1497 2531 1579 2563 Lex.

910 2589 1027 2622 Antib.
1044 2588 1111 2621 col.
1127 2588 1189 2622 585
1205 2599 1256 2631 sq.
1269 2592 1300 2617 et
1314 2582 1524 2618 Schwarzius
1538 2582 1583 2616 ad

910 2641 998 2674 Plin.
1017 2641 1186 2685 panegyr.
1203 2651 1239 2684 p.
1260 2638 1340 2676 353,
1356 2642 1519 2680 suspectae
1533 2635 1583 2668 la-

914 2694 1057 2727 tinitatis
1074 2690 1236 2735 exemplis
1255 2695 1506 2722 annumerent,
1522 2686 1582 2719 du-
