1742 2989
569 175 915 217 EPISTULA
951 176 1145 218 XVIII.
1472 193 1546 238 ¹9¹

153 255 350 298 habitum
377 265 527 315 putem
545 290 555 310 ‚
579 271 633 297 an
658 254 842 298 studiis?
861 255 1025 299 Studiis
1051 255 1165 299 malo
1182 291 1192 310 ,
1211 272 1298 314 quo
1326 273 1459 316 prope
1483 275 1553 300 ex-

152 328 311 371 stincta
337 327 602 371 refoventur.
623 329 680 370 At
703 328 774 370 6111
797 329 988 372 materiae
1014 329 1127 372 hanc
1153 327 1428 376 sedulitatem
1450 347 1556 390 prae-
1581 343 1601 376 6

153 401 388 444 stiterunt?
412 403 582 461 Nempe
614 417 745 460 quam
788 401 831 443 in
863 412 1019 445 senatu
1048 418 1248 462 quoque,
1278 401 1353 444 ubi
1389 404 1558 463 perpeti

154 489 328 517 necesse
360 483 482 529 erat,
516 474 688 535 gravari
721 483 866 517 tamen
902 474 968 518 vel
1000 484 1164 535 puncto
1200 474 1410 534 temporis
1446 474 1559 518 sole—

154 548 333 602 bamus,
355 547 537 591 eandem
567 564 685 591 nunc
708 557 751 590 et
783 548 857 608 qui
890 548 1100 604 recitare,
1124 556 1168 590 et
1196 548 1270 607 qui
1297 546 1450 590 audire
1479 547 1559 589 tri-

153 619 241 664 duo
276 620 438 676 velint⁷
474 621 796 664 inveniuntur:
823 638 911 664 non
948 622 1050 681 quia
1086 620 1389 681 eloquentius,
1427 636 1557 680 quam

154 694 277 754 prius
294 730 305 750 7
335 693 409 737 sed
439 695 543 754 quia
568 693 774 749 liberius,
801 694 986 755 ideoque
1016 695 1148 738 etiam
1174 694 1382 738 libentius
1410 694 1559 737 scribi—

155 777 240 811 tur.
264 767 451 811 Accedet
479 784 583 827 ergo
609 766 692 810 hoe
719 784 894 828 quoque
920 767 1123 812 laudibus
1150 767 1362 828 principis
1393 767 1532 810 nostri
1549 802 1559 821 ‚
1585 793 1603 824 ς

154 839 273 900 quod
300 857 366 883 res
391 850 520 883 antea
544 849 631 883 tam
660 839 799 883 invisa
826 857 957 900 quam
986 840 1090 884 salsa
1106 877 1116 894 ‚
1136 858 1255 884 nunc
1280 850 1329 883 ut
1355 856 1479 894 vera,
1502 840 1558 882 ita

155 913 352 958 amabilis
381 914 494 959 facta
523 923 597 957 est.
628 913 712 956 Sed
747 929 828 974 ego
865 931 1002 974 quum
1040 914 1232 957 studium
1265 913 1561 967 audientium,
1587 924 1605 954 8

155 996 249 1028 tuin
271 986 490 1046 judicium
514 986 625 1029 mire
651 986 850 1046 probavi.
874 988 1176 1031 Animadverti
1202 988 1318 1031 enim
1345 988 1561 1030 severissi-

156 1076 227 1103 ma
249 1076 432 1121 quaeque
458 1059 528 1103 vel
552 1060 742 1102 maxime
768 1060 1029 1105 satisfacere.
1053 1062 1237 1105 Memini
1265 1061 1440 1122 quidem
1460 1097 1470 1113 ,
1492 1076 1560 1103 1116
1585 1074 1604 1105 9

156 1149 245 1175 non
269 1132 417 1176 multis
444 1133 667 1187 recitasse,
686 1132 803 1192 quod
827 1134 1033 1176 omnibus
1062 1135 1213 1194 scripsi
1240 1152 1247 1177 :
1276 1133 1562 1177 nihilominus

158 1215 328 1259 tamen,
348 1215 556 1265 tanquam
584 1205 639 1247 sit
665 1204 815 1247 cadem
838 1206 1037 1249 omnium
1061 1206 1208 1250 futura
1228 1207 1463 1262 sen-tentia,
1483 1206 1563 1249 hae

158 1279 389 1322 severitate
414 1279 588 1321 aurium
614 1278 750 1321 laetor.
779 1280 843 1322 Ac
870 1280 982 1323 sieut
1008 1279 1111 1323 olim
1138 1281 1309 1324 theatra
1336 1280 1448 1323 male
1469 1297 1563 1323 mu-

158 1351 268 1394 sicos
289 1368 444 1395 canere
470 1351 737 1403 docuerunt,
759 1352 817 1394 ita
840 1369 958 1395 nunc
980 1354 1023 1396 in
1050 1370 1168 1413 spem
1197 1353 1391 1397 adducor
1406 1389 1416 1409 ⁷
1439 1370 1564 1413 posse

206 1546 251 1550 ——
269 1527 439 1557 Exstincm
454 1551 462 1563 ,
488 1525 700 1557 immanitate
726 1525 829 1570 inpri-

160 1578 223 1611 mis
234 1578 442 1618 Domitiani,
455 1578 513 1623 qui
526 1578 650 1610 exsiliis
665 1578 829 1623 puniebat

158 1630 283 1664 studia.
299 1631 365 1664 En.

207 1687 366 1727 (3.Nempe
377 1697 472 1727 quam
482 1709 490 1721 ‚
504 1692 568 1716 etc.
576 1685 674 1716 Rom.
684 1683 831 1727 «Nempe

160 1750 264 1782 quam
289 1738 416 1782 [Medic.
439 1737 521 1781 qna]
547 1736 579 1768 in
604 1743 725 1768 senatu
747 1748 831 1779 quo-

161 1803 228 1835 que
243 1816 250 1829 ,
270 1790 329 1822 uhi
346 1789 477 1836 perpeti
493 1801 631 1821 necesse
649 1795 739 1827 erat,
758 1800 832 1832 gra-

162 1843 232 1875 vari
249 1851 364 1876 tamen
382 1842 436 1876 vel
453 1849 581 1887 puncto
600 1840 763 1886 temporis
782 1853 833 1872 so-

161 1897 316 1929 lebamus
329 1921 336 1935 ,
350 1894 469 1928 eadem
484 1895 553 1940 [pro
565 1893 724 1938 eandem]
740 1905 832 1925 nunc

162 1957 195 1982 et
210 1949 269 1994 qui
283 1949 427 1982 recitare
442 1974 450 1989 ,
466 1955 498 1980 et
512 1947 571 1992 qui
585 1946 706 1980 audire
718 1945 833 1979 triduo

162 2001 528 2042 velinninveniuntur.
541 2001 830 2042 «Cortiusconjice't‚

162 2056 294 2100 Nempe
319 2067 414 2100 quae,
434 2056 548 2085 deinde
578 2051 699 2085 eadem
725 2064 832 2084 nunc.

163 2108 251 2140 Cum
270 2120 310 2140 eo
324 2107 470 2140 recitare
479 2107 618 2150 prafero
636 2108 770 2148 vulgato
785 2117 836 2137 re-

164 2160 273 2194 citari.
282 2177 294 2190 »
304 2160 348 2193 Η.
357 2162 563 2192 -—-Liberius.
576 2158 749 2198 Securius,
762 2159 835 2192 sine

166 2220 257 2245 metu
270 2237 278 2253 ‚
306 2226 350 2246 ne
382 2212 465 2257 quid
497 2212 647 2258 apertius
678 2210 807 2244 dictum
825 2236 833 2250 ,

165 2266 299 2299 etiamsi
323 2265 540 2299 verissimum
566 2265 608 2298 sit
627 2289 636 2305 ‚
663 2263 832 2297 offendat.

163 2320 272 2358 Sane,
291 2330 400 2364 quum
425 2318 560 2351 animus
585 2316 765 2350 scribentis
790 2316 837 2349 ita

166 2371 251 2404 liber
263 2378 295 2403 et
307 2383 447 2404 securus
457 2378 521 2410 est,
532 2382 603 2402 non
614 2369 775 2402 libentius
788 2381 839 2401 so-

167 2424 239 2457 lum
251 2449 260 2464 ‚
275 2423 335 2457 sed
351 2432 383 2457 et
401 2423 523 2456 melius
537 2423 638 2455 scribi
654 2430 777 2468 potest.
793 2422 833 2454 E.

215 2478 248 2509 8.
266 2478 473 2509 Seuerissima.
494 2474 644 2508 Pressius
663 2483 696 2507 et
715 2474 838 2507 adstri-

169 2529 255 2563 ctius
277 2529 401 2574 scripta
415 2554 424 2569 ‚
445 2536 602 2567 austera3
629 2527 754 2572 quibus
778 2539 838 2571 op-

169 2590 348 2627 ponuntur
374 2582 469 2614 stilus
494 2580 621 2619 laetior,
644 2579 788 2612 hilarius
808 2587 839 2611 et

171 2634 269 2678 quasi
293 2634 502 2667 exultantius
528 2633 677 2677 scripta,
701 2631 814 2664 dulcia
831 2655 839 2670 ,

172 2685 313 2719 blanda.
331 2686 475 2718 Fallitur
492 2684 667 2728 Gierigiiis
682 2709 690 2724 ‚
705 2683 747 2717 ad
761 2696 840 2717 cen—

894 1539 1010 1559 suram
1025 1528 1189 1560 τν’1110111111
1210 1540 1349 1572 gravem
1371 1535 1402 1559 et
1421 1527 1566 1559 liberam

893 1581 1061 1614 referens.
1085 1580 1225 1614 Scilicet
1251 1589 1353 1614 antea
1373 1580 1417 1613 de
1431 1579 1567 1613 audito-

894 1645 972 1665 rum
999 1633 1180 1667 sedulitate
1204 1634 1335 1666 Plinius
1361 1633 1453 1678 egit:
1475 1645 1567 1665 nunc

896 1698 1016 1719 eorum
1036 1686 1210 1732 judicium
1237 1687 1474 1729 (Gesclzmack)
1494 1686 1568 1718 lau·

897 1737 974 1778 (lat,
994 1739 1088 1785 quod
1108 1738 1224 1771 dulcia
1245 1739 1358 1771 minus
1378 1751 1484 1783 quam
1508 1751 1568 1771 au—

897 1800 986 1824 stera
997 1788 1194 1836 probarint.
1212 1793 1246 1825 S.

943 1856 976 1887 9.
995 1846 1210 1876 Nihilominus
1223 1869 1231 1885 ⁷
1246 1853 1309 1877 etc.
1324 1845 1422 1876 Rom.
1440 1844 1567 1874 Nihilo-

899 1899 1018 1935 minus,
1043 1907 1199 1939 tanquam
1214 1900 1257 1930 sit
1273 1900 1405 1933 eadem,
1427 1895 1499 1928 sine
1522 1905 1570 1926 ta-

899 1963 979 1981 men.
995 1949 1038 1982 H.

945 2022 990 2026 -—
1012 2004 1149 2034 Theatra
1172 2005 1255 2034 male
1279 2003 1425 2033 musicos.
1443 2001 1569 2033 Corru-

899 2062 1038 2100 ptorum
1052 2055 1096 2087 ab
1109 2054 1187 2087 aula
1203 2053 1385 2086 hominum
1400 2051 1569 2099 judicium

901 2107 1006 2140 secuti
1036 2115 1110 2139 tum
1141 2107 1323 2151 scriptores
1349 2117 1356 2137 :
1379 2118 1473 2137 nunc
1497 2118 1571 2150 spes

901 2167 950 2192 est
961 2185 969 2199 ‚
985 2159 1128 2192 meliora
1140 2159 1245 2192 etiam
1260 2158 1446 2203 scripturos
1459 2157 1572 2189 homi—

901 2225 975 2252 nes,
988 2225 1095 2257 quum
1106 2211 1191 2245 aulae
1202 2211 1287 2244 vitia
1296 2218 1429 2243 rectum
1441 2209 1483 2242 de
1494 2210 1573 2242 scri-

901 2264 967 2310 ptis
983 2263 1156 2310 judicium
1172 2276 1243 2296 non
1264 2263 1413 2308 amplius
1432 2275 1573 2308 perver—

902 2324 991 2349 tunt.
1004 2317 1046 2349 G.
1055 2319 1232 2348 —Musica
1244 2328 1382 2348 0111116111
1396 2313 1572 2346 liberalem

903 2369 1155 2402 institutionem
1181 2367 1485 2413 complectebatur.
1505 2366 1570 2398 En.

904 2420 1044 2455 —Cod.
1064 2421 1208 2454 Helinst.
1229 2420 1401 2453 «Theatra
1418 2418 1506 2451 male
1521 2431 1573 2451 ca-

904 2487 987 2506 ncre
1016 2474 1166 2507 musicos
1190 2473 1394 2506 docuerunt.
1430 2475 1470 2501 Ut
1497 2483 1573 2502 moa·

903 2540 1011 2559 omncs
1031 2540 1041 2558 .·
1060 2527 1148 2559 bene
1179 2537 1305 2559 canere
1334 2523 1484 2555 musicos
1511 2522 1573 2554 ‹lo-

905 2587 1017 2612 ceant.
1037 2596 1049 2607 »
1082 2578 1149 2612 Sed
1183 2576 1333 2621 vulgaris
1370 2574 1455 2607 ordo
1487 2575 1574 2606 bene

905 2632 1021 2665 habet.
1038 2630 1119 2664 Vid.
1146 2629 1255 2663 Rentl.
1281 2627 1324 2660 ad
1350 2627 1433 2659 Ilor.
1466 2627 1505 2659 A.
1536 2626 1571 2659 Ι),

910 2686 988 2724 441.
1011 2685 1044 2717 S.
