<?xml version="1.0" encoding="UTF-8"?>
<!DOCTYPE html PUBLIC "-//W3C//DTD XHTML 1.0 Transitional//EN"
    "http://www.w3.org/TR/xhtml1/DTD/xhtml1-transitional.dtd">
<html xmlns="http://www.w3.org/1999/xhtml" xml:lang="en" lang="en">
 <head>
  <title>
</title>
<meta http-equiv="Content-Type" content="text/html;charset=utf-8" />
  <meta name='ocr-system' content='tesseract 3.04.00' />
  <meta name='ocr-capabilities' content='ocr_page ocr_carea ocr_par ocr_line ocrx_word'/>
</head>
<body>
  <div class='ocr_page' id='page_1' title='image "./epistolarumlibri01plinuoft_0431.png"; bbox 0 0 1742 2989; ppageno 0'>
   <div class='ocr_carea' id='block_1_1' title="bbox 528 175 1044 218">
    <p class='ocr_par' dir='ltr' id='par_1_1' title="bbox 528 175 1044 218">
     <span class='ocr_line' id='line_1_1' title="bbox 528 175 1044 218; baseline 0.002 -2"><span class='ocrx_word' id='word_1_1' title='bbox 528 175 870 217; x_wconf 79' lang='lat' dir='ltr'><strong>EPISTOLA</strong></span> <span class='ocrx_word' id='word_1_2' title='bbox 905 176 1044 218; x_wconf 85' lang='lat' dir='ltr'>XVI.</span> 
     </span>
    </p>
   </div>
   <div class='ocr_carea' id='block_1_2' title="bbox 1401 176 1492 239">
    <p class='ocr_par' dir='ltr' id='par_1_2' title="bbox 1401 176 1492 239">
     <span class='ocr_line' id='line_1_2' title="bbox 1401 176 1492 239; baseline 0 -18"><span class='ocrx_word' id='word_1_3' title='bbox 1401 176 1492 239; x_wconf 63' lang='lat'>349</span> 
     </span>
    </p>
   </div>
   <div class='ocr_carea' id='block_1_3' title="bbox 85 254 1492 388">
    <p class='ocr_par' dir='ltr' id='par_1_3' title="bbox 85 254 1492 388">
     <span class='ocr_line' id='line_1_3' title="bbox 85 254 1492 310; baseline 0.001 -10"><span class='ocrx_word' id='word_1_4' title='bbox 85 257 166 300; x_wconf 89' lang='lat' dir='ltr'>bus</span> <span class='ocrx_word' id='word_1_5' title='bbox 195 255 376 299; x_wconf 87' lang='lat' dir='ltr'>deorum</span> <span class='ocrx_word' id='word_1_6' title='bbox 402 270 583 298; x_wconf 87' lang='lat' dir='ltr'>munere</span> <span class='ocrx_word' id='word_1_7' title='bbox 613 254 765 297; x_wconf 82' lang='lat' dir='ltr'>datum</span> <span class='ocrx_word' id='word_1_8' title='bbox 792 265 855 298; x_wconf 89' lang='lat' dir='ltr'>est</span> <span class='ocrx_word' id='word_1_9' title='bbox 881 265 956 298; x_wconf 87' lang='lat' dir='ltr'>aut</span> <span class='ocrx_word' id='word_1_10' title='bbox 982 255 1121 298; x_wconf 89' lang='lat' dir='ltr'>facere</span> <span class='ocrx_word' id='word_1_11' title='bbox 1144 255 1390 310; x_wconf 83' lang='lat' dir='ltr'>scribenda,</span> <span class='ocrx_word' id='word_1_12' title='bbox 1415 268 1492 302; x_wconf 85' lang='lat' dir='ltr'>aut</span> 
     </span>
     <span class='ocr_line' id='line_1_4' title="bbox 85 327 1491 388; baseline 0 -15"><span class='ocrx_word' id='word_1_13' title='bbox 85 329 275 373; x_wconf 89' lang='lat' dir='ltr'>scribere</span> <span class='ocrx_word' id='word_1_14' title='bbox 296 327 500 388; x_wconf 77' lang='lat' dir='ltr'>legenda3</span> <span class='ocrx_word' id='word_1_15' title='bbox 522 327 792 370; x_wconf 85' lang='lat' dir='ltr'>beatissimos</span> <span class='ocrx_word' id='word_1_16' title='bbox 812 344 937 381; x_wconf 80' lang='lat' dir='ltr'>vero,</span> <span class='ocrx_word' id='word_1_17' title='bbox 957 328 1114 388; x_wconf 91' lang='lat' dir='ltr'>quibus</span> <span class='ocrx_word' id='word_1_18' title='bbox 1136 333 1491 388; x_wconf 62' lang='lat' dir='ltr'>utrumque-„Ho-</span> 
     </span>
    </p>
   </div>
   <div class='ocr_carea' id='block_1_4' title="bbox 86 399 1489 447">
    <p class='ocr_par' dir='ltr' id='par_1_4' title="bbox 86 399 1489 447">
     <span class='ocr_line' id='line_1_5' title="bbox 86 399 1489 447; baseline 0.001 -3"><span class='ocrx_word' id='word_1_19' title='bbox 86 418 183 444; x_wconf 90' lang='lat' dir='ltr'>rum</span> <span class='ocrx_word' id='word_1_20' title='bbox 208 401 252 443; x_wconf 91' lang='lat' dir='ltr'>in</span> <span class='ocrx_word' id='word_1_21' title='bbox 280 416 464 443; x_wconf 88' lang='lat' dir='ltr'>numero</span> <span class='ocrx_word' id='word_1_22' title='bbox 496 399 736 443; x_wconf 86' lang='lat' dir='ltr'>avunculus</span> <span class='ocrx_word' id='word_1_23' title='bbox 761 416 882 443; x_wconf 90' lang='lat' dir='ltr'>meus</span> <span class='ocrx_word' id='word_1_24' title='bbox 903 410 944 442; x_wconf 90' lang='lat' dir='ltr'>et</span> <span class='ocrx_word' id='word_1_25' title='bbox 969 400 1055 442; x_wconf 88' lang='lat' dir='ltr'>suis</span> <span class='ocrx_word' id='word_1_26' title='bbox 1083 399 1204 442; x_wconf 88' lang='lat' dir='ltr'>libris</span> <span class='ocrx_word' id='word_1_27' title='bbox 1225 409 1267 442; x_wconf 87' lang='lat' dir='ltr'>et</span> <span class='ocrx_word' id='word_1_28' title='bbox 1291 402 1374 443; x_wconf 87' lang='lat' dir='ltr'>tuis</span> <span class='ocrx_word' id='word_1_29' title='bbox 1395 402 1489 447; x_wconf 88' lang='lat' dir='ltr'>erit.</span> 
     </span>
    </p>
   </div>
   <div class='ocr_carea' id='block_1_5' title="bbox 49 472 1489 547">
    <p class='ocr_par' dir='ltr' id='par_1_5' title="bbox 49 472 1489 547">
     <span class='ocr_line' id='line_1_6' title="bbox 49 472 1489 547; baseline 0.001 -31"><span class='ocrx_word' id='word_1_30' title='bbox 49 531 57 547; x_wconf 26' lang='lat' dir='ltr'>N</span> <span class='ocrx_word' id='word_1_31' title='bbox 87 475 190 531; x_wconf 88' lang='lat' dir='ltr'>Quo</span> <span class='ocrx_word' id='word_1_32' title='bbox 228 472 432 516; x_wconf 90' lang='lat' dir='ltr'>libentius</span> <span class='ocrx_word' id='word_1_33' title='bbox 472 473 688 532; x_wconf 80' lang='lat' dir='ltr'>suscipio,</span> <span class='ocrx_word' id='word_1_34' title='bbox 720 473 908 533; x_wconf 84' lang='lat' dir='ltr'>deposco</span> <span class='ocrx_word' id='word_1_35' title='bbox 946 472 1100 527; x_wconf 83' lang='lat' dir='ltr'>etiam,</span> <span class='ocrx_word' id='word_1_36' title='bbox 1133 472 1249 532; x_wconf 90' lang='lat' dir='ltr'>quod</span> <span class='ocrx_word' id='word_1_37' title='bbox 1283 473 1489 534; x_wconf 82' lang='lat' dir='ltr'>injungis.</span> 
     </span>
    </p>
   </div>
   <div class='ocr_carea' id='block_1_6' title="bbox 39 557 82 609">
    <p class='ocr_par' dir='ltr' id='par_1_6' title="bbox 39 557 82 609">
     <span class='ocr_line' id='line_1_7' title="bbox 39 557 82 609; baseline 0 -24"><span class='ocrx_word' id='word_1_38' title='bbox 39 557 82 609; x_wconf 18' lang='grc' dir='ltr'>Α(</span> 
     </span>
    </p>
   </div>
   <div class='ocr_carea' id='block_1_7' title="bbox 148 544 1535 606">
    <p class='ocr_par' dir='ltr' id='par_1_7' title="bbox 148 544 1535 606">
     <span class='ocr_line' id='line_1_8' title="bbox 148 544 1535 606; baseline 0.001 -17"><span class='ocrx_word' id='word_1_39' title='bbox 148 548 254 589; x_wconf 84' lang='lat' dir='ltr'>Erat</span> <span class='ocrx_word' id='word_1_40' title='bbox 276 545 456 599; x_wconf 78' lang='lat' dir='ltr'>Miseni,</span> <span class='ocrx_word' id='word_1_41' title='bbox 478 544 742 605; x_wconf 84' lang='lat' dir='ltr'>classemque</span> <span class='ocrx_word' id='word_1_42' title='bbox 769 546 951 606; x_wconf 87' lang='lat' dir='ltr'>imperio</span> <span class='ocrx_word' id='word_1_43' title='bbox 978 560 1164 605; x_wconf 78' lang='lat' dir='ltr'>praesens</span> <span class='ocrx_word' id='word_1_44' title='bbox 1183 545 1374 605; x_wconf 85' lang='lat' dir='ltr'>regebat.</span> <span class='ocrx_word' id='word_1_45' title='bbox 1398 548 1490 590; x_wconf 89' lang='lat' dir='ltr'>No·</span> <span class='ocrx_word' id='word_1_46' title='bbox 1524 547 1535 560; x_wconf 80' lang='lat'><strong><em>‘</em></strong></span> 
     </span>
    </p>
   </div>
   <div class='ocr_carea' id='block_1_8' title="bbox 80 618 1531 1043">
    <p class='ocr_par' dir='ltr' id='par_1_8' title="bbox 80 618 1531 1043">
     <span class='ocr_line' id='line_1_9' title="bbox 84 618 1490 678; baseline 0.001 -17"><span class='ocrx_word' id='word_1_47' title='bbox 84 635 190 661; x_wconf 88' lang='lat' dir='ltr'>num</span> <span class='ocrx_word' id='word_1_48' title='bbox 217 618 402 661; x_wconf 84' lang='lat' dir='ltr'><strong>Kalend.</strong></span> <span class='ocrx_word' id='word_1_49' title='bbox 430 619 731 678; x_wconf 79' lang='lat' dir='ltr'>Septembres,</span> <span class='ocrx_word' id='word_1_50' title='bbox 761 619 868 662; x_wconf 89' lang='lat' dir='ltr'>hora</span> <span class='ocrx_word' id='word_1_51' title='bbox 893 619 981 661; x_wconf 87' lang='lat' dir='ltr'>fere</span> <span class='ocrx_word' id='word_1_52' title='bbox 1003 619 1208 678; x_wconf 82' lang='lat' dir='ltr'>septima,</span> <span class='ocrx_word' id='word_1_53' title='bbox 1230 629 1368 662; x_wconf 85' lang='lat' dir='ltr'>mater</span> <span class='ocrx_word' id='word_1_54' title='bbox 1394 637 1490 663; x_wconf 89' lang='lat' dir='ltr'>mea</span> 
     </span>
     <span class='ocr_line' id='line_1_10' title="bbox 83 690 1491 751; baseline 0.002 -18"><span class='ocrx_word' id='word_1_55' title='bbox 83 690 246 733; x_wconf 85' lang='lat' dir='ltr'>indicat</span> <span class='ocrx_word' id='word_1_56' title='bbox 276 692 339 744; x_wconf 90' lang='lat' dir='ltr'>ei,</span> <span class='ocrx_word' id='word_1_57' title='bbox 366 707 577 750; x_wconf 83' lang='lat' dir='ltr'>apparere</span> <span class='ocrx_word' id='word_1_58' title='bbox 610 692 771 734; x_wconf 87' lang='lat' dir='ltr'>nubem</span> <span class='ocrx_word' id='word_1_59' title='bbox 802 692 1007 735; x_wconf 88' lang='lat' dir='ltr'>inusitata</span> <span class='ocrx_word' id='word_1_60' title='bbox 1038 701 1081 734; x_wconf 89' lang='lat' dir='ltr'>et</span> <span class='ocrx_word' id='word_1_61' title='bbox 1114 691 1417 751; x_wconf 80' lang='lat' dir='ltr'>magnitudine</span> <span class='ocrx_word' id='word_1_62' title='bbox 1448 702 1491 736; x_wconf 89' lang='lat' dir='ltr'>et</span> 
     </span>
     <span class='ocr_line' id='line_1_11' title="bbox 83 762 1531 825; baseline 0.001 -20"><span class='ocrx_word' id='word_1_63' title='bbox 83 763 237 823; x_wconf 90' lang='lat' dir='ltr'>specie.</span> <span class='ocrx_word' id='word_1_64' title='bbox 269 765 384 807; x_wconf 87' lang='lat' dir='ltr'>Usus</span> <span class='ocrx_word' id='word_1_65' title='bbox 424 762 494 806; x_wconf 86' lang='lat' dir='ltr'>ille</span> <span class='ocrx_word' id='word_1_66' title='bbox 532 763 644 815; x_wconf 81' lang='lat' dir='ltr'>sole,</span> <span class='ocrx_word' id='word_1_67' title='bbox 681 781 781 807; x_wconf 79' lang='lat' dir='ltr'>mox</span> <span class='ocrx_word' id='word_1_68' title='bbox 815 763 998 825; x_wconf 77' lang='lat' dir='ltr'>frigida,</span> <span class='ocrx_word' id='word_1_69' title='bbox 1036 773 1284 824; x_wconf 80' lang='lat' dir='ltr'>gustaverat</span> <span class='ocrx_word' id='word_1_70' title='bbox 1314 766 1488 824; x_wconf 82' lang='lat' dir='ltr'>jacens,</span> <span class='ocrx_word' id='word_1_71' title='bbox 1517 768 1531 785; x_wconf 62' lang='lat'>&#39;⁹</span> 
     </span>
     <span class='ocr_line' id='line_1_12' title="bbox 82 835 1491 897; baseline 0.002 -19"><span class='ocrx_word' id='word_1_72' title='bbox 82 835 394 896; x_wconf 72' lang='lat' dir='ltr'>studebatque,</span> <span class='ocrx_word' id='word_1_73' title='bbox 422 837 559 897; x_wconf 89' lang='lat' dir='ltr'>poscit</span> <span class='ocrx_word' id='word_1_74' title='bbox 588 837 742 891; x_wconf 88' lang='lat' dir='ltr'>soleas,</span> <span class='ocrx_word' id='word_1_75' title='bbox 770 837 993 881; x_wconf 84' lang='lat' dir='ltr'>adscendit</span> <span class='ocrx_word' id='word_1_76' title='bbox 1019 836 1188 890; x_wconf 88' lang='lat' dir='ltr'>locum,</span> <span class='ocrx_word' id='word_1_77' title='bbox 1214 854 1265 880; x_wconf 80' lang='lat' dir='ltr'>ex</span> <span class='ocrx_word' id='word_1_78' title='bbox 1292 854 1379 897; x_wconf 90' lang='lat' dir='ltr'>quo</span> <span class='ocrx_word' id='word_1_79' title='bbox 1407 855 1491 881; x_wconf 88' lang='lat' dir='ltr'>ma-</span> 
     </span>
     <span class='ocr_line' id='line_1_13' title="bbox 81 908 1489 971; baseline 0.002 -20"><span class='ocrx_word' id='word_1_80' title='bbox 81 909 196 951; x_wconf 86' lang='lat' dir='ltr'>xime</span> <span class='ocrx_word' id='word_1_81' title='bbox 226 908 489 952; x_wconf 84' lang='lat' dir='ltr'>miraculum</span> <span class='ocrx_word' id='word_1_82' title='bbox 518 910 623 953; x_wconf 87' lang='lat' dir='ltr'>illud</span> <span class='ocrx_word' id='word_1_83' title='bbox 649 912 841 971; x_wconf 85' lang='lat' dir='ltr'>conspici</span> <span class='ocrx_word' id='word_1_84' title='bbox 866 920 1051 970; x_wconf 87' lang='lat' dir='ltr'>poterat.</span> <span class='ocrx_word' id='word_1_85' title='bbox 1081 910 1227 954; x_wconf 85' lang='lat' dir='ltr'>Nubes</span> <span class='ocrx_word' id='word_1_86' title='bbox 1252 909 1489 970; x_wconf 71' lang='lat' dir='ltr'>(incertum</span> 
     </span>
     <span class='ocr_line' id='line_1_14' title="bbox 80 980 1490 1043; baseline 0.001 -19"><span class='ocrx_word' id='word_1_87' title='bbox 80 980 234 1041; x_wconf 87' lang='lat' dir='ltr'>procul</span> <span class='ocrx_word' id='word_1_88' title='bbox 263 982 555 1039; x_wconf 87' lang='lat' dir='ltr'>intuentibus,</span> <span class='ocrx_word' id='word_1_89' title='bbox 579 999 630 1026; x_wconf 88' lang='lat' dir='ltr'>ex</span> <span class='ocrx_word' id='word_1_90' title='bbox 656 1000 743 1043; x_wconf 88' lang='lat' dir='ltr'>quo</span> <span class='ocrx_word' id='word_1_91' title='bbox 766 992 940 1038; x_wconf 70' lang='lat' dir='ltr'>monte,</span> <span class='ocrx_word' id='word_1_92' title='bbox 966 983 1211 1026; x_wconf 81' lang='lat' dir='ltr'>Vesuvium</span> <span class='ocrx_word' id='word_1_93' title='bbox 1244 982 1372 1025; x_wconf 88' lang='lat' dir='ltr'>fuisse</span> <span class='ocrx_word' id='word_1_94' title='bbox 1407 999 1490 1042; x_wconf 89' lang='lat' dir='ltr'>po-</span> 
     </span>
    </p>
   </div>
   <div class='ocr_carea' id='block_1_9' title="bbox 82 1053 1489 1115">
    <p class='ocr_par' dir='ltr' id='par_1_9' title="bbox 82 1053 1489 1115">
     <span class='ocr_line' id='line_1_15' title="bbox 82 1053 1489 1115; baseline 0.001 -19"><span class='ocrx_word' id='word_1_95' title='bbox 82 1063 172 1096; x_wconf 89' lang='lat' dir='ltr'>stea</span> <span class='ocrx_word' id='word_1_96' title='bbox 192 1056 420 1115; x_wconf 83' lang='lat' dir='ltr'>cognitum</span> <span class='ocrx_word' id='word_1_97' title='bbox 442 1053 524 1114; x_wconf 83' lang='lat' dir='ltr'>est)</span> <span class='ocrx_word' id='word_1_98' title='bbox 550 1056 774 1099; x_wconf 80' lang='lat' dir='ltr'>oriebatur</span> <span class='ocrx_word' id='word_1_99' title='bbox 796 1074 803 1098; x_wconf 89' lang='lat'>:</span> <span class='ocrx_word' id='word_1_100' title='bbox 830 1056 956 1115; x_wconf 83' lang='lat' dir='ltr'>cujus</span> <span class='ocrx_word' id='word_1_101' title='bbox 981 1054 1308 1098; x_wconf 76' lang='lat' dir='ltr'>similitudinmn</span> <span class='ocrx_word' id='word_1_102' title='bbox 1336 1065 1376 1098; x_wconf 86' lang='lat' dir='ltr'>et</span> <span class='ocrx_word' id='word_1_103' title='bbox 1404 1055 1489 1097; x_wconf 87' lang='lat' dir='ltr'>for-</span> 
     </span>
    </p>
   </div>
   <div class='ocr_carea' id='block_1_10' title="bbox 79 1127 1531 1189">
    <p class='ocr_par' dir='ltr' id='par_1_10' title="bbox 79 1127 1531 1189">
     <span class='ocr_line' id='line_1_16' title="bbox 79 1127 1531 1189; baseline 0.001 -20"><span class='ocrx_word' id='word_1_104' title='bbox 79 1143 198 1170; x_wconf 88' lang='lat' dir='ltr'>mam</span> <span class='ocrx_word' id='word_1_105' title='bbox 226 1144 316 1171; x_wconf 91' lang='lat' dir='ltr'>non</span> <span class='ocrx_word' id='word_1_106' title='bbox 342 1127 426 1171; x_wconf 87' lang='lat' dir='ltr'>alia</span> <span class='ocrx_word' id='word_1_107' title='bbox 450 1130 586 1189; x_wconf 87' lang='lat' dir='ltr'>magis</span> <span class='ocrx_word' id='word_1_108' title='bbox 612 1129 761 1179; x_wconf 81' lang='lat' dir='ltr'>arbor,</span> <span class='ocrx_word' id='word_1_109' title='bbox 782 1145 912 1189; x_wconf 89' lang='lat' dir='ltr'>quam</span> <span class='ocrx_word' id='word_1_110' title='bbox 935 1130 1064 1188; x_wconf 88' lang='lat' dir='ltr'>pinus</span> <span class='ocrx_word' id='word_1_111' title='bbox 1086 1128 1356 1187; x_wconf 77' lang='lat' dir='ltr'>expresserit.</span> <span class='ocrx_word' id='word_1_112' title='bbox 1372 1130 1486 1171; x_wconf 85' lang='lat' dir='ltr'>Nam</span> <span class='ocrx_word' id='word_1_113' title='bbox 1528 1132 1531 1136; x_wconf 84' lang='lat'>&#39;</span> 
     </span>
    </p>
   </div>
   <div class='ocr_carea' id='block_1_11' title="bbox 80 1197 1488 1261">
    <p class='ocr_par' dir='ltr' id='par_1_11' title="bbox 80 1197 1488 1261">
     <span class='ocr_line' id='line_1_17' title="bbox 80 1197 1488 1261; baseline 0.002 -20"><span class='ocrx_word' id='word_1_114' title='bbox 80 1197 334 1260; x_wconf 85' lang='lat' dir='ltr'>longissimo</span> <span class='ocrx_word' id='word_1_115' title='bbox 358 1200 476 1245; x_wconf 90' lang='lat' dir='ltr'>velut</span> <span class='ocrx_word' id='word_1_116' title='bbox 502 1211 657 1245; x_wconf 89' lang='lat' dir='ltr'>trunco</span> <span class='ocrx_word' id='word_1_117' title='bbox 684 1201 795 1245; x_wconf 84' lang='lat' dir='ltr'>elata</span> <span class='ocrx_word' id='word_1_118' title='bbox 821 1203 862 1244; x_wconf 91' lang='lat' dir='ltr'>in</span> <span class='ocrx_word' id='word_1_119' title='bbox 892 1201 1050 1256; x_wconf 86' lang='lat' dir='ltr'>altum,</span> <span class='ocrx_word' id='word_1_120' title='bbox 1072 1200 1332 1261; x_wconf 86' lang='lat' dir='ltr'>quibusdam</span> <span class='ocrx_word' id='word_1_121' title='bbox 1357 1201 1488 1244; x_wconf 88' lang='lat' dir='ltr'>ramis</span> 
     </span>
    </p>
   </div>
   <div class='ocr_carea' id='block_1_12' title="bbox 77 1310 753 2662">
    <p class='ocr_par' dir='ltr' id='par_1_12' title="bbox 79 1310 750 1616">
     <span class='ocr_line' id='line_1_18' title="bbox 127 1310 748 1349; baseline 0.006 -9"><span class='ocrx_word' id='word_1_122' title='bbox 127 1313 160 1349; x_wconf 71' lang='grc'>4.</span> <span class='ocrx_word' id='word_1_123' title='bbox 181 1312 264 1341; x_wconf 82' lang='lat' dir='ltr'>Erae</span> <span class='ocrx_word' id='word_1_124' title='bbox 287 1313 412 1342; x_wconf 82' lang='lat' dir='ltr'>Miseni.</span> <span class='ocrx_word' id='word_1_125' title='bbox 437 1310 506 1343; x_wconf 86' lang='lat' dir='ltr'>Ubi</span> <span class='ocrx_word' id='word_1_126' title='bbox 531 1323 569 1344; x_wconf 79' lang='lat' dir='ltr'>ex</span> <span class='ocrx_word' id='word_1_127' title='bbox 593 1311 748 1344; x_wconf 85' lang='lat' dir='ltr'>instituto</span> 
     </span>
     <span class='ocr_line' id='line_1_19' title="bbox 79 1361 750 1407; baseline 0.004 -14"><span class='ocrx_word' id='word_1_128' title='bbox 79 1362 225 1406; x_wconf 82' lang='lat' dir='ltr'>Augusti</span> <span class='ocrx_word' id='word_1_129' title='bbox 248 1361 336 1407; x_wconf 89' lang='lat' dir='ltr'>legio</span> <span class='ocrx_word' id='word_1_130' title='bbox 360 1364 515 1396; x_wconf 84' lang='lat' dir='ltr'>Romana</span> <span class='ocrx_word' id='word_1_131' title='bbox 541 1376 618 1396; x_wconf 88' lang='lat' dir='ltr'>cum</span> <span class='ocrx_word' id='word_1_132' title='bbox 642 1363 750 1396; x_wconf 79' lang='lat' dir='ltr'>classe</span> 
     </span>
     <span class='ocr_line' id='line_1_20' title="bbox 79 1412 750 1460; baseline 0.006 -16"><span class='ocrx_word' id='word_1_133' title='bbox 79 1412 226 1446; x_wconf 88' lang='lat' dir='ltr'>inferum</span> <span class='ocrx_word' id='word_1_134' title='bbox 252 1426 368 1454; x_wconf 84' lang='lat' dir='ltr'>mare,</span> <span class='ocrx_word' id='word_1_135' title='bbox 385 1415 562 1460; x_wconf 85' lang='lat' dir='ltr'>ipsamque</span> <span class='ocrx_word' id='word_1_136' title='bbox 586 1415 672 1448; x_wconf 87' lang='lat' dir='ltr'>adeo</span> <span class='ocrx_word' id='word_1_137' title='bbox 695 1428 750 1447; x_wconf 90' lang='lat' dir='ltr'>ur-</span> 
     </span>
     <span class='ocr_line' id='line_1_21' title="bbox 79 1465 748 1508; baseline 0.004 -11"><span class='ocrx_word' id='word_1_138' title='bbox 79 1465 157 1497; x_wconf 83' lang='lat' dir='ltr'>bem</span> <span class='ocrx_word' id='word_1_139' title='bbox 176 1466 347 1499; x_wconf 89' lang='lat' dir='ltr'>tuebatur.</span> <span class='ocrx_word' id='word_1_140' title='bbox 367 1466 450 1499; x_wconf 87' lang='lat' dir='ltr'>Vid.</span> <span class='ocrx_word' id='word_1_141' title='bbox 466 1468 549 1500; x_wconf 88' lang='lat' dir='ltr'>Tac.</span> <span class='ocrx_word' id='word_1_142' title='bbox 568 1468 609 1499; x_wconf 88' lang='lat' dir='ltr'>A.</span> <span class='ocrx_word' id='word_1_143' title='bbox 630 1468 694 1508; x_wconf 86' lang='lat' dir='ltr'>IV,</span> <span class='ocrx_word' id='word_1_144' title='bbox 714 1468 748 1506; x_wconf 86' lang='lat'>5,</span> 
     </span>
     <span class='ocr_line' id='line_1_22' title="bbox 83 1518 748 1565; baseline 0.003 -15"><span class='ocrx_word' id='word_1_145' title='bbox 83 1530 113 1550; x_wconf 79' lang='grc' dir='ltr'>Ι.</span> <span class='ocrx_word' id='word_1_146' title='bbox 134 1518 274 1552; x_wconf 89' lang='lat' dir='ltr'>Sueton.</span> <span class='ocrx_word' id='word_1_147' title='bbox 299 1520 388 1564; x_wconf 84' lang='lat' dir='ltr'>Aug.</span> <span class='ocrx_word' id='word_1_148' title='bbox 410 1520 541 1560; x_wconf 84' lang='lat' dir='ltr'>XLIX,</span> <span class='ocrx_word' id='word_1_149' title='bbox 564 1519 748 1565; x_wconf 75' lang='lat' dir='ltr'>praesertim</span> 
     </span>
     <span class='ocr_line' id='line_1_23' title="bbox 80 1570 589 1616; baseline 0.006 -14"><span class='ocrx_word' id='word_1_150' title='bbox 80 1570 201 1616; x_wconf 84' lang='lat' dir='ltr'>Veget.</span> <span class='ocrx_word' id='word_1_151' title='bbox 222 1570 266 1603; x_wconf 87' lang='lat' dir='ltr'>de</span> <span class='ocrx_word' id='word_1_152' title='bbox 281 1584 318 1604; x_wconf 89' lang='lat' dir='ltr'>re</span> <span class='ocrx_word' id='word_1_153' title='bbox 337 1572 407 1605; x_wconf 87' lang='lat' dir='ltr'>mil.</span> <span class='ocrx_word' id='word_1_154' title='bbox 425 1573 470 1612; x_wconf 86' lang='lat' dir='ltr'>V,</span> <span class='ocrx_word' id='word_1_155' title='bbox 494 1585 521 1605; x_wconf 87' lang='lat'>1.</span> <span class='ocrx_word' id='word_1_156' title='bbox 546 1572 589 1605; x_wconf 93' lang='lat' dir='ltr'>G.</span> 
     </span>
    </p>

    <p class='ocr_par' dir='ltr' id='par_1_13' title="bbox 77 1624 749 2187">
     <span class='ocr_line' id='line_1_24' title="bbox 125 1624 748 1668; baseline 0.003 -14"><span class='ocrx_word' id='word_1_157' title='bbox 125 1644 170 1647; x_wconf 97' lang='lat'><strong>—</strong></span> <span class='ocrx_word' id='word_1_158' title='bbox 186 1626 313 1655; x_wconf 84' lang='lat' dir='ltr'>Nonum</span> <span class='ocrx_word' id='word_1_159' title='bbox 330 1627 406 1656; x_wconf 82' lang='lat' dir='ltr'>Kal.</span> <span class='ocrx_word' id='word_1_160' title='bbox 423 1628 504 1668; x_wconf 76' lang='lat' dir='ltr'>Sept.</span> <span class='ocrx_word' id='word_1_161' title='bbox 520 1626 616 1658; x_wconf 90' lang='lat' dir='ltr'>Hanc</span> <span class='ocrx_word' id='word_1_162' title='bbox 632 1624 748 1657; x_wconf 83' lang='lat' dir='ltr'>lectio-</span> 
     </span>
     <span class='ocr_line' id='line_1_25' title="bbox 79 1676 749 1721; baseline 0.003 -14"><span class='ocrx_word' id='word_1_163' title='bbox 79 1686 157 1707; x_wconf 88' lang='lat' dir='ltr'>nem</span> <span class='ocrx_word' id='word_1_164' title='bbox 179 1687 218 1708; x_wconf 89' lang='lat' dir='ltr'>ex</span> <span class='ocrx_word' id='word_1_165' title='bbox 240 1676 314 1721; x_wconf 82' lang='lat' dir='ltr'>ipsa</span> <span class='ocrx_word' id='word_1_166' title='bbox 333 1676 474 1709; x_wconf 83' lang='lat' dir='ltr'>historia</span> <span class='ocrx_word' id='word_1_167' title='bbox 494 1684 524 1709; x_wconf 91' lang='lat' dir='ltr'>et</span> <span class='ocrx_word' id='word_1_168' title='bbox 543 1678 653 1709; x_wconf 87' lang='lat' dir='ltr'>Dione</span> <span class='ocrx_word' id='word_1_169' title='bbox 669 1689 749 1709; x_wconf 88' lang='lat' dir='ltr'>con-</span> 
     </span>
     <span class='ocr_line' id='line_1_26' title="bbox 77 1727 748 1776; baseline 0.003 -17"><span class='ocrx_word' id='word_1_170' title='bbox 77 1727 193 1760; x_wconf 79' lang='lat' dir='ltr'>firmat</span> <span class='ocrx_word' id='word_1_171' title='bbox 209 1728 362 1762; x_wconf 79' lang='lat' dir='ltr'>Masson.</span> <span class='ocrx_word' id='word_1_172' title='bbox 379 1732 412 1761; x_wconf 85' lang='lat' dir='ltr'>in</span> <span class='ocrx_word' id='word_1_173' title='bbox 428 1731 494 1762; x_wconf 76' lang='lat' dir='ltr'>vita</span> <span class='ocrx_word' id='word_1_174' title='bbox 509 1730 594 1762; x_wconf 83' lang='lat' dir='ltr'>Plin.</span> <span class='ocrx_word' id='word_1_175' title='bbox 611 1733 686 1776; x_wconf 83' lang='lat' dir='ltr'>jun.</span> <span class='ocrx_word' id='word_1_176' title='bbox 704 1729 748 1761; x_wconf 83' lang='lat' dir='ltr'>ad</span> 
     </span>
     <span class='ocr_line' id='line_1_27' title="bbox 78 1780 748 1815; baseline 0.001 -3"><span class='ocrx_word' id='word_1_177' title='bbox 78 1780 120 1812; x_wconf 84' lang='lat' dir='ltr'>A.</span> <span class='ocrx_word' id='word_1_178' title='bbox 132 1781 235 1812; x_wconf 86' lang='lat' dir='ltr'>XVII</span> <span class='ocrx_word' id='word_1_179' title='bbox 246 1789 278 1813; x_wconf 87' lang='lat' dir='ltr'>et</span> <span class='ocrx_word' id='word_1_180' title='bbox 289 1782 422 1814; x_wconf 87' lang='lat' dir='ltr'>XVIII.</span> <span class='ocrx_word' id='word_1_181' title='bbox 435 1781 527 1815; x_wconf 89' lang='lat' dir='ltr'>G.-—-</span> <span class='ocrx_word' id='word_1_182' title='bbox 537 1784 654 1815; x_wconf 75' lang='lat' dir='ltr'>Rom.«</span> <span class='ocrx_word' id='word_1_183' title='bbox 665 1782 748 1814; x_wconf 82' lang='lat' dir='ltr'>Prae-</span> 
     </span>
     <span class='ocr_line' id='line_1_28' title="bbox 81 1833 749 1877; baseline 0.003 -13"><span class='ocrx_word' id='word_1_184' title='bbox 81 1844 158 1865; x_wconf 83' lang='lat' dir='ltr'>sens</span> <span class='ocrx_word' id='word_1_185' title='bbox 176 1834 316 1877; x_wconf 85' lang='lat' dir='ltr'>regebat</span> <span class='ocrx_word' id='word_1_186' title='bbox 334 1833 415 1866; x_wconf 82' lang='lat' dir='ltr'>Kal.</span> <span class='ocrx_word' id='word_1_187' title='bbox 443 1834 643 1867; x_wconf 76' lang='lat' dir='ltr'>Novembris</span> <span class='ocrx_word' id='word_1_188' title='bbox 663 1834 749 1866; x_wconf 81' lang='lat' dir='ltr'>hora</span> 
     </span>
     <span class='ocr_line' id='line_1_29' title="bbox 79 1885 748 1930; baseline 0.001 -13"><span class='ocrx_word' id='word_1_189' title='bbox 79 1885 151 1918; x_wconf 84' lang='lat' dir='ltr'>fere</span> <span class='ocrx_word' id='word_1_190' title='bbox 161 1885 336 1930; x_wconf 84' lang='lat' dir='ltr'>septima.»</span> <span class='ocrx_word' id='word_1_191' title='bbox 347 1887 448 1919; x_wconf 74' lang='lat' dir='ltr'>Deest</span> <span class='ocrx_word' id='word_1_192' title='bbox 461 1900 544 1919; x_wconf 77' lang='lat' dir='ltr'>nono</span> <span class='ocrx_word' id='word_1_193' title='bbox 557 1913 564 1925; x_wconf 95' lang='lat'>‚</span> <span class='ocrx_word' id='word_1_194' title='bbox 580 1895 612 1920; x_wconf 85' lang='lat' dir='ltr'>et</span> <span class='ocrx_word' id='word_1_195' title='bbox 623 1885 748 1919; x_wconf 80' lang='lat' dir='ltr'>deinde</span> 
     </span>
     <span class='ocr_line' id='line_1_30' title="bbox 79 1937 748 1972; baseline 0.003 -3"><span class='ocrx_word' id='word_1_196' title='bbox 79 1939 153 1969; x_wconf 78' lang='lat' dir='ltr'>diei.</span> <span class='ocrx_word' id='word_1_197' title='bbox 172 1937 217 1970; x_wconf 90' lang='lat' dir='ltr'>H.</span> <span class='ocrx_word' id='word_1_198' title='bbox 232 1938 345 1970; x_wconf 74' lang='lat' dir='ltr'>—AL</span> <span class='ocrx_word' id='word_1_199' title='bbox 370 1940 494 1972; x_wconf 86' lang='lat' dir='ltr'>«Nono</span> <span class='ocrx_word' id='word_1_200' title='bbox 519 1939 663 1972; x_wconf 83' lang='lat' dir='ltr'>Calend.</span> <span class='ocrx_word' id='word_1_201' title='bbox 691 1940 748 1972; x_wconf 89' lang='lat' dir='ltr'>Se-</span> 
     </span>
     <span class='ocr_line' id='line_1_31' title="bbox 78 1990 747 2037; baseline 0.003 -16"><span class='ocrx_word' id='word_1_202' title='bbox 78 1990 243 2035; x_wconf 89' lang='lat' dir='ltr'>ptembris</span> <span class='ocrx_word' id='word_1_203' title='bbox 268 1991 355 2025; x_wconf 80' lang='lat' dir='ltr'>liora</span> <span class='ocrx_word' id='word_1_204' title='bbox 381 1990 449 2024; x_wconf 85' lang='lat' dir='ltr'>diei</span> <span class='ocrx_word' id='word_1_205' title='bbox 475 1993 544 2025; x_wconf 82' lang='lat' dir='ltr'>fere</span> <span class='ocrx_word' id='word_1_206' title='bbox 572 1992 747 2037; x_wconf 78' lang='lat' dir='ltr'>septima.»</span> 
     </span>
     <span class='ocr_line' id='line_1_32' title="bbox 79 2042 747 2088; baseline 0.003 -14"><span class='ocrx_word' id='word_1_207' title='bbox 79 2042 220 2088; x_wconf 80' lang='lat' dir='ltr'>Scripsit</span> <span class='ocrx_word' id='word_1_208' title='bbox 250 2043 401 2085; x_wconf 81' lang='lat' dir='ltr'>Plinius,</span> <span class='ocrx_word' id='word_1_209' title='bbox 434 2045 470 2076; x_wconf 93' lang='lat' dir='ltr'>ni</span> <span class='ocrx_word' id='word_1_210' title='bbox 499 2044 617 2084; x_wconf 87' lang='lat' dir='ltr'>fallor,</span> <span class='ocrx_word' id='word_1_211' title='bbox 646 2049 687 2076; x_wconf 78' lang='lat' dir='ltr'>A.</span> <span class='ocrx_word' id='word_1_212' title='bbox 717 2045 747 2074; x_wconf 80' lang='grc' dir='ltr'>(Ι.</span> 
     </span>
     <span class='ocr_line' id='line_1_33' title="bbox 79 2094 744 2139; baseline 0.002 -14"><span class='ocrx_word' id='word_1_213' title='bbox 79 2094 139 2126; x_wconf 89' lang='grc' dir='ltr'>ΙΧ.</span> <span class='ocrx_word' id='word_1_214' title='bbox 157 2098 296 2127; x_wconf 80' lang='lat' dir='ltr'>Kalend.</span> <span class='ocrx_word' id='word_1_215' title='bbox 326 2099 526 2139; x_wconf 79' lang='lat' dir='ltr'>Septembres.</span> <span class='ocrx_word' id='word_1_216' title='bbox 547 2096 629 2129; x_wconf 91' lang='lat' dir='ltr'>Cur.</span> <span class='ocrx_word' id='word_1_217' title='bbox 651 2100 691 2128; x_wconf 80' lang='lat' dir='ltr'>A.</span> <span class='ocrx_word' id='word_1_218' title='bbox 714 2099 744 2127; x_wconf 89' lang='lat' dir='ltr'>d.</span> 
     </span>
     <span class='ocr_line' id='line_1_34' title="bbox 79 2146 665 2187; baseline 0.005 -9"><span class='ocrx_word' id='word_1_219' title='bbox 79 2146 268 2180; x_wconf 85' lang='lat' dir='ltr'>exciderint</span> <span class='ocrx_word' id='word_1_220' title='bbox 286 2172 294 2187; x_wconf 93' lang='lat'>‚</span> <span class='ocrx_word' id='word_1_221' title='bbox 309 2161 411 2181; x_wconf 90' lang='lat' dir='ltr'>nemo</span> <span class='ocrx_word' id='word_1_222' title='bbox 426 2161 493 2181; x_wconf 87' lang='lat' dir='ltr'>non</span> <span class='ocrx_word' id='word_1_223' title='bbox 510 2148 613 2181; x_wconf 85' lang='lat' dir='ltr'>videt.</span> <span class='ocrx_word' id='word_1_224' title='bbox 630 2148 665 2181; x_wconf 89' lang='lat' dir='ltr'>S.</span> 
     </span>
    </p>

    <p class='ocr_par' dir='ltr' id='par_1_14' title="bbox 78 2199 751 2610">
     <span class='ocr_line' id='line_1_35' title="bbox 127 2199 747 2233; baseline 0.005 -3"><span class='ocrx_word' id='word_1_225' title='bbox 127 2202 159 2231; x_wconf 87' lang='lat'>5.</span> <span class='ocrx_word' id='word_1_226' title='bbox 179 2203 257 2230; x_wconf 78' lang='lat' dir='ltr'>Usus</span> <span class='ocrx_word' id='word_1_227' title='bbox 276 2201 328 2231; x_wconf 85' lang='lat' dir='ltr'>ille</span> <span class='ocrx_word' id='word_1_228' title='bbox 347 2204 421 2233; x_wconf 80' lang='lat' dir='ltr'>sole.</span> <span class='ocrx_word' id='word_1_229' title='bbox 443 2200 489 2232; x_wconf 86' lang='lat' dir='ltr'>Ut</span> <span class='ocrx_word' id='word_1_230' title='bbox 507 2201 647 2233; x_wconf 80' lang='lat' dir='ltr'>solebat.</span> <span class='ocrx_word' id='word_1_231' title='bbox 663 2199 747 2233; x_wconf 82' lang='lat' dir='ltr'>Vid.</span> 
     </span>
     <span class='ocr_line' id='line_1_36' title="bbox 79 2250 749 2297; baseline 0.003 -15"><span class='ocrx_word' id='word_1_232' title='bbox 79 2251 131 2282; x_wconf 90' lang='lat' dir='ltr'>III</span> <span class='ocrx_word' id='word_1_233' title='bbox 145 2277 153 2291; x_wconf 94' lang='lat'>,</span> <span class='ocrx_word' id='word_1_234' title='bbox 171 2250 188 2283; x_wconf 86' lang='lat'><strong><em>5</em></strong></span> <span class='ocrx_word' id='word_1_235' title='bbox 202 2276 210 2290; x_wconf 92' lang='lat'>‚</span> <span class='ocrx_word' id='word_1_236' title='bbox 236 2263 249 2283; x_wconf 91' lang='lat'>1</span> <span class='ocrx_word' id='word_1_237' title='bbox 260 2263 290 2291; x_wconf 88' lang='lat'>1,</span> <span class='ocrx_word' id='word_1_238' title='bbox 306 2252 365 2284; x_wconf 89' lang='lat' dir='ltr'>ubi</span> <span class='ocrx_word' id='word_1_239' title='bbox 380 2253 480 2284; x_wconf 87' lang='lat' dir='ltr'>etiam</span> <span class='ocrx_word' id='word_1_240' title='bbox 499 2252 542 2285; x_wconf 85' lang='lat' dir='ltr'>de</span> <span class='ocrx_word' id='word_1_241' title='bbox 557 2252 749 2297; x_wconf 80' lang='lat' dir='ltr'>gustatione</span> 
     </span>
     <span class='ocr_line' id='line_1_37' title="bbox 78 2302 750 2349; baseline 0.001 -14"><span class='ocrx_word' id='word_1_242' title='bbox 78 2302 122 2335; x_wconf 95' lang='lat' dir='ltr'>G.</span> <span class='ocrx_word' id='word_1_243' title='bbox 134 2304 288 2336; x_wconf 86' lang='lat' dir='ltr'>—Rom.</span> <span class='ocrx_word' id='word_1_244' title='bbox 311 2320 324 2331; x_wconf 86' lang='lat'>«</span> <span class='ocrx_word' id='word_1_245' title='bbox 335 2304 447 2349; x_wconf 80' lang='lat' dir='ltr'>Surgit</span> <span class='ocrx_word' id='word_1_246' title='bbox 460 2304 515 2336; x_wconf 87' lang='lat' dir='ltr'>ille</span> <span class='ocrx_word' id='word_1_247' title='bbox 530 2312 567 2337; x_wconf 89' lang='lat' dir='ltr'>ut</span> <span class='ocrx_word' id='word_1_248' title='bbox 581 2318 599 2336; x_wconf 83' lang='lat' dir='ltr'>e</span> <span class='ocrx_word' id='word_1_249' title='bbox 613 2304 683 2337; x_wconf 86' lang='lat' dir='ltr'>sole</span> <span class='ocrx_word' id='word_1_250' title='bbox 700 2317 750 2336; x_wconf 84' lang='lat' dir='ltr'>so-</span> 
     </span>
     <span class='ocr_line' id='line_1_38' title="bbox 78 2354 750 2401; baseline 0.003 -15"><span class='ocrx_word' id='word_1_251' title='bbox 78 2354 124 2387; x_wconf 89' lang='lat' dir='ltr'>let</span> <span class='ocrx_word' id='word_1_252' title='bbox 154 2354 280 2399; x_wconf 86' lang='lat' dir='ltr'>frigida</span> <span class='ocrx_word' id='word_1_253' title='bbox 314 2363 448 2400; x_wconf 83' lang='lat' dir='ltr'>gustata</span> <span class='ocrx_word' id='word_1_254' title='bbox 478 2368 484 2389; x_wconf 89' lang='lat'>:</span> <span class='ocrx_word' id='word_1_255' title='bbox 502 2358 620 2401; x_wconf 84' lang='lat' dir='ltr'>jacens</span> <span class='ocrx_word' id='word_1_256' title='bbox 657 2357 750 2388; x_wconf 87' lang='lat' dir='ltr'>enim</span> 
     </span>
     <span class='ocr_line' id='line_1_39' title="bbox 78 2405 750 2452; baseline 0.003 -13"><span class='ocrx_word' id='word_1_257' title='bbox 78 2405 263 2439; x_wconf 75' lang='lat' dir='ltr'>Studebat:</span> <span class='ocrx_word' id='word_1_258' title='bbox 292 2408 447 2452; x_wconf 80' lang='lat' dir='ltr'>poposcit</span> <span class='ocrx_word' id='word_1_259' title='bbox 469 2408 616 2441; x_wconf 71' lang='lat' dir='ltr'>soleas.»</span> <span class='ocrx_word' id='word_1_260' title='bbox 646 2408 688 2441; x_wconf 89' lang='lat' dir='ltr'>H.</span> <span class='ocrx_word' id='word_1_261' title='bbox 706 2429 750 2433; x_wconf 74' lang='lat'>—</span> 
     </span>
     <span class='ocr_line' id='line_1_40' title="bbox 79 2457 751 2506; baseline 0.003 -16"><span class='ocrx_word' id='word_1_262' title='bbox 79 2457 192 2491; x_wconf 87' lang='lat' dir='ltr'>Habes</span> <span class='ocrx_word' id='word_1_263' title='bbox 215 2460 346 2493; x_wconf 85' lang='lat' dir='ltr'>fontem</span> <span class='ocrx_word' id='word_1_264' title='bbox 361 2485 369 2499; x_wconf 86' lang='lat'>‚</span> <span class='ocrx_word' id='word_1_265' title='bbox 393 2472 433 2492; x_wconf 85' lang='lat' dir='ltr'>ex</span> <span class='ocrx_word' id='word_1_266' title='bbox 453 2473 523 2506; x_wconf 86' lang='lat' dir='ltr'>quo</span> <span class='ocrx_word' id='word_1_267' title='bbox 550 2460 751 2493; x_wconf 74' lang='lat' dir='ltr'>Harsluinus</span> 
     </span>
     <span class='ocr_line' id='line_1_41' title="bbox 79 2510 751 2557; baseline 0.003 -15"><span class='ocrx_word' id='word_1_268' title='bbox 79 2510 194 2543; x_wconf 83' lang='lat' dir='ltr'>hausit</span> <span class='ocrx_word' id='word_1_269' title='bbox 205 2535 213 2551; x_wconf 86' lang='lat'><strong>‚</strong></span> <span class='ocrx_word' id='word_1_270' title='bbox 228 2511 390 2557; x_wconf 77' lang='lat' dir='ltr'>indignus</span> <span class='ocrx_word' id='word_1_271' title='bbox 410 2512 489 2545; x_wconf 90' lang='lat' dir='ltr'>ideo</span> <span class='ocrx_word' id='word_1_272' title='bbox 502 2538 509 2552; x_wconf 87' lang='lat'><strong><em>‚</em></strong></span> <span class='ocrx_word' id='word_1_273' title='bbox 524 2525 626 2557; x_wconf 80' lang='lat' dir='ltr'>quein</span> <span class='ocrx_word' id='word_1_274' title='bbox 644 2512 751 2545; x_wconf 81' lang='lat' dir='ltr'>Gieri-</span> 
     </span>
     <span class='ocr_line' id='line_1_42' title="bbox 80 2562 654 2610; baseline 0.005 -17"><span class='ocrx_word' id='word_1_275' title='bbox 80 2562 155 2606; x_wconf 86' lang='lat' dir='ltr'>gius</span> <span class='ocrx_word' id='word_1_276' title='bbox 170 2570 240 2595; x_wconf 88' lang='lat' dir='ltr'>tam</span> <span class='ocrx_word' id='word_1_277' title='bbox 258 2565 381 2596; x_wconf 84' lang='lat' dir='ltr'>acerbe</span> <span class='ocrx_word' id='word_1_278' title='bbox 401 2565 606 2610; x_wconf 74' lang='lat' dir='ltr'>increparet.</span> <span class='ocrx_word' id='word_1_279' title='bbox 621 2566 654 2598; x_wconf 89' lang='lat' dir='ltr'>S.</span> 
     </span>
    </p>

    <p class='ocr_par' dir='ltr' id='par_1_15' title="bbox 127 2617 753 2662">
     <span class='ocr_line' id='line_1_43' title="bbox 127 2617 753 2662; baseline 0.005 -17"><span class='ocrx_word' id='word_1_280' title='bbox 127 2635 172 2638; x_wconf 96' lang='lat'><strong>—</strong></span> <span class='ocrx_word' id='word_1_281' title='bbox 187 2619 363 2649; x_wconf 76' lang='lat' dir='ltr'>Vesuvium.</span> <span class='ocrx_word' id='word_1_282' title='bbox 395 2617 468 2649; x_wconf 87' lang='lat' dir='ltr'>Hoc</span> <span class='ocrx_word' id='word_1_283' title='bbox 487 2617 636 2662; x_wconf 79' lang='lat' dir='ltr'>primum</span> <span class='ocrx_word' id='word_1_284' title='bbox 663 2617 753 2650; x_wconf 90' lang='lat' dir='ltr'>illius</span> 
     </span>
    </p>
   </div>
   <div class='ocr_carea' id='block_1_13' title="bbox 81 2667 755 2711">
    <p class='ocr_par' dir='ltr' id='par_1_16' title="bbox 81 2667 755 2711">
     <span class='ocr_line' id='line_1_44' title="bbox 81 2667 755 2711; baseline 0.006 -13"><span class='ocrx_word' id='word_1_285' title='bbox 81 2667 206 2699; x_wconf 82' lang='lat' dir='ltr'>montis</span> <span class='ocrx_word' id='word_1_286' title='bbox 223 2668 326 2711; x_wconf 77' lang='lat' dir='ltr'>vulgo</span> <span class='ocrx_word' id='word_1_287' title='bbox 338 2668 495 2702; x_wconf 84' lang='lat' dir='ltr'>habitum</span> <span class='ocrx_word' id='word_1_288' title='bbox 511 2682 582 2702; x_wconf 73' lang='lat' dir='ltr'>esse</span> <span class='ocrx_word' id='word_1_289' title='bbox 598 2669 656 2702; x_wconf 87' lang='lat' dir='ltr'>illo</span> <span class='ocrx_word' id='word_1_290' title='bbox 675 2677 755 2702; x_wconf 84' lang='lat' dir='ltr'>tern-</span> 
     </span>
    </p>
   </div>
   <div class='ocr_carea' id='block_1_14' title="bbox 814 1309 1490 2664">
    <p class='ocr_par' dir='ltr' id='par_1_17' title="bbox 814 1309 1490 2664">
     <span class='ocr_line' id='line_1_45' title="bbox 816 1309 1487 1355; baseline -0.001 -12"><span class='ocrx_word' id='word_1_291' title='bbox 816 1322 899 1355; x_wconf 88' lang='lat' dir='ltr'>pore</span> <span class='ocrx_word' id='word_1_292' title='bbox 913 1309 1112 1343; x_wconf 81' lang='lat' dir='ltr'>incendium</span> <span class='ocrx_word' id='word_1_293' title='bbox 1128 1335 1136 1349; x_wconf 88' lang='lat'>‚</span> <span class='ocrx_word' id='word_1_294' title='bbox 1151 1317 1222 1341; x_wconf 87' lang='lat' dir='ltr'>tum</span> <span class='ocrx_word' id='word_1_295' title='bbox 1243 1309 1348 1341; x_wconf 85' lang='lat' dir='ltr'>nostri</span> <span class='ocrx_word' id='word_1_296' title='bbox 1366 1320 1487 1342; x_wconf 88' lang='lat' dir='ltr'>narra-</span> 
     </span>
     <span class='ocr_line' id='line_1_46' title="bbox 816 1360 1488 1406; baseline 0 -12"><span class='ocrx_word' id='word_1_297' title='bbox 816 1362 882 1402; x_wconf 87' lang='lat' dir='ltr'>tio,</span> <span class='ocrx_word' id='word_1_298' title='bbox 903 1370 976 1394; x_wconf 86' lang='lat' dir='ltr'>tum</span> <span class='ocrx_word' id='word_1_299' title='bbox 1001 1362 1120 1394; x_wconf 87' lang='lat' dir='ltr'>Dionis</span> <span class='ocrx_word' id='word_1_300' title='bbox 1151 1361 1244 1406; x_wconf 88' lang='lat' dir='ltr'>apud</span> <span class='ocrx_word' id='word_1_301' title='bbox 1268 1360 1488 1405; x_wconf 86' lang='lat' dir='ltr'>Xiphilinum</span> 
     </span>
     <span class='ocr_line' id='line_1_47' title="bbox 817 1413 1487 1458; baseline -0.001 -11"><span class='ocrx_word' id='word_1_302' title='bbox 817 1415 896 1447; x_wconf 85' lang='lat' dir='ltr'>satis</span> <span class='ocrx_word' id='word_1_303' title='bbox 917 1414 1016 1447; x_wconf 81' lang='lat' dir='ltr'>docet</span> <span class='ocrx_word' id='word_1_304' title='bbox 1034 1427 1041 1446; x_wconf 89' lang='lat'>:</span> <span class='ocrx_word' id='word_1_305' title='bbox 1063 1427 1126 1447; x_wconf 86' lang='lat' dir='ltr'>nec</span> <span class='ocrx_word' id='word_1_306' title='bbox 1144 1413 1231 1446; x_wconf 89' lang='lat' dir='ltr'>adeo</span> <span class='ocrx_word' id='word_1_307' title='bbox 1251 1426 1356 1458; x_wconf 85' lang='lat' dir='ltr'>prope</span> <span class='ocrx_word' id='word_1_308' title='bbox 1374 1426 1487 1446; x_wconf 87' lang='lat' dir='ltr'>acces-</span> 
     </span>
     <span class='ocr_line' id='line_1_48' title="bbox 816 1465 1489 1499; baseline -0.003 0"><span class='ocrx_word' id='word_1_309' title='bbox 816 1479 916 1499; x_wconf 89' lang='lat' dir='ltr'>surus</span> <span class='ocrx_word' id='word_1_310' title='bbox 944 1465 1080 1499; x_wconf 85' lang='lat' dir='ltr'>videtur</span> <span class='ocrx_word' id='word_1_311' title='bbox 1099 1466 1203 1499; x_wconf 80' lang='lat' dir='ltr'>fuisse</span> <span class='ocrx_word' id='word_1_312' title='bbox 1231 1474 1362 1498; x_wconf 79' lang='lat' dir='ltr'>naturae</span> <span class='ocrx_word' id='word_1_313' title='bbox 1381 1465 1489 1498; x_wconf 86' lang='lat' dir='ltr'>histo·</span> 
     </span>
     <span class='ocr_line' id='line_1_49' title="bbox 815 1517 1490 1563; baseline -0.001 -12"><span class='ocrx_word' id='word_1_314' title='bbox 815 1519 926 1558; x_wconf 83' lang='lat' dir='ltr'>ricus,</span> <span class='ocrx_word' id='word_1_315' title='bbox 949 1519 975 1551; x_wconf 92' lang='lat' dir='ltr'>si</span> <span class='ocrx_word' id='word_1_316' title='bbox 1001 1517 1084 1563; x_wconf 89' lang='lat' dir='ltr'>quid</span> <span class='ocrx_word' id='word_1_317' title='bbox 1104 1518 1147 1551; x_wconf 91' lang='lat' dir='ltr'>de</span> <span class='ocrx_word' id='word_1_318' title='bbox 1177 1519 1235 1550; x_wconf 88' lang='lat' dir='ltr'>illo</span> <span class='ocrx_word' id='word_1_319' title='bbox 1259 1526 1376 1550; x_wconf 83' lang='lat' dir='ltr'>monte</span> <span class='ocrx_word' id='word_1_320' title='bbox 1400 1530 1490 1550; x_wconf 92' lang='lat' dir='ltr'>com-</span> 
     </span>
     <span class='ocr_line' id='line_1_50' title="bbox 816 1570 1490 1616; baseline -0.003 -12"><span class='ocrx_word' id='word_1_321' title='bbox 816 1579 952 1616; x_wconf 85' lang='lat' dir='ltr'>pertum</span> <span class='ocrx_word' id='word_1_322' title='bbox 976 1571 1165 1603; x_wconf 81' lang='lat' dir='ltr'>habuisset.</span> <span class='ocrx_word' id='word_1_323' title='bbox 1190 1570 1332 1602; x_wconf 85' lang='lat' dir='ltr'>Interim</span> <span class='ocrx_word' id='word_1_324' title='bbox 1353 1583 1423 1603; x_wconf 90' lang='lat' dir='ltr'>non</span> <span class='ocrx_word' id='word_1_325' title='bbox 1449 1583 1490 1602; x_wconf 83' lang='lat' dir='ltr'>ex</span> 
     </span>
     <span class='ocr_line' id='line_1_51' title="bbox 815 1621 1490 1667; baseline -0.003 -12"><span class='ocrx_word' id='word_1_326' title='bbox 815 1623 1000 1655; x_wconf 84' lang='lat' dir='ltr'>traditione</span> <span class='ocrx_word' id='word_1_327' title='bbox 1014 1621 1120 1654; x_wconf 81' lang='lat' dir='ltr'>inodo</span> <span class='ocrx_word' id='word_1_328' title='bbox 1133 1647 1141 1662; x_wconf 90' lang='lat'><strong>‚</strong></span> <span class='ocrx_word' id='word_1_329' title='bbox 1160 1621 1219 1654; x_wconf 87' lang='lat' dir='ltr'>sed</span> <span class='ocrx_word' id='word_1_330' title='bbox 1235 1635 1274 1655; x_wconf 77' lang='lat' dir='ltr'>ex</span> <span class='ocrx_word' id='word_1_331' title='bbox 1290 1622 1360 1667; x_wconf 82' lang='lat' dir='ltr'>ipsa</span> <span class='ocrx_word' id='word_1_332' title='bbox 1375 1622 1490 1667; x_wconf 85' lang='lat' dir='ltr'>campi</span> 
     </span>
     <span class='ocr_line' id='line_1_52' title="bbox 816 1674 1489 1720; baseline -0.001 -13"><span class='ocrx_word' id='word_1_333' title='bbox 816 1675 982 1720; x_wconf 70' lang='lat' dir='ltr'>Phlegraei</span> <span class='ocrx_word' id='word_1_334' title='bbox 1011 1674 1240 1719; x_wconf 81' lang='lat' dir='ltr'>adpellatione</span> <span class='ocrx_word' id='word_1_335' title='bbox 1252 1699 1260 1714; x_wconf 89' lang='lat'>‚</span> <span class='ocrx_word' id='word_1_336' title='bbox 1293 1682 1325 1706; x_wconf 90' lang='lat' dir='ltr'>et</span> <span class='ocrx_word' id='word_1_337' title='bbox 1351 1674 1489 1719; x_wconf 87' lang='lat' dir='ltr'>ingenio</span> 
     </span>
     <span class='ocr_line' id='line_1_53' title="bbox 814 1725 1489 1772; baseline -0.001 -13"><span class='ocrx_word' id='word_1_338' title='bbox 814 1728 881 1759; x_wconf 92' lang='lat' dir='ltr'>loci</span> <span class='ocrx_word' id='word_1_339' title='bbox 899 1727 1127 1772; x_wconf 79' lang='lat' dir='ltr'>argumentati</span> <span class='ocrx_word' id='word_1_340' title='bbox 1144 1725 1315 1758; x_wconf 87' lang='lat' dir='ltr'>Diodorus</span> <span class='ocrx_word' id='word_1_341' title='bbox 1330 1727 1464 1760; x_wconf 89' lang='lat' dir='ltr'>Siculus</span> <span class='ocrx_word' id='word_1_342' title='bbox 1478 1751 1489 1765; x_wconf 86' lang='lat'>‚</span> 
     </span>
     <span class='ocr_line' id='line_1_54' title="bbox 816 1779 1488 1819; baseline -0.001 -7"><span class='ocrx_word' id='word_1_343' title='bbox 816 1787 848 1812; x_wconf 93' lang='lat' dir='ltr'>et</span> <span class='ocrx_word' id='word_1_344' title='bbox 860 1780 1038 1812; x_wconf 80' lang='lat' dir='ltr'>Vitruvius</span> <span class='ocrx_word' id='word_1_345' title='bbox 1051 1803 1059 1818; x_wconf 85' lang='lat'>,</span> <span class='ocrx_word' id='word_1_346' title='bbox 1073 1779 1131 1811; x_wconf 90' lang='lat' dir='ltr'>ille</span> <span class='ocrx_word' id='word_1_347' title='bbox 1145 1779 1203 1810; x_wconf 92' lang='lat' dir='ltr'>lib.</span> <span class='ocrx_word' id='word_1_348' title='bbox 1217 1779 1281 1819; x_wconf 80' lang='lat' dir='ltr'>IV,</span> <span class='ocrx_word' id='word_1_349' title='bbox 1299 1791 1335 1811; x_wconf 80' lang='lat'>21</span> <span class='ocrx_word' id='word_1_350' title='bbox 1346 1805 1354 1819; x_wconf 89' lang='lat'>,</span> <span class='ocrx_word' id='word_1_351' title='bbox 1369 1779 1424 1811; x_wconf 88' lang='lat' dir='ltr'>hic</span> <span class='ocrx_word' id='word_1_352' title='bbox 1439 1779 1488 1819; x_wconf 85' lang='grc' dir='ltr'>ΙΙ,</span> 
     </span>
     <span class='ocr_line' id='line_1_55' title="bbox 817 1831 1490 1876; baseline -0.001 -12"><span class='ocrx_word' id='word_1_353' title='bbox 817 1834 836 1864; x_wconf 92' lang='grc'>6</span> <span class='ocrx_word' id='word_1_354' title='bbox 849 1857 857 1871; x_wconf 89' lang='grc'>,</span> <span class='ocrx_word' id='word_1_355' title='bbox 871 1832 953 1864; x_wconf 88' lang='lat' dir='ltr'>olim</span> <span class='ocrx_word' id='word_1_356' title='bbox 969 1831 1090 1864; x_wconf 81' lang='lat' dir='ltr'>arsisse</span> <span class='ocrx_word' id='word_1_357' title='bbox 1104 1831 1194 1864; x_wconf 89' lang='lat' dir='ltr'>hanc</span> <span class='ocrx_word' id='word_1_358' title='bbox 1208 1831 1384 1876; x_wconf 80' lang='lat' dir='ltr'>regionem</span> <span class='ocrx_word' id='word_1_359' title='bbox 1396 1856 1404 1870; x_wconf 93' lang='lat'>‚</span> <span class='ocrx_word' id='word_1_360' title='bbox 1420 1844 1490 1876; x_wconf 88' lang='lat' dir='ltr'>per-</span> 
     </span>
     <span class='ocr_line' id='line_1_56' title="bbox 816 1884 1487 1928; baseline -0.001 -11"><span class='ocrx_word' id='word_1_361' title='bbox 816 1884 970 1917; x_wconf 80' lang='lat' dir='ltr'>suadent.</span> <span class='ocrx_word' id='word_1_362' title='bbox 984 1884 1047 1916; x_wconf 92' lang='lat' dir='ltr'>Hic</span> <span class='ocrx_word' id='word_1_363' title='bbox 1063 1897 1070 1917; x_wconf 77' lang='lat' dir='ltr'><strong><em>z</em></strong></span> <span class='ocrx_word' id='word_1_364' title='bbox 1093 1885 1189 1917; x_wconf 84' lang='lat' dir='ltr'>«Non</span> <span class='ocrx_word' id='word_1_365' title='bbox 1205 1884 1319 1916; x_wconf 84' lang='lat' dir='ltr'>minus</span> <span class='ocrx_word' id='word_1_366' title='bbox 1333 1911 1342 1925; x_wconf 94' lang='lat'>,</span> <span class='ocrx_word' id='word_1_367' title='bbox 1354 1884 1467 1928; x_wconf 88' lang='lat' dir='ltr'>inquit</span> <span class='ocrx_word' id='word_1_368' title='bbox 1478 1911 1487 1927; x_wconf 89' lang='lat'>,</span> 
     </span>
     <span class='ocr_line' id='line_1_57' title="bbox 816 1936 1489 1980; baseline 0 -11"><span class='ocrx_word' id='word_1_369' title='bbox 816 1944 1028 1970; x_wconf 76' lang='lat' dir='ltr'>memoratur</span> <span class='ocrx_word' id='word_1_370' title='bbox 1050 1936 1239 1980; x_wconf 83' lang='lat' dir='ltr'>antiquitus</span> <span class='ocrx_word' id='word_1_371' title='bbox 1260 1936 1409 1969; x_wconf 85' lang='lat' dir='ltr'>crevisse</span> <span class='ocrx_word' id='word_1_372' title='bbox 1433 1949 1489 1969; x_wconf 91' lang='lat' dir='ltr'>ar-</span> 
     </span>
     <span class='ocr_line' id='line_1_58' title="bbox 816 1988 1489 2031; baseline 0 -9"><span class='ocrx_word' id='word_1_373' title='bbox 816 1989 917 2022; x_wconf 87' lang='lat' dir='ltr'>dores</span> <span class='ocrx_word' id='word_1_374' title='bbox 931 2016 939 2031; x_wconf 94' lang='lat'>,</span> <span class='ocrx_word' id='word_1_375' title='bbox 961 1997 992 2022; x_wconf 89' lang='lat' dir='ltr'>et</span> <span class='ocrx_word' id='word_1_376' title='bbox 1010 1988 1239 2021; x_wconf 86' lang='lat' dir='ltr'>abundavisse</span> <span class='ocrx_word' id='word_1_377' title='bbox 1255 1989 1320 2021; x_wconf 89' lang='lat' dir='ltr'>sub</span> <span class='ocrx_word' id='word_1_378' title='bbox 1335 1988 1489 2022; x_wconf 81' lang='lat' dir='ltr'>Vesuvio</span> 
     </span>
     <span class='ocr_line' id='line_1_59' title="bbox 817 2040 1489 2086; baseline -0.001 -12"><span class='ocrx_word' id='word_1_379' title='bbox 817 2051 948 2081; x_wconf 86' lang='lat' dir='ltr'>monte,</span> <span class='ocrx_word' id='word_1_380' title='bbox 957 2049 989 2073; x_wconf 87' lang='lat' dir='ltr'>et</span> <span class='ocrx_word' id='word_1_381' title='bbox 998 2040 1078 2073; x_wconf 87' lang='lat' dir='ltr'>inde</span> <span class='ocrx_word' id='word_1_382' title='bbox 1091 2042 1282 2074; x_wconf 81' lang='lat' dir='ltr'>evomuisse</span> <span class='ocrx_word' id='word_1_383' title='bbox 1291 2044 1380 2073; x_wconf 83' lang='lat' dir='ltr'>circa</span> <span class='ocrx_word' id='word_1_384' title='bbox 1389 2053 1489 2086; x_wconf 83' lang='lat' dir='ltr'>agros</span> 
     </span>
     <span class='ocr_line' id='line_1_60' title="bbox 817 2093 1488 2126; baseline -0.001 0"><span class='ocrx_word' id='word_1_385' title='bbox 817 2094 990 2126; x_wconf 80' lang='lat' dir='ltr'>flammam</span> <span class='ocrx_word' id='word_1_386' title='bbox 999 2120 1005 2125; x_wconf 95' lang='lat'>.</span> <span class='ocrx_word' id='word_1_387' title='bbox 1019 2110 1031 2122; x_wconf 73' lang='grc' dir='ltr'><strong>υ</strong></span> <span class='ocrx_word' id='word_1_388' title='bbox 1046 2093 1090 2126; x_wconf 86' lang='lat' dir='ltr'>G.</span> <span class='ocrx_word' id='word_1_389' title='bbox 1102 2114 1147 2117; x_wconf 93' lang='lat'>——</span> <span class='ocrx_word' id='word_1_390' title='bbox 1158 2096 1276 2124; x_wconf 78' lang='lat' dir='ltr'>Procul</span> <span class='ocrx_word' id='word_1_391' title='bbox 1286 2095 1488 2125; x_wconf 75' lang='lat' dir='ltr'>intuentibus.</span> 
     </span>
     <span class='ocr_line' id='line_1_61' title="bbox 817 2145 1489 2179; baseline 0 -1"><span class='ocrx_word' id='word_1_392' title='bbox 817 2147 911 2179; x_wconf 89' lang='lat' dir='ltr'>Inter</span> <span class='ocrx_word' id='word_1_393' title='bbox 930 2146 1103 2179; x_wconf 82' lang='lat' dir='ltr'>Misenum</span> <span class='ocrx_word' id='word_1_394' title='bbox 1121 2152 1153 2178; x_wconf 82' lang='lat' dir='ltr'>et</span> <span class='ocrx_word' id='word_1_395' title='bbox 1171 2145 1360 2177; x_wconf 80' lang='lat' dir='ltr'>Vesuvium</span> <span class='ocrx_word' id='word_1_396' title='bbox 1394 2158 1489 2178; x_wconf 89' lang='lat' dir='ltr'>mon·-</span> 
     </span>
     <span class='ocr_line' id='line_1_62' title="bbox 818 2197 1486 2244; baseline -0.001 -13"><span class='ocrx_word' id='word_1_397' title='bbox 818 2206 886 2231; x_wconf 83' lang='lat' dir='ltr'>tem</span> <span class='ocrx_word' id='word_1_398' title='bbox 919 2198 1013 2231; x_wconf 85' lang='lat' dir='ltr'>sinus</span> <span class='ocrx_word' id='word_1_399' title='bbox 1040 2197 1248 2230; x_wconf 87' lang='lat' dir='ltr'>Puteolanus</span> <span class='ocrx_word' id='word_1_400' title='bbox 1276 2198 1486 2244; x_wconf 79' lang='lat' dir='ltr'>interjectus.</span> 
     </span>
     <span class='ocr_line' id='line_1_63' title="bbox 818 2251 1489 2295; baseline -0.001 -12"><span class='ocrx_word' id='word_1_401' title='bbox 818 2252 886 2284; x_wconf 79' lang='lat' dir='ltr'>En.</span> <span class='ocrx_word' id='word_1_402' title='bbox 898 2271 943 2275; x_wconf 92' lang='lat'><strong>—</strong></span> <span class='ocrx_word' id='word_1_403' title='bbox 958 2253 1065 2283; x_wconf 78' lang='lat' dir='ltr'>Pinus.</span> <span class='ocrx_word' id='word_1_404' title='bbox 1085 2251 1205 2283; x_wconf 80' lang='lat' dir='ltr'>Italica</span> <span class='ocrx_word' id='word_1_405' title='bbox 1222 2251 1293 2284; x_wconf 79' lang='lat' dir='ltr'>scil.</span> <span class='ocrx_word' id='word_1_406' title='bbox 1310 2263 1414 2295; x_wconf 83' lang='lat' dir='ltr'>quani</span> <span class='ocrx_word' id='word_1_407' title='bbox 1430 2251 1489 2283; x_wconf 91' lang='lat' dir='ltr'>ho-</span> 
     </span>
     <span class='ocr_line' id='line_1_64' title="bbox 819 2304 1489 2348; baseline -0.001 -12"><span class='ocrx_word' id='word_1_408' title='bbox 819 2304 874 2336; x_wconf 88' lang='lat' dir='ltr'>die</span> <span class='ocrx_word' id='word_1_409' title='bbox 894 2311 1017 2336; x_wconf 87' lang='lat' dir='ltr'>vocant</span> <span class='ocrx_word' id='word_1_410' title='bbox 1038 2305 1136 2335; x_wconf 84' lang='lat' dir='ltr'>Pim&#39;e.</span> <span class='ocrx_word' id='word_1_411' title='bbox 1162 2304 1273 2348; x_wconf 85' lang='lat' dir='ltr'>Hujus</span> <span class='ocrx_word' id='word_1_412' title='bbox 1298 2304 1409 2335; x_wconf 77' lang='lat' dir='ltr'>forma</span> <span class='ocrx_word' id='word_1_413' title='bbox 1440 2311 1489 2335; x_wconf 82' lang='lat' dir='ltr'>est·</span> 
     </span>
     <span class='ocr_line' id='line_1_65' title="bbox 820 2355 1489 2400; baseline -0.001 -12"><span class='ocrx_word' id='word_1_414' title='bbox 820 2355 937 2389; x_wconf 82' lang='lat' dir='ltr'>similis</span> <span class='ocrx_word' id='word_1_415' title='bbox 952 2355 1120 2388; x_wconf 87' lang='lat' dir='ltr'>machinae</span> <span class='ocrx_word' id='word_1_416' title='bbox 1133 2355 1225 2387; x_wconf 90' lang='lat' dir='ltr'>illius</span> <span class='ocrx_word' id='word_1_417' title='bbox 1237 2380 1244 2394; x_wconf 85' lang='lat'>,</span> <span class='ocrx_word' id='word_1_418' title='bbox 1263 2368 1365 2400; x_wconf 85' lang='lat' dir='ltr'>quam</span> <span class='ocrx_word' id='word_1_419' title='bbox 1382 2367 1489 2387; x_wconf 84' lang='lat' dir='ltr'>manu</span> 
     </span>
     <span class='ocr_line' id='line_1_66' title="bbox 820 2408 1490 2441; baseline -0.001 0"><span class='ocrx_word' id='word_1_420' title='bbox 820 2416 971 2441; x_wconf 85' lang='lat' dir='ltr'>tenentes</span> <span class='ocrx_word' id='word_1_421' title='bbox 996 2408 1103 2441; x_wconf 87' lang='lat' dir='ltr'>solem</span> <span class='ocrx_word' id='word_1_422' title='bbox 1118 2421 1134 2440; x_wconf 90' lang='lat' dir='ltr'>a</span> <span class='ocrx_word' id='word_1_423' title='bbox 1151 2409 1249 2440; x_wconf 84' lang='lat' dir='ltr'>nobis</span> <span class='ocrx_word' id='word_1_424' title='bbox 1271 2420 1386 2440; x_wconf 83' lang='lat' dir='ltr'>arcere</span> <span class='ocrx_word' id='word_1_425' title='bbox 1406 2408 1490 2440; x_wconf 83' lang='lat' dir='ltr'>sole-</span> 
     </span>
     <span class='ocr_line' id='line_1_67' title="bbox 819 2461 1486 2505; baseline -0.003 -12"><span class='ocrx_word' id='word_1_426' title='bbox 819 2473 895 2493; x_wconf 85' lang='lat' dir='ltr'>mus</span> <span class='ocrx_word' id='word_1_427' title='bbox 911 2472 917 2492; x_wconf 89' lang='lat'>:</span> <span class='ocrx_word' id='word_1_428' title='bbox 934 2473 1008 2505; x_wconf 83' lang='lat' dir='ltr'>quae</span> <span class='ocrx_word' id='word_1_429' title='bbox 1027 2461 1059 2493; x_wconf 87' lang='lat' dir='ltr'>in</span> <span class='ocrx_word' id='word_1_430' title='bbox 1078 2461 1193 2505; x_wconf 82' lang='lat' dir='ltr'>lingua</span> <span class='ocrx_word' id='word_1_431' title='bbox 1214 2468 1328 2492; x_wconf 74' lang='lat' dir='ltr'>nosti-:1</span> <span class='ocrx_word' id='word_1_432' title='bbox 1345 2465 1486 2491; x_wconf 79' lang='lat' dir='ltr'>Sonnen-</span> 
     </span>
     <span class='ocr_line' id='line_1_68' title="bbox 819 2513 1487 2558; baseline 0 -13"><span class='ocrx_word' id='word_1_433' title='bbox 819 2516 931 2545; x_wconf 77' lang='lat' dir='ltr'>schir-m</span> <span class='ocrx_word' id='word_1_434' title='bbox 947 2520 978 2546; x_wconf 86' lang='lat' dir='ltr'>et</span> <span class='ocrx_word' id='word_1_435' title='bbox 996 2513 1027 2545; x_wconf 83' lang='lat' dir='ltr'>in</span> <span class='ocrx_word' id='word_1_436' title='bbox 1046 2514 1164 2558; x_wconf 81' lang='lat' dir='ltr'>gallica</span> <span class='ocrx_word' id='word_1_437' title='bbox 1181 2516 1318 2555; x_wconf 74' lang='lat' dir='ltr'>parctsol</span> <span class='ocrx_word' id='word_1_438' title='bbox 1335 2520 1487 2545; x_wconf 52' lang='lat' dir='ltr'>voc-dun</span> 
     </span>
     <span class='ocr_line' id='line_1_69' title="bbox 820 2565 1487 2609; baseline -0.001 -12"><span class='ocrx_word' id='word_1_439' title='bbox 820 2565 902 2598; x_wconf 82' lang='lat' dir='ltr'>Vid.</span> <span class='ocrx_word' id='word_1_440' title='bbox 928 2568 1095 2609; x_wconf 73' lang='lat' dir='ltr'>Scollbergs</span> <span class='ocrx_word' id='word_1_441' title='bbox 1117 2568 1205 2597; x_wconf 67' lang='lat' dir='ltr'>ſtris«-</span> <span class='ocrx_word' id='word_1_442' title='bbox 1228 2566 1326 2596; x_wconf 76' lang='lat' dir='ltr'>durclt</span> <span class='ocrx_word' id='word_1_443' title='bbox 1353 2567 1487 2603; x_wconf 81' lang='lat' dir='ltr'>Italien,</span> 
     </span>
     <span class='ocr_line' id='line_1_70' title="bbox 820 2618 1277 2664; baseline -0.002 -14"><span class='ocrx_word' id='word_1_444' title='bbox 820 2626 885 2651; x_wconf 85' lang='lat' dir='ltr'>etc.</span> <span class='ocrx_word' id='word_1_445' title='bbox 901 2618 982 2651; x_wconf 90' lang='lat' dir='ltr'>Vol.</span> <span class='ocrx_word' id='word_1_446' title='bbox 1005 2619 1078 2658; x_wconf 87' lang='lat'>111,</span> <span class='ocrx_word' id='word_1_447' title='bbox 1101 2632 1135 2664; x_wconf 89' lang='lat' dir='ltr'>p.</span> <span class='ocrx_word' id='word_1_448' title='bbox 1159 2620 1219 2656; x_wconf 73' lang='lat'>3&#39;3,</span> <span class='ocrx_word' id='word_1_449' title='bbox 1239 2618 1277 2650; x_wconf 87' lang='lat' dir='ltr'>E.</span> 
     </span>
    </p>
   </div>
   <div class='ocr_carea' id='block_1_15' title="bbox 868 2672 1487 2714">
    <p class='ocr_par' dir='ltr' id='par_1_18' title="bbox 868 2672 1487 2714">
     <span class='ocr_line' id='line_1_71' title="bbox 868 2672 1487 2714; baseline -0.003 -10"><span class='ocrx_word' id='word_1_450' title='bbox 868 2673 900 2704; x_wconf 85' lang='lat'>6.</span> <span class='ocrx_word' id='word_1_451' title='bbox 911 2674 996 2702; x_wconf 79' lang='lat' dir='ltr'>Nam.</span> <span class='ocrx_word' id='word_1_452' title='bbox 1008 2673 1187 2714; x_wconf 67' lang='lat' dir='ltr'>longisw&#39;mo</span> <span class='ocrx_word' id='word_1_453' title='bbox 1198 2696 1204 2704; x_wconf 87' lang='grc'>,</span> <span class='ocrx_word' id='word_1_454' title='bbox 1219 2677 1282 2703; x_wconf 69' lang='lat' dir='ltr'>otc.</span> <span class='ocrx_word' id='word_1_455' title='bbox 1295 2672 1377 2702; x_wconf 77' lang='lat' dir='ltr'>Rom</span> <span class='ocrx_word' id='word_1_456' title='bbox 1385 2697 1391 2703; x_wconf 96' lang='lat'>.</span> <span class='ocrx_word' id='word_1_457' title='bbox 1406 2673 1487 2701; x_wconf 72' lang='lat' dir='ltr'>Nam</span> 
     </span>
    </p>
   </div>
  </div>
 </body>
</html>
