1742 2989
584 225 927 267 EPISTOLA
961 225 1095 267 XVI.
1446 220 1528 264 311

139 320 226 354 tem
255 323 428 352 vererer
450 323 458 349 :
486 305 604 367 quod
630 322 718 349 non
745 316 834 349 tam
859 306 997 350 aetatis
1022 304 1296 357 maturitate,
1315 319 1447 363 quam
1469 304 1536 346 vi-

138 394 212 436 tae,
235 381 499 426 merebatur.
526 381 604 424 His
630 396 682 423 ex
707 380 866 423 caussis
896 389 944 422 ut
970 378 1053 435 illi,
1081 378 1142 421 sic
1169 376 1275 420 mihi
1308 371 1503 436 gratulor
1525 393 1534 419 ε
1557 384 1577 415 6

137 473 217 499 nec
248 454 451 516 privatim
478 454 641 514 magis,
666 469 797 513 quam
823 452 1018 513 publice,
1043 449 1161 511 quod
1189 448 1365 492 tandem
1392 448 1538 491 homi-

136 545 214 572 nes
239 544 328 571 non
354 526 407 570 ad
430 525 623 587 pericula
640 561 650 580 ,
678 535 726 568 ut
746 526 866 586 prius
880 561 891 580 ‚
909 540 1061 568 verum
1083 522 1139 567 ad
1164 523 1353 566 honores
1375 521 1538 564 virtute

136 602 413 662 perveniunt.
443 602 494 642 In
522 599 746 642 infinitum
772 598 1001 660 epistolam
1027 596 1286 651 extendam,
1313 595 1345 638 si
1378 594 1538 655 gaudio

136 690 234 717 ineo
261 672 525 733 indulgeam.
553 674 798 716 Praevertor
831 672 885 715 ad
911 688 982 725 ea⁷
1011 687 1107 731 quae
1135 686 1205 713 me
1233 678 1435 729 agentem
1468 668 1540 711 hic
1563 680 1582 712 7

135 748 316 791 nuntius
351 746 655 808 deprehendit.
689 748 820 790 Eram
855 761 955 789 cum
989 759 1224 805 prosocero
1258 759 1386 797 meo,
1419 757 1539 784 eram

136 836 236 863 011111
262 821 394 863 amita
419 820 588 873 uxoris,
609 835 729 862 eram
760 835 860 863 cum
887 817 1037 862 amicis
1062 817 1138 861 diu
1164 815 1440 871 desideratis;
1464 814 1541 859 cir-

135 893 355 936 cumibam
382 892 567 953 agellos3
589 892 819 936 audiebam
846 891 1034 935 multum
1058 891 1321 934 rusticarum
1346 887 1539 949 querela-

136 982 257 1009 rum:
276 967 466 1009 rationes
489 965 685 1026 legebam
708 966 868 1009 invitus
893 975 936 1009 et
961 964 1121 1008 cursim
1143 963 1254 1025 (aliis
1274 963 1391 1006 enim
1412 962 1540 1005 char-

135 1038 212 1093 tis⁷
238 1037 332 1081 aliis
362 1055 457 1082 sum
485 1038 619 1082 literis
647 1038 862 1099 initiatus)
889 1054 1107 1098 coeperam
1136 1037 1268 1080 etiam
1298 1035 1442 1079 itineri
1470 1051 1540 1077 me

134 1127 393 1171 praeparare.
414 1113 528 1155 Nam
553 1111 756 1156 includor
776 1113 988 1172 angustiis
1007 1120 1299 1166 commeatus,
1319 1125 1458 1169 eoque
1476 1109 1540 1168 ip-

135 1199 205 1237 so⁷
233 1183 352 1244 quod
381 1183 630 1245 delegatum
657 1187 859 1230 Cornuto
885 1185 1016 1229 audio
1043 1185 1262 1239 officium,
1285 1184 1371 1226 mei
1395 1182 1540 1225 admo-

136 1272 257 1299 neor.
287 1257 429 1317 Cupio
461 1267 503 1300 te
534 1274 710 1318 quoque
740 1258 821 1301 sub
850 1259 963 1301 idem
994 1269 1166 1317 teinpus
1195 1257 1436 1316 Campania
1466 1265 1541 1298 tua

136 1330 354 1383 remittat,
384 1346 438 1372 ne
467 1332 584 1390 quis,
611 1348 747 1390 quum
774 1332 818 1374 in
845 1332 999 1375 urbem
1026 1331 1222 1384 rediero,
1249 1330 1542 1374 contubernio

135 1411 286 1444 nostro
313 1401 403 1445 dies
430 1413 593 1462 pereat.
617 1403 739 1447 Vale.

180 1542 225 1546 —
238 1523 373 1554 AEtcztis.
390 1547 396 1553 .
413 1547 419 1553 .
445 1525 533 1555 victe.
556 1525 676 1555 AEtatis
699 1534 804 1556 macu-
870 1536 962 1557 nova
980 1524 1148 1556 sententia
1166 1523 1284 1568 incipit
1297 1548 1305 1563 ‚
1332 1525 1474 1555 Tandem
1488 1525 1543 1554 Ιιο-

135 1576 232 1612 ritas,
248 1575 347 1607 annis
369 1583 401 1607 et
420 1583 594 1609 senectute
606 1601 615 1616 ,
637 1577 716 1608 vz'toe
738 1590 807 1608 mcz-
871 1579 969 1609 mines
978 1590 1041 1608 non
1050 1575 1542 1620 adpericffla,omissoquod.H.

139 1629 253 1659 turicas
272 1627 422 1673 perfecta
436 1628 562 1661 virtute
580 1629 746 1662 cernitur.
763 1629 804 1662 E.
921 1643 950 1670 7.
965 1633 1143 1662 Proevertor
1152 1632 1200 1661 ad
1210 1643 1268 1668 ea,
1288 1642 1361 1672 qun>
1374 1642 1432 1660 me.
1448 1630 1542 1661 Rom.

181 1682 215 1713 6.
239 1683 335 1722 Quod
366 1683 512 1719 candem,
541 1688 604 1714 etc.
636 1682 677 1714 Iu
705 1683 804 1714 Rom.
873 1686 1056 1714 Pervertunt
1072 1685 1119 1714 ad
1130 1696 1189 1721 ea,
1209 1696 1282 1725 quce
1299 1695 1359 1714 me.
1373 1682 1417 1714 H.

136 1809 1543 1822 wsmwmwummmwswstnmmwsmmmmuln-mmmmm*

751 1923 921 1979 XVI.

136 2070 299 2103 Mortem
317 2066 490 2104 Fundani
507 2067 591 2103 filiae
607 2067 729 2116 luget,
743 2075 780 2103 et
794 2068 1076 2114 Marcellinum,
1096 2077 1136 2104 ut
1152 2078 1298 2119 patrem
1316 2071 1544 2116 consoletur,

770 2140 909 2167 monet.

351 2267 391 2295 c.
427 2269 663 2297 PLINIUS
697 2268 1066 2298 MARCELLmo
1095 2252 1113 2270 *
1149 2270 1257 2298 suo
1293 2272 1326 2297 s.

201 2380 582 2424 TRISTISSIMUS
616 2380 708 2424 haec
744 2380 822 2424 tibi
859 2380 1017 2424 scribo.
1047 2381 1248 2425 Fundani
1284 2383 1421 2425 nostri
1458 2382 1546 2426 filia

138 2452 283 2495 minor
309 2461 374 2495 est
401 2452 608 2496 defuncta
635 2469 645 2495 :
675 2470 762 2513 qua
793 2452 936 2513 puella
965 2454 1073 2497 nihil
1102 2471 1294 2515 unquam
1328 2454 1545 2505 festivius,

190 2574 288 2608 XVI.
301 2575 316 2591 *
343 2577 532 2607 Marcellino
567 2575 671 2609 etiam
695 2576 783 2609 VIII
800 2601 809 2617 ,
926 2589 955 2610 1.
969 2580 1119 2610 Fundani
1134 2579 1249 2615 nostri,
1272 2586 1336 2611 etc.
1352 2579 1448 2611 Rom.
1464 2582 1546 2610 Fun-

140 2627 238 2672 epist.
259 2629 299 2661 23
311 2653 320 2668 ‚
333 2627 377 2661 de
392 2628 484 2660 Junii
499 2628 591 2661 Aviti
606 2637 716 2663 morte
729 2630 811 2663 scri·
875 2632 956 2663 dam'
973 2634 1076 2663 nostri
1085 2634 1165 2677 filia
1187 2633 1293 2663 minor
1316 2633 1466 2674 dcjfimcta
1480 2657 1486 2666 .
1508 2639 1545 2663 ut

141 2679 219 2723 psit.
231 2680 332 2713 Forte
345 2688 395 2714 est
412 2683 568 2725 Egnatius
587 2685 806 2723 Marcellinus,
875 2683 946 2716 fere
972 2683 1086 2729 vulgo.
1108 2683 1151 2716 H.
1167 2704 1211 2709 ———
1224 2683 1385 2715 (lorti-”ina
1400 2695 1406 2715 :
1439 2700 1451 2711 «ι
1468 2683 1544 2715 Tri-

142 2730 184 2765 de
203 2745 272 2778 quo
285 2734 350 2773 IV,
370 2745 423 2778 ep.
450 2745 503 2767 12.
524 2734 589 2766 En.
877 2736 1041 2770 stissimus
1060 2737 1131 2770 haec
1151 2737 1210 2769 tibi
1233 2736 1365 2775 scribo,
1387 2736 1546 2769 Fundani
