1757 2880
586 88 741 131 VITA
778 89 933 132 PLIN
949 89 1012 131 ΙΙ.

100 191 147 217 ac
169 176 211 216 in
230 173 523 232 philosophia,
551 183 699 230 praeter
720 173 822 215 alios
838 206 848 226 ,
875 174 1091 230 Euphrate
1111 173 1254 213 Stoico
1271 204 1281 224 ,
1308 188 1432 228 quem
1458 175 1500 214 in

102 246 217 302 Syria
249 245 367 286 miles
399 243 558 284 audivit
590 244 635 295 I,
667 258 740 295 10,
772 259 794 283 2
830 244 901 300 (8)
934 244 1022 285 Ν60
1051 243 1211 283 alienus
1237 258 1259 282 a
1284 244 1402 299 poesi
1415 244 1506 287 suit

100 315 205 368 VII,
225 318 274 367 4,
295 330 340 367 2,
368 315 588 372 ingenium
606 315 775 355 sortitus
792 314 926 355 hilare
944 329 989 354 ac
1008 314 1221 370 poeticum
1240 314 1290 365 V,
1314 313 1336 354 3
1351 345 1361 364 ,
1384 329 1406 353 2
1431 314 1505 370 (9),

99 386 216 441 cujus
233 395 325 425 tum
345 385 426 424 alia
448 384 679 441 specimina
703 383 841 436 dedit,
867 385 911 424 in
937 383 1125 440 epistolis
1148 383 1310 439 reliqua
1328 383 1432 435 VII,
1457 386 1507 436 4,

99 466 140 496 61
153 469 195 509 9,
215 465 306 495 tum
322 455 504 495 maxime
519 453 985 510 Hendecasyllaborum
1004 454 1162 494 librum
1182 453 1254 505 IV,
1277 456 1344 506 14,
1365 453 1388 494 8
1402 452 1508 509 (10).

97 526 167 566 Sic
204 526 350 567 indole
380 525 654 582 capacissima
684 527 879 566 omnium
913 526 1157 576 literarum,
1191 536 1231 566 et
1257 525 1509 565 inexhausto

96 596 243 637 labore
258 628 270 648 ,
312 596 357 637 id
396 596 568 638 tandem
606 608 896 651 consequutus
936 596 1039 643 fuit,
1079 606 1125 636 ut
1163 611 1311 636 omnes
1352 595 1511 637 eruditi

98 665 222 706 illum
252 677 441 707 amarent
461 667 505 716 Ι,
532 666 580 707 13
596 698 606 718 ,
635 667 686 716 6,
713 681 898 722 eumque
922 681 968 706 ac
992 666 1189 706 Tacitum
1214 681 1294 722 pro
1322 666 1512 706 doctissi-

97 735 176 776 mis
203 750 380 776 suorum
406 747 653 791 temporum
680 735 887 775 haberent
902 736 1011 786 VII,
1039 750 1109 787 20,
1140 735 1178 787 5,
1203 746 1243 776 et
1265 736 1349 786 IX,
1375 736 1444 787 23,
1473 735 1510 775 3,

97 805 384 846 Recitationes
420 806 463 845 in
496 792 644 861 primis
669 805 848 863 urgebat
875 815 1053 860 propter
1079 805 1360 860 multiplicem
1387 819 1510 844 usum

95 874 148 924 V,
185 875 235 927 3,
272 877 321 926 8,
355 891 434 916 1160
470 876 561 932 ipse
588 875 726 915 solum
752 875 845 914 aliis
871 873 1041 915 auditor
1071 875 1274 930 frequens
1300 875 1445 914 aderat
1469 875 1514 925 I,

101 940 150 982 13
167 974 177 993 ,
203 943 253 994 6;
280 941 411 993 VIII,
437 957 512 993 12,
539 957 554 981 1
572 974 583 992 ,
611 941 685 983 sed
709 957 783 982 sua
807 956 983 998 quoque
1008 953 1205 998 poemata
1234 942 1444 982 recitabat
1460 941 1512 994 V,

98 1010 149 1062 3,
177 1028 221 1068 73
250 1013 334 1065 IX,
370 1012 450 1062 34,
488 1012 616 1052 etiam
654 1012 841 1052 actiones
878 1026 951 1052 seu
977 1011 1170 1053 forenses
1203 1012 1417 1053 orationes
1445 1012 1512 1062 II,

103 1096 152 1137 19
175 1081 213 1137 (1
228 1082 288 1137 1),
317 1093 358 1122 et
381 1082 689 1138 Panegyricum
711 1082 893 1136 Trajano
915 1081 1077 1121 dictum
1101 1083 1166 1121 ΙΙΙ
1183 1113 1193 1133 ,
1218 1082 1241 1122 8
1260 1114 1270 1132 ,
1299 1085 1336 1131 4.
1364 1082 1515 1121 Orator

98 1151 355 1191 clarissimus
378 1151 459 1191 fuit
475 1183 485 1203 ,
513 1161 562 1191 ut
580 1165 709 1192 nemo
730 1150 853 1191 facile
875 1150 938 1190 illi
963 1150 1221 1206 praeferatur.
1243 1151 1351 1190 Nam
1378 1150 1516 1191 unde-

1420 105 1500 133 LIII

96 1221 300 1262 vicesimo
327 1237 439 1262 anno
465 1221 605 1262 dicere
637 1221 682 1260 in
708 1221 802 1261 foro
830 1221 960 1277 coepit
979 1221 1033 1273 V,
1073 1220 1096 1260 8
1113 1252 1123 1272 ,
1157 1221 1182 1261 8
1220 1220 1334 1275 (12),
1375 1231 1416 1260 et
1441 1235 1518 1276 per

99 1307 270 1333 omnem
291 1303 454 1333 aetatem
485 1291 573 1347 (13)
599 1306 764 1331 caussas
791 1291 875 1348 egit
902 1301 987 1331 tam
1013 1290 1129 1347 apud
1155 1291 1514 1340 Centumvirosl,

104 1362 180 1415 18,
216 1362 266 1416 3,
294 1374 334 1404 61
358 1363 444 1414 ΙΧ,
475 1361 551 1414 23,
581 1377 596 1401 1
616 1393 626 1413 ,
654 1376 838 1416 quorum
863 1360 1025 1415 judicia
1054 1376 1172 1402 suam
1198 1376 1371 1401 arenam
1395 1371 1515 1401 vocat

98 1433 182 1483 Vl,
214 1447 290 1485 12,
329 1448 351 1472 2
382 1432 496 1487 (14),
531 1431 607 1472 etsi
636 1430 811 1487 indigna
843 1446 952 1487 saepe
978 1432 1066 1486 ejus
1092 1432 1269 1488 ingenio
1299 1442 1419 1472 erant
1446 1431 1512 1483 ΙΙ,

103 1505 175 1553 14,
206 1519 222 1542 1
241 1534 251 1554 ,
279 1517 405 1558 quam
433 1503 476 1541 in
504 1512 651 1542 senatu
677 1501 935 1552 nobiliores,
959 1512 1007 1541 ut
1029 1513 1179 1542 contra
1209 1501 1297 1557 (15)
1323 1502 1514 1542 Baebium

99 1573 281 1613 Massam
313 1573 417 1623 VII,
452 1573 527 1613 ult.
566 1571 784 1612 Caecilium
821 1572 1052 1612 Classicum
1089 1573 1177 1624 ΙΙΙ,
1216 1576 1264 1625 4,
1304 1584 1345 1614 61
1381 1587 1434 1628 9,
1473 1583 1515 1612 et

98 1643 282 1684 Marium
303 1643 495 1683 Priscum
517 1643 587 1693 ΙΙ,
611 1658 655 1682 11
674 1674 683 1692 ,
709 1657 756 1682 ac
780 1657 858 1698 pro
881 1643 995 1683 Julio
1020 1644 1144 1682 Basso
1168 1642 1237 1693 IV,
1265 1658 1312 1698 9,
1338 1653 1378 1682 et
1398 1643 1512 1683 Rufo

99 1714 270 1753 Vareno
281 1712 334 1764 V,
359 1727 437 1765 20,
458 1727 561 1768 quas
580 1713 624 1751 in
644 1727 854 1753 summam
872 1712 1046 1768 collegit
1062 1711 1117 1752 VI
1133 1744 1143 1763 ,
1166 1727 1218 1767 29
1235 1743 1245 1763 ,
1265 1713 1289 1753 8
1303 1744 1313 1763 ,
1338 1727 1399 1767 sq.
1422 1712 1508 1768 (16)

147 1825 196 1867 (8)
221 1824 332 1857 Etiam
356 1823 594 1863 Artemidoro,
628 1823 671 1856 de
701 1836 771 1869 quo

100 1877 174 1916 ΙΙΙ,
194 1889 246 1909 11.

835 1823 900 1863 rit,
922 1832 959 1856 ut
979 1824 1081 1856 etiam
1113 1824 1284 1856 orationes
1311 1835 1380 1856 suae
1407 1835 1512 1868 quam

838 1875 1124 1910 emendatissimae
1138 1876 1172 1908 in
1189 1889 1313 1909 manus
1327 1875 1511 1908 hominum

148 1931 196 1972 (9)
221 1929 340 1962 Solum
371 1929 458 1962 forte
488 1929 618 1961 crimen
632 1953 641 1967 ,
677 1927 772 1973 quod

102 1980 333 2014 adhaerescere
347 1981 382 2013 in
398 1981 471 2014 viro
488 1979 590 2013 laude
604 1980 699 2013 omni
712 1992 772 2012 cu-

102 2032 328 2066 mulatissimo
339 2046 438 2078 posse
448 2032 599 2072 videtur,
611 2032 698 2065 illud
709 2041 772 2074 est,

103 2084 197 2129 quod
212 2085 245 2118 111
260 2086 325 2118 hac
337 2086 410 2131 ipsa
424 2086 567 2131 epistola
580 2086 627 2125 V,
644 2085 677 2125 3,
692 2085 774 2118 item

104 2137 169 2176 IV,
185 2142 239 2177 14,
253 2145 285 2170 et
296 2138 361 2177 IV,
375 2150 431 2182 27,
443 2137 630 2171 defendere
646 2136 773 2177 studet,

103 2201 221 2222 versus
243 2189 370 2222 lascivi.
387 2192 501 2231 Quam
523 2190 612 2222 male
630 2190 695 2234 ipsi
714 2189 774 2222 de-

105 2241 213 2274 fensio
230 2243 428 2274 successerit
440 2268 448 2282 ,
463 2242 507 2275 ad
520 2243 585 2281 IV,
604 2254 660 2287 27,
677 2246 710 2281 4,
726 2242 777 2273 111-

104 2293 273 2326 dicamus.
285 2294 379 2334 Quin
389 2307 511 2339 parum
523 2296 625 2328 etiam
638 2303 775 2340 poetam

104 2346 209 2378 fuisse
223 2345 405 2391 puto.Vi(l.
421 2359 494 2392 quae
509 2346 681 2392 adscripta
697 2355 777 2379 sunt

106 2397 151 2431 ad
165 2399 235 2431 VII
246 2424 255 2439 ,
272 2404 307 2439 4.

152 2452 222 2494 (10)
241 2452 291 2484 De
307 2452 456 2484 historiis
471 2452 571 2484 etiam
587 2451 776 2484 scribendis

104 2502 201 2535 illum
212 2504 379 2548 cogitasse
393 2512 533 2549 apparet
544 2516 582 2536 ex
593 2504 640 2543 V,
653 2505 685 2537 8.
697 2503 778 2536 Edi-

107 2553 239 2588 deritne
252 2556 382 2603 aliquid
394 2582 402 2597 ‚
418 2570 489 2589 non
504 2556 625 2602 liquet.

154 2609 164 2645 (
173 2608 225 2649 ΙΙ)
243 2609 358 2650 Quam
375 2609 586 2654 diligentiam
608 2607 774 2642 adhibue-

838 1928 1014 1969 venirent,
1031 1928 1131 1961 docet
1150 1929 1222 1973 ipse
1233 1929 1319 1968 VII,
1340 1940 1393 1973 17.

885 1983 915 2024 (1
925 1983 956 2023 2)
967 1981 1061 2014 Inter
1073 1981 1204 2026 primas
1216 1981 1302 2013 forte
1317 1981 1380 2013 fuit
1391 1992 1511 2012 caussa

839 2033 920 2066 Julii
934 2033 1082 2067 Pastoris
1094 2058 1102 2073 ‚
1123 2046 1229 2078 quam
1244 2033 1310 2078 egit
1326 2035 1510 2065 adolescen-

841 2088 922 2117 tulus
939 2085 995 2119 ille
1022 2085 1183 2131 quidem,
1199 2084 1259 2119 sed
1285 2085 1346 2130 qui
1371 2097 1513 2118 uxorem

841 2146 956 2171 tamen
969 2141 1040 2185 jam
1059 2138 1217 2177 haberet,
1239 2138 1270 2177 I,
1290 2138 1344 2178 18,
1365 2139 1398 2177 3,
1419 2150 1512 2170 eam-

842 2189 920 2222 dem
929 2203 1086 2224 caussam
1096 2190 1178 2223 dum
1188 2197 1437 2223 commemorat
1446 2189 1511 2228 IV,

844 2243 901 2282 23,
924 2256 955 2283 1,
967 2245 1115 2286 juvenem
1130 2255 1164 2275 se
1181 2243 1226 2275 ait
1242 2242 1360 2274 fuisse.

889 2297 960 2339 (13)
979 2296 1090 2328 Etiam
1110 2303 1186 2340 post
1207 2294 1436 2329 Consulatum
1455 2302 1513 2338 ge-

844 2355 946 2380 stum.
963 2346 1045 2380 Vitl.
1068 2347 1133 2389 IV,
1153 2359 1207 2391 17,
1231 2347 1262 2380 3.

889 2402 959 2444 (14)
974 2401 1115 2442 Quanto
1138 2401 1261 2445 plausu
1287 2397 1426 2431 auditus
1449 2397 1514 2438 sit,

843 2452 993 2486 ostendit
1008 2453 1074 2491 IV,
1100 2454 1150 2485 16.

889 2507 961 2549 (15)
981 2504 1175 2542 Publicium
1201 2511 1341 2542 Certum
1363 2508 1426 2548 IX,
1458 2508 1525 2555 13,

842 2570 905 2603 pro
922 2558 1039 2593 Clario
1056 2561 1118 2602 IX,
1137 2563 1191 2602 28,
1211 2562 1243 2595 5.

893 2614 962 2658 (16)
973 2616 1014 2648 111
1025 2615 1151 2649 caussis
1162 2622 1277 2648 autem
1289 2612 1430 2659 agendis
1444 2624 1511 2646 non
