1742 2989
599 172 951 215 ErisToLA
984 175 1122 216 xtx.
1470 179 1552 231 421

162 270 259 298 rum
285 270 399 297 curae
425 252 717 313 custoditeque
745 254 1023 297 mandantur.
1057 255 1159 311 Quo
1190 272 1369 299 munere
1396 260 1559 302 Fannia

161 327 263 370 dum
283 325 431 370 sedulo
445 325 664 385 fungitur,
684 326 768 370 hoc
782 326 1030 370 discrimine
1047 327 1253 387 implicita
1269 338 1347 372 est.
1367 330 1562 375 Insident
1587 341 1606 372 3

160 399 323 454 febres,
349 400 475 442 tussis
502 399 726 455 increscit,
753 416 922 443 sumnia
947 401 1130 454 macies,
1157 418 1325 445 summa
1351 402 1559 447 defectio:

159 474 330 516 animus
352 481 521 515 tantum
541 482 583 516 et
603 473 779 533 spiritus
792 473 933 533 viget,
954 472 1153 517 Helvidio
1175 475 1353 529 marito,
1369 477 1560 520 Thrasea

160 556 282 605 patre
295 546 573 606 dignissimus
589 563 596 589 :
613 545 779 606 reliqua
798 545 1028 598 labuntur,
1048 563 1204 606 meque
1219 563 1307 590 non
1325 557 1445 591 metu
1461 558 1560 592 tan-

159 629 250 662 tum
266 653 277 674 ,
301 636 453 662 verum
483 620 613 662 etiam
642 618 791 662 dolore
812 618 1066 662 conficiunt.
1094 618 1234 662 Doleo
1261 621 1376 663 enim
1393 656 1404 675 .,
1429 623 1560 665 maxi—

157 707 273 734 mam
293 691 498 736 feminam
513 692 623 752 eripi
637 691 773 735 oculis
788 692 973 736 civitatis
985 727 995 747 7
1013 692 1159 736 nescio
1172 709 1227 735 an
1243 692 1407 753 aliquid
1421 695 1560 739 simile

156 765 327 809 visuris.
357 766 467 822 Quae
496 765 669 809 castitas
692 762 830 808 illius!
860 781 955 825 quae
975 761 1203 808 sanctitas!
1230 775 1394 826 quanta
1415 768 1558 827 gravi-

156 834 239 880 tas!
264 848 430 898 quanta
458 835 720 882 constantia!
752 838 821 881 Bis
848 839 1053 882 maritum
1084 848 1269 900 sequuta
1296 839 1340 882 in
1363 839 1559 884 exsilium

155 921 238 964 est,
274 913 404 955 tertio
440 913 532 973 ipsa
562 922 745 973 propter
779 912 987 956 maritum
1021 912 1225 974 relegata.
1258 914 1391 967 Nam⁷
1423 930 1558 973 quum

154 986 337 1030 Senecio
366 1003 465 1030 reus
495 997 630 1041 esset,
661 986 779 1047 quod
811 986 863 1029 de
894 987 983 1030 vita
1008 986 1197 1030 Helvidii
1227 986 1359 1030 libros
1387 1003 1561 1047 compo-

153 1059 329 1113 suisset,
363 1069 654 1120 rogatumque
686 1077 729 1103 se
759 1076 783 1103 a
811 1060 977 1103 Fannia
1007 1060 1050 1103 in
1079 1060 1329 1103 defensione
1363 1059 1559 1103 dixisset:

152 1142 373 1191 quaerente
403 1135 632 1178 minaciter
661 1134 799 1177 Metio
827 1135 964 1191 Caro,
992 1151 1044 1177 an
1071 1144 1287 1195 rogasset,
1314 1134 1560 1194 respondit,

152 1205 330 1264 Rogavi
355 1224 366 1249 :
395 1222 450 1249 an
478 1207 816 1250 commentarios
846 1208 1065 1267 scripturo
1090 1208 1301 1262 dedisset,
1330 1208 1482 1251 Dedi.-
1504 1225 1557 1251 au

151 1277 316 1321 sciente
334 1289 472 1322 matre
485 1314 495 1334 ,
520 1282 771 1325 Neseielzte.
794 1282 1022 1323 Postremo
1042 1280 1208 1324 nullam
1228 1298 1378 1325 vocem
1399 1280 1558 1325 ceden-

151 1359 238 1392 tem
264 1351 462 1411 periculo
491 1353 647 1396 emisit.
677 1354 799 1409 Quin
819 1354 950 1396 etiam
973 1354 1068 1397 illos
1088 1355 1202 1415 ipsos
1226 1354 1378 1407 libros,
1403 1371 1557 1415 quam-

148 1441 278 1484 quam
299 1443 351 1469 ex
368 1428 624 1471 necessitate
644 1437 686 1470 et
703 1437 824 1470 metu
842 1437 1090 1488 temporum
1107 1428 1291 1471 abolitos
1308 1430 1391 1472 SC.
1411 1427 1558 1488 publi-

146 1498 253 1540 catis
284 1499 433 1553 bonis,
463 1500 672 1554 servavit,
704 1500 886 1551 habuit,
920 1499 1106 1560 tulitque
1132 1501 1173 1542 111
1198 1500 1394 1544 exsilium
1421 1498 1555 1542 exsilii

145 1586 357 1615 caussam.
380 1572 543 1616 Eadem
563 1589 695 1633 quam
713 1572 907 1632 jucunda
922 1607 932 1627 ‚
956 1588 1089 1633 quam
1111 1573 1269 1623 comis,
1288 1589 1418 1632 quam
1439 1571 1556 1615 deni-

147 1660 232 1702 que
259 1646 397 1706 (quod
424 1648 573 1706 paucis
600 1647 751 1690 datum
777 1647 859 1707 est)
892 1663 980 1689 non
1010 1647 1154 1689 minus
1180 1645 1401 1699 amabilis,
1427 1661 1557 1705 quam

145 1718 416 1763 veneranda!
437 1721 532 1763 Erit
550 1736 651 1763 sane
664 1755 674 1775 9
692 1736 823 1779 quam
839 1729 989 1779 postea
1004 1719 1213 1761 uxoribus
1230 1717 1394 1761 nostris
1408 1727 1552 1760 osten-

149 1802 239 1835 tare
266 1795 481 1853 possimus
505 1811 512 1836 :
538 1795 641 1848 erit,
667 1809 689 1836 a
715 1809 801 1852 qua
822 1793 902 1836 viri
924 1808 1100 1852 quoque
1122 1791 1392 1834 fortitudinis
1411 1807 1557 1833 exem-

147 1864 218 1923 pla
243 1883 490 1919 sumamus3
516 1883 648 1926 quam
672 1866 731 1909 sic
751 1875 974 1908 cernentes
994 1865 1306 1924 audientesque
1326 1865 1558 1917 miramur,

150 1946 194 1979 ut
223 1937 315 1981 illas
331 1974 341 1992 ‚
368 1956 464 1999 quae
488 1938 710 1999 leguntur.
746 1939 804 1981 Ac
832 1937 939 1980 1111111
963 1937 1117 1979 (10111115
1139 1938 1229 1996 ipsa
1252 1946 1429 1990 nutare,
1450 1952 1554 1979 con-

147 2010 357 2072 xulsaque
385 2012 558 2056 sedibus
593 2013 680 2055 suis
715 2012 882 2054 ruitura
913 2026 1044 2070 supra
1065 2009 1257 2062 videtur,
1288 2008 1386 2052 licet
1416 2008 1559 2052 adhuc

148 2161 258 2193 Vestae
274 2161 446 2195 habitasse
460 2186 468 2200 ‚
484 2163 586 2195 etiam
600 2174 638 2194 ex
656 2161 758 2194 Gellii
773 2162 814 2193 N.
942 2162 975 2191 6.
1007 2162 1159 2191 alboldus.
1190 2158 1328 2192 Publice
1357 2159 1390 2191 111
1421 2158 1558 2190 comitio

146 2213 185 2244 A.
208 2214 238 2252 l,
262 2225 316 2253 12,
336 2221 490 2259 apparet.
507 2213 598 2246 Illud
618 2215 735 2245 utrium
755 2226 817 2245 au-
884 2220 1018 2244 exustos
1031 2236 1039 2251 ‚
1053 2210 1147 2256 quod
1163 2211 1409 2255 monuerejam
1422 2209 1558 2242 1111ἀο-

144 2272 214 2297 tem
224 2264 287 2297 fuit
301 2268 390 2309 regia
407 2267 528 2299 Numae
539 2291 548 2305 ‚
563 2266 692 2311 templo
706 2266 819 2298 Vestae
884 2263 927 2296 cti
942 2276 981 2297 ex
993 2265 1076 2296 Tae.
1097 2264 1211 2309 Agric.
1226 2264 1271 2295 11.
1288 2263 1332 2294 G.

145 2316 371 2350 contermina.
390 2319 456 2351 En.
932 2328 964 2360 7.
983 2318 1154 2348 Miramur.
1172 2315 1370 2348 Geuuinum
1393 2322 1454 2346 est.
1476 2316 1557 2347 Sen-

193 2370 226 2402 5.
241 2370 290 2403 De
316 2373 415 2402 illotio
444 2373 526 2403 Caro
545 2372 580 2409 Ι,
607 2370 703 2415 epist.
727 2371 759 2409 5,
785 2372 816 2403 3.
886 2381 942 2400 5115
963 2380 970 2400 :
995 2368 1119 2400 etenim
1141 2371 1212 2414 jam
1240 2380 1331 2400 nuuc
1352 2379 1424 2399 cam
1438 2392 1447 2406 ,
1473 2366 1554 2399 dum

145 2416 209 2448 ΕΒ.
225 2437 270 2440 —
283 2420 531 2449 Commentarios
549 2430 634 2462 quos
650 2418 720 2462 ipse
737 2418 817 2449 Hel·
885 2419 999 2453 adhuc
1018 2420 1120 2459 vivit,
1138 2421 1184 2452 sic
1202 2421 1387 2459 miramur,
1406 2428 1442 2452 ut
1461 2419 1535 2451 illas
1548 2445 1557 2458 ‚

144 2481 159 2498 x
170 2468 260 2501 itlius
270 2469 313 2502 de
324 2471 427 2503 rebus
438 2470 506 2503 suis
518 2496 526 2510 ,
540 2470 712 2503 memoriae
724 2483 819 2504 caus-
886 2485 970 2518 quas
985 2485 1163 2519 nunquam
1181 2473 1340 2505 vidimus.
1356 2473 1434 2513 Quo
1450 2472 1558 2517 inagis·

145 2534 181 2554 sa
203 2523 394 2567 scripserat.
414 2524 478 2555 En.
887 2524 1088 2558 defunctam
1101 2525 1314 2564 mirabimur,
1327 2525 1557 2569 uxoribusque

192 2595 235 2598 -
251 2579 424 2608 Postremo.
451 2576 494 2608 Ut
511 2576 628 2620 paucis
649 2588 701 2608 me
725 2587 823 2620 expo·
889 2577 1012 2609 nostris
1041 2590 1080 2610 ae
1109 2577 1361 2623 uobismetipsis
1392 2586 1557 2622 tanquam

145 2624 253 2658 (liam.
281 2628 336 2662 Sic
358 2641 434 2661 mox
450 2654 458 2667 ,
484 2636 519 2661 ut
544 2628 620 2661 aliis
648 2628 823 2673 permultis
889 2629 1082 2674 exemplum
1100 2630 1254 2662 omnium
1271 2630 1433 2662 virtutum
1449 2637 1561 2662 osten*

148 2676 231 2711 locis
242 2704 250 2718 ‚
267 2682 412 2723 deniqne.
427 2682 460 2714 S.
891 2681 1049 2714 tabimus.
1064 2683 1096 2715 S.

1590 1373 1610 1400 (ὁ
