1742 2989
216 220 302 279 ¹94
604 220 653 263 C.
692 217 914 264 PLINII
956 220 1081 262 LIB.
1119 218 1214 260 Ill.

209 299 437 343 rietatibus
462 299 662 360 experiri.
688 300 833 343 Habet
853 299 984 343 etiam
1008 298 1196 342 multum
1219 296 1510 359 jucunditatis
1529 298 1607 342 soli

209 370 389 432 caelique
410 372 598 415 mutatio
613 406 624 425 ,
646 373 828 433 ipsaque
848 371 919 416 illa
938 373 1236 433 peregrinatio
1258 371 1467 414 intersita.
1488 373 1608 429 Jam,

208 444 327 504 quod
355 444 680 488 deliberationis
710 455 868 489 nostrae
894 455 1026 506 caput
1056 455 1144 502 est,
1168 445 1261 505 agri
1295 453 1396 487 sunt
1427 443 1608 499 fertiles,

209 518 425 578 pingues,
461 518 643 578 aquosi:
680 527 884 562 constant
915 520 1102 580 campis,
1141 519 1306 574 vineis,
1340 516 1479 573 silvis,
1514 534 1610 578 quae

207 590 437 633 materiam
464 600 507 633 et
535 606 588 633 ex
626 606 675 633 ea
710 589 900 634 reditum
938 592 1049 634 sicut
1083 590 1332 646 modicum,
1358 591 1416 634 ita
1448 600 1609 634 statum

163 672 183 700 6
207 671 427 722 praestant.
468 662 553 706 Sed
590 663 683 707 haec
725 662 908 707 felicitas
948 673 1073 708 terrae
1108 663 1333 708 imbecillis
1368 663 1610 708 cultoribus

207 733 418 795 fatigatur
441 752 450 779 :
479 752 580 779 nam
609 752 832 796 possessor
854 737 976 798 prior
995 736 1151 798 saepius
1171 736 1367 780 vendidit
1392 737 1577 797 pignora
1597 754 1607 780 ε

208 817 251 850 et
283 807 388 850 dum
423 807 590 868 reliqua
626 807 885 852 colonorum
923 809 1083 854 minuit
1115 809 1170 853 ad
1203 819 1400 870 tempus,
1430 810 1542 853 vires
1566 810 1610 852 in

208 890 436 940 posterum
478 881 707 937 exhausit,
750 899 937 942 quarum
978 882 1221 927 defectione
1259 899 1409 926 rursus
1446 881 1613 943 reliqua

161 969 180 1001 7
209 963 455 997 creverunt.
488 956 601 998 Sunt
626 971 732 1015 ergo
757 955 1002 999 instruendi
1033 955 1280 1016 complures
1305 955 1419 1016 frugi
1444 955 1612 998 manci-

251 1107 297 1112 —
312 1089 482 1126 Intersita,
496 1087 709 1133 interposita.
726 1089 821 1122 Bona
834 1088 881 1121 le-

207 1140 277 1172 ctio
292 1165 300 1179 ,
313 1139 466 1184 Gierigio
482 1140 579 1172 nullo
596 1142 673 1187 jure
698 1140 880 1174 durissima

206 1192 289 1225 visa.
308 1193 341 1224 Is
361 1205 440 1225 cum
455 1193 575 1226 Cortio
595 1206 612 1226 e
630 1193 766 1227 duobus
785 1193 881 1227 codi-

205 1245 305 1278 cibus
329 1247 412 1277 inter
435 1259 518 1283 sua.;
543 1245 638 1290 quod
660 1259 731 1280 non
754 1247 880 1280 imiter.

208 1297 305 1342 Saepe
323 1300 350 1329 ic
371 1298 596 1331 librariorum
626 1299 785 1332 socordia
806 1300 842 1333 in
863 1314 882 1332 u

207 1348 421 1394 depravavit.
444 1351 566 1383 Horat.
594 1364 648 1396 ep.
670 1353 707 1391 I,
736 1353 795 1392 18,
819 1365 880 1393 12,

207 1403 259 1432 Sic
279 1404 375 1434 iterat
399 1416 505 1435 voces.
524 1404 577 1436 Ibi
594 1404 756 1437 Barthius
774 1404 809 1437 in
829 1418 883 1438 co-

207 1452 284 1486 dice
300 1455 440 1499 reperit,
449 1458 501 1487 Sic
515 1467 607 1488 uerat
620 1470 714 1489 voces
725 1471 737 1495 ;
751 1457 879 1503 inepte.

208 1506 292 1539 Vid.
313 1507 524 1540 Bentleium.
543 1509 577 1541 S.

257 1559 289 1592 5.
307 1564 382 1591 Jam
402 1562 492 1602 qnod
508 1562 745 1592 deliberationis
764 1571 882 1593 nostroe

208 1621 307 1654 caput
323 1622 378 1644 est.
399 1613 501 1644 Rom.
526 1615 622 1654 Quod
643 1615 881 1646 deliberationis

207 1673 325 1695 noscrce
351 1674 450 1706 caput
476 1675 531 1697 est.
555 1664 599 1697 H.
629 1665 684 1698 Cf.
712 1666 881 1712 Excerpta

206 1715 413 1749 Brummeri.
427 1718 550 1750 Nostra
564 1717 665 1750 lectio
680 1726 827 1762 praestat.
844 1720 878 1753 S.

254 1771 287 1802 6.
304 1771 470 1802 Felicitas.
487 1795 493 1801 .
510 1771 693 1813 .fizcigacur.
708 1771 880 1804 Fertilitas

206 1821 265 1853 illa
278 1828 376 1854 terrae
387 1830 564 1855 coercetur
573 1829 605 1854 et
614 1821 799 1867 impeditur
811 1824 881 1856 cul-

207 1874 341 1907 toribus
354 1877 535 1914 imbecillis,
554 1874 620 1907 hoc
640 1883 708 1916 est,
730 1876 790 1920 qui
803 1889 880 1921 pro-

206 1934 283 1972 pter
296 1926 434 1960 vendita
450 1927 595 1973 pignora
615 1935 647 1959 et
665 1939 709 1960 aes
728 1929 878 1962 alienum

206 1991 277 2011 nou
296 1988 439 2024 possunt
456 1988 548 2013 recte
568 1987 600 2013 et
617 1980 746 2014 utiliter
766 1981 878 2016 colere

208 2043 308 2075 agros
328 2044 419 2065 suos.
439 2033 480 2064 E.

254 2086 608 2128 —l'endiditpignorm
619 2085 756 2117 Colonis
766 2086 879 2120 ablata

209 2147 229 2167 a
247 2134 336 2168 duro
353 2135 494 2169 domino
509 2136 697 2176 (Servianae
712 2139 880 2183 hypothe-

208 2199 254 2219 cae
274 2188 414 2220 nomine
427 2213 435 2227 ‚
453 2200 521 2233 qua
541 2189 739 2234 obligantur
763 2191 878 2224 coloni

208 2240 301 2272 bona
315 2239 484 2284 domiuo),
498 2241 525 2273 si
540 2242 562 2272 ii
576 2242 704 2275 morosi
718 2242 878 2275 videren-

210 2300 265 2324 tur
287 2292 323 2325 in
349 2292 522 2325 solvendis
553 2294 707 2338 reliquis.
736 2298 879 2339 Pignora

209 2352 324 2378 autem
333 2357 441 2389 quum
449 2345 780 2392 nominat‚comp1·eh
785 2348 879 2380 endit

210 2398 246 2430 in
263 2397 383 2442 primis
402 2397 666 2431 instrumci‘ltum
685 2399 852 2432 rusticum
867 2425 876 2440 ,

210 2449 253 2482 de
264 2462 333 2494 quo
343 2457 463 2495 postea
478 2450 549 2495 lege
563 2451 707 2483 Honorii
723 2461 754 2484 et
768 2452 879 2485 Theo-

210 2503 299 2535 dosii
314 2503 332 2535 8
345 2527 353 2542 ,
369 2504 410 2543 C,
422 2514 497 2547 quae
507 2515 560 2535 res
571 2504 706 2549 pignori
718 2530 726 2544 ,
738 2513 877 2537 cautum

210 2564 273 2588 est.
319 2572 332 2583 «
354 2555 545 2600 Pignorum
579 2557 686 2600 gratia
723 2557 852 2602 aliquid
866 2583 875 2598 ‚

210 2607 305 2653 quod
333 2606 377 2640 ad
404 2607 578 2640 culturam
608 2609 681 2652 agri
708 2610 851 2652 pertinet
866 2635 876 2650 ,

210 2660 338 2692 auferri
355 2671 424 2691 non
439 2658 631 2692 convenit.»
641 2659 701 2692 His
712 2661 876 2694 nimirum

210 2711 351 2751 ablatis,
371 2711 441 2756 ipse
459 2711 572 2745 cultus
589 2723 749 2756 agrorum
769 2713 875 2757 impe-

946 1088 1060 1128 ditur,
1082 1101 1121 1122 ac
1146 1088 1368 1121 debilitantur
1394 1088 1535 1130 coloni,
1555 1101 1614 1121 au-

946 1143 1007 1175 ctis
1024 1142 1138 1175 denuo
1152 1141 1306 1187 reliquis.
1325 1143 1476 1184 Reliqua,
1495 1143 1614 1188 ἐλλείμ-

946 1209 1054 1240 ματα,
1075 1195 1251 1228 funestum
1280 1207 1407 1227 nomen
1421 1220 1429 1235 ,
1452 1202 1489 1226 ut
1508 1194 1612 1227 hodie

944 1249 997 1278 die
1016 1251 1104 1278 Reste
1113 1254 1133 1285 ‚“
1146 1249 1203 1278 der
1220 1248 1423 1284 Riickscand,
1448 1245 1540 1291 apud
1559 1259 1615 1279 ru-

945 1299 1046 1332 sticos
1066 1306 1213 1331 nostros.
1236 1298 1279 1331 G.
1302 1318 1346 1323 ——-
1368 1301 1510 1340 Quarum
1529 1301 1614 1342 defe-

944 1354 1064 1390 ctione,
1082 1359 1146 1384 etc.
1165 1353 1262 1384 Rom.
1281 1353 1421 1392 Quarum
1439 1352 1614 1394 defectione

944 1407 1055 1443 rubus,
1077 1405 1202 1447 reliquit.
1220 1405 1423 1435 incommoda
1441 1413 1611 1435 creverunt.

944 1456 1008 1489 Hic
1027 1459 1124 1489 Rom.
1145 1455 1301 1501 pessimis
1315 1454 1460 1488 accedit.
1481 1455 1525 1488 H.

992 1521 1024 1553 7.
1039 1510 1237 1540 Inscruetzdi.
1250 1534 1257 1540 .
1269 1532 1276 1538 .
1285 1509 1456 1550 mancipes.
1472 1507 1613 1541 Exhau-

944 1560 1004 1593 stis
1037 1560 1210 1594 veteribus
1240 1559 1370 1592 colonis
1386 1584 1395 1599 ,
1421 1560 1475 1592 vel
1506 1559 1613 1593 iidem

944 1613 1007 1658 ipsi
1023 1638 1031 1652 ,
1049 1613 1101 1645 vel
1118 1613 1159 1645 iis
1178 1614 1345 1659 majorem
1361 1619 1495 1658 partem
1511 1612 1612 1646 dissi-

943 1666 1030 1710 patis
1041 1691 1049 1705 ‚
1070 1673 1128 1698 aut
1144 1665 1295 1710 migrare
1310 1665 1414 1710 jussis
1429 1664 1516 1698 adeo
1530 1690 1539 1705 ,
1555 1667 1613 1699 alii

942 1719 1025 1751 novi
1048 1718 1225 1763 mancipes
1257 1720 1436 1749 instruendi
1463 1728 1554 1757 sunt,
1581 1727 1613 1752 et

943 1770 1092 1803 ornandi
1115 1771 1345 1803 instrumento
1365 1779 1397 1803 et
1415 1771 1517 1803 rebus
1537 1772 1612 1804 aliis

941 1823 1142 1856 necessariis
1154 1848 1162 1863 ‚
1183 1825 1321 1867 utfragi
1334 1831 1365 1856 et
1378 1824 1477 1856 utiles
1493 1823 1557 1857 sihi
1573 1837 1612 1857 ac

942 1875 1086 1909 domino
1103 1889 1174 1909 esse
1193 1876 1338 1921 possint.
1360 1877 1411 1910 De
1426 1877 1524 1909 novis
1540 1878 1614 1922 qui-

942 1928 1022 1962 dem
1038 1929 1256 1974 mancipibus
1275 1928 1349 1974 (qui
1367 1941 1386 1961 a
1405 1930 1540 1962 colonis
1553 1942 1613 1961 no-

942 1981 1034 2014 mine
1062 1981 1134 2014 solo
1165 1980 1355 2020 differunt,
1387 1980 1482 2025 quod
1511 1982 1612 2014 latius

941 2042 1033 2079 patet
1059 2042 1091 2067 et
1117 2046 1219 2066 omne
1250 2045 1358 2078 genus
1383 2033 1611 2079 redemptoris

941 2087 1199 2131 complectitur)
1223 2086 1279 2118 hic
1305 2086 1381 2129 agi,
1414 2086 1494 2119 satis
1524 2086 1611 2120 illud

940 2138 1091 2179 indicat,
1110 2138 1204 2184 quod
1221 2146 1324 2182 negat
1343 2138 1471 2171 Plinius
1492 2152 1525 2171 se
1540 2143 1612 2172 vin-

941 2201 1006 2223 ctos
1031 2193 1164 2229 habere,
1194 2191 1319 2236 quibus
1345 2191 1458 2224 colere
1488 2204 1610 2237 agrum

941 2243 1060 2288 possit.
1084 2244 1159 2282 Sic,
1185 2251 1291 2288 puto,
1318 2244 1398 2276 satis
1430 2245 1609 2279 commode

940 2296 1159 2340 interpretari
1189 2296 1269 2328 licet
1296 2296 1471 2341 vulgatam
1495 2296 1611 2330 lectio—

940 2361 1032 2381 nem.
1053 2349 1111 2381 Est
1126 2356 1157 2380 et
1169 2348 1234 2381 alia
1249 2361 1268 2380 a
1283 2348 1461 2382 Gronovio
1475 2350 1609 2393 prolata

942 2414 981 2434 cx
1007 2401 1126 2440 libris,
1154 2408 1186 2433 et
1219 2402 1362 2445 probata
1392 2401 1532 2440 Cortio‚
1562 2404 1608 2433 in-

941 2456 1083 2485 struendi
1102 2466 1138 2484 eo
1153 2456 1275 2496 pluris,
1295 2455 1497 2496 qzlodfiwgi,
1520 2467 1608 2486 man-

942 2508 1040 2548 cipes,
1063 2517 1137 2550 quae
1159 2505 1203 2537 ad
1223 2506 1424 2538 sententiam
1446 2518 1569 2550 parum
1588 2519 1606 2540 a

942 2558 1041 2590 nobis
1053 2557 1208 2591 discedit.
1221 2559 1388 2591 Caeterum
1400 2566 1486 2598 erat,
1499 2571 1607 2603 quum

942 2610 1040 2642 aliter
1067 2622 1268 2654 caperemus
1294 2610 1386 2642 hunc
1410 2610 1548 2650 locum,
1574 2619 1607 2644 et

935 2664 1076 2705 pignora
1102 2662 1366 2707 intelligeremus
1394 2670 1491 2694 natos
1517 2663 1607 2696 eolo-

943 2726 1065 2746 uorum
1080 2737 1088 2753 ,
1105 2726 1124 2746 a
1137 2714 1232 2747 saevis
1243 2713 1391 2747 dominis
1407 2715 1537 2749 ablatos
1550 2728 1605 2748 co-
