1742 2989
1463 231 1519 276 '33

576 234 909 277 EPISTULA
950 232 1066 274 XII.

115 320 210 360 Jam
240 316 330 359 dies
361 316 491 371 alter,
526 315 704 369 tertius,
730 323 914 374 quartus
944 331 952 356 :
982 312 1231 356 abstinebat
1259 313 1370 356 cibo,
1400 314 1524 358 Misit

116 389 171 432 ad
193 406 261 433 me
288 406 399 432 uxor
425 389 516 448 ejus
538 387 740 448 Hispulla
767 402 1047 431 communem
1077 386 1269 429 amicum
1297 388 1346 430 C.
1368 389 1522 431 Gemi-

116 463 238 505 nium
264 479 363 506 cum
391 462 638 505 tristissimo
662 461 844 516 nuntio,
863 460 1110 504 destinasse
1127 460 1363 504 Corellium
1385 466 1519 514 mori,

114 552 193 579 nec
220 547 305 580 aut
327 539 442 589 suis,
467 536 688 593 (zutfilice
710 534 921 597 precibus
933 533 1074 593 flecti
1088 551 1103 588 ,·
1129 535 1276 578 solum
1301 551 1525 596 superesse

113 625 206 663 me,
241 625 271 652 (ι
301 625 390 669 quo
421 611 624 651 revocari
636 619 801 671 posset
825 607 890 651 cul
912 611 1070 652 vllam.
1102 608 1291 650 Cucurri
1325 626 1333 652 :
1367 626 1523 669 perve-

114 698 264 725 neram
292 682 335 724 in
362 682 637 742 proximum,
661 698 797 741 quum
824 681 933 723 mihi
960 680 1013 723 ab
1040 679 1192 723 eadem
1218 681 1420 741 Hispulla
1443 684 1524 726 Ju-

113 754 195 798 lius
221 755 392 799 Atticus
416 755 614 808 nuntiat⁷
640 753 751 797 nihil
772 753 863 813 jam
891 770 946 796 ne
971 769 1040 796 me
1063 752 1241 813 quidem
1271 754 1526 814 impetratu-

113 845 211 871 rum
235 844 244 872 ε
274 838 363 871 tam
389 828 607 872 obstinate
630 827 769 889 magis
801 844 851 870 ac
876 826 1015 887 magis
1047 825 1307 870 induruisse.
1340 828 1525 871 Dixerat

114 918 216 946 sane
242 902 412 947 medico
442 901 694 945 admoventi
724 901 895 957 cibum,
916 904 1119 961 Κέκρικα,
1146 919 1241 963 quae
1271 919 1353 945 vox
1382 920 1525 964 quan—

114 985 207 1018 tum
237 976 540 1020 admirationis
571 976 615 1019 in
647 976 796 1019 animo
826 992 953 1029 11160,
983 984 1154 1018 tantum
1186 976 1390 1020 desiderii
1420 977 1526 1021 reli-

112 1051 220 1110 quit.
249 1051 432 1111 Cogito⁷
455 1067 542 1111 quo
567 1051 730 1106 amico,
754 1066 842 1111 quo
864 1050 960 1092 viro
987 1065 1170 1092 caream.
1196 1049 1402 1110 implevit
1425 1051 1525 1110 qui-

111 1122 213 1166 dem
241 1140 407 1168 annum
437 1125 673 1185 septimum
705 1133 748 1167 et
777 1123 1116 1183 sexagesimum,
1142 1140 1238 1183 quae
1264 1134 1366 1168 aetas
1393 1126 1524 1168 etiam

934 1196 1035 1240 scio.
1075 1197 1225 1240 Evasit
1264 1207 1525 1257 perpetuam

488 1271 589 1314 scio.
624 1271 822 1314 Decessit
851 1270 1160 1330 superstitibus
1191 1271 1306 1327 suis,
1343 1271 1528 1314 florente

113 1343 362 1403 republica,
384 1362 479 1405 quae
505 1344 565 1388 illi
590 1344 794 1387 omnibus
815 1344 902 1386 suis
926 1343 1070 1386 carior
1096 1354 1189 1386 erat
1212 1360 1221 1387 :
1248 1354 1291 1386 et
1317 1344 1401 1387 hoc
1420 1345 1524 1388 scio.

114 1197 426 1241 robustissimis
458 1198 561 1241 satis
599 1197 730 1258 longa
769 1205 832 1240 est
878 1212 887 1239 :

112 1268 406 1314 valetudinem
443 1287 453 1315 :

112 1419 208 1477 Ego
251 1427 422 1472 tamen⁷
456 1428 666 1478 tanquam
706 1427 749 1460 et
776 1417 974 1477 juvenis,
1012 1426 1055 1459 ct
1097 1417 1347 1472 fortissimi,
1386 1427 1527 1461 morte

108 1490 236 1535 doleo
270 1508 281 1536 ε
315 1491 441 1535 doleo
480 1501 625 1535 autem
664 1491 793 1553 (licet
828 1507 898 1533 me
937 1489 1207 1533 imbecillum
1237 1490 1394 1550 putes)
1428 1508 1526 1535 meo

110 1565 301 1608 nomine.
326 1565 464 1609 Amisi
496 1565 613 1607 enim
631 1600 642 1619 ,
668 1564 793 1607 amisi
823 1564 921 1606 vitae
946 1579 1052 1606 meae
1078 1572 1232 1606 testem
1250 1599 1260 1619 ‚
1284 1573 1501 1608 rectorem
1517 1601 1528 1616 ,

110 1637 382 1697 magistrum.
412 1641 464 1682 Ι11
496 1654 690 1692 summa,
718 1637 861 1680 dicam
891 1635 1010 1697 quod
1043 1637 1208 1680 recenti
1241 1637 1393 1682 dolore
1418 1655 1527 1682 con‹-

110 1788 221 1821 riendi
237 1788 465 1822 destinatione
476 1814 485 1829 ‚
502 1789 781 1834 abstinentiaque

110 1841 178 1873 cibi
198 1842 333 1886 effugit.
349 1841 498 1874 Videtur
521 1854 667 1874 acumen
694 1853 783 1886 (11136-

111 1894 205 1927 §iisse
230 1893 433 1933 Secundus,
460 1907 569 1939 quum
594 1896 783 1926 conscamiae

95 1948 219 1993 ¹ficgam
240 1946 371 1980 tribuit.
388 1947 431 1980 G.
449 1968 494 1972 --
508 1947 655 1984 Dubito,
676 1960 720 1980 an
740 1946 784 1979 de

108 1998 176 2032 hoc
195 2001 355 2033 acumine
379 2012 474 2033 nunc
495 2000 696 2045 cogitaverit
717 2000 783 2032 Pli-

110 2051 200 2084 nius.
229 2054 308 2086 Non
334 2061 404 2086 tam
433 2053 634 2086 constantiae
664 2053 782 2098 fugam

110 2104 230 2138 tribuit
244 2130 252 2146 ‚
269 2118 376 2151 quam
401 2106 464 2138 sibi
486 2106 564 2152 ipsi.
591 2107 668 2151 Ipse
689 2106 782 2139 enim

103 2168 357 2199 perseverantem
399 2159 560 2191 morbum
600 2162 782 2191 constantia

111 2222 171 2243 sua
180 2212 288 2253 sugit,
306 2224 366 2244 seu
381 2212 516 2257 effugit.
531 2212 631 2244 Talia
646 2211 757 2246 Plinio
773 2237 781 2251 ,

110 2262 242 2296 vividas
258 2276 375 2296 rerum
392 2264 561 2309 imagines
580 2265 679 2298 facile
699 2277 782 2297 con-

110 2313 253 2360 cipienti
270 2340 279 2355 ‚
294 2316 350 2347 vel
370 2329 441 2349 non
463 2317 629 2362 quaerenti
643 2343 652 2358 ,
678 2318 783 2351 obvia

112 2373 203 2399 sunt.
224 2367 266 2400 E.
286 2387 332 2392 -—
355 2370 556 2401 Communem
582 2373 720 2402 amicum
749 2374 780 2402 C.

113 2421 302 2452 Geminium.
317 2421 415 2454 Rom.
433 2434 629 2454 communem
643 2425 782 2455 amicum

109 2473 147 2504 C.
177 2474 385 2506 Germanum.
418 2473 551 2507 Deinde
583 2486 590 2507 2
624 2486 682 2507 aut
695 2478 782 2521 filice

102 2527 251 2566 precibus
269 2527 299 2557 iu
327 2528 399 2559 ecti.

153 2579 314 2609 10.Julius
329 2582 453 2611 Atticus
467 2591 485 2611 a
497 2579 664 2613 facundia
678 2581 783 2614 attica

109 2630 376 2674 cognominatus
391 2657 400 2672 ‚
421 2631 464 2665 de
482 2632 610 2665 vitibus
629 2632 783 2666 colendis

108 2680 236 2714 librum
263 2684 407 2729 scripsit.
435 2686 499 2718 En.
533 2706 578 2710 ’-
609 2689 715 2730 Magis
744 2699 784 2718 ac

106 2736 224 2776 magis.
245 2735 335 2768 Male
355 2737 433 2769 cod.
456 2752 495 2769 nc
520 2741 620 2781 magis
641 2739 779 2772 omittit.

848 1786 1012 1821 Vid.Col.
1026 1786 1070 1820 ad
1083 1787 1187 1820 Ennii
1200 1789 1339 1834 Fragm.
1353 1802 1387 1834 p.
1400 1802 1458 1834 99,
1470 1790 1525 1824 ed.

848 1841 992 1873 Amstel.
1009 1841 1062 1873 Sic
1070 1840 1184 1873 Graeci
1196 1845 1314 1884 μᾶλλον
1328 1844 1526 1889 καὶμᾶλλον,

850 1901 882 1926 et
895 1894 1019 1938 copula
1031 1893 1202 1938 neglecta,
1215 1897 1334 1940 μᾶλλην
1346 1900 1479 1941 μᾶλλον.
1491 1898 1526 1930 S.

848 1963 900 1970 --
911 1945 1275 1994 Ka'zpzxz.Voxjudicii
1288 1972 1296 1987 ‚
1310 1950 1525 1989 constantiae,

849 1999 1006 2039 consilii,
1026 2012 1132 2045 quam
1154 1999 1306 2046 proinde
1332 2000 1527 2035 admiratur

848 2053 991 2093 Plinius,
1001 2052 1214 2086 etdesiderio
1224 2052 1329 2086 scilla
1341 2066 1525 2088 accensum

850 2105 1034 2150 significat.
1064 2105 1181 2139 Altera
1215 2106 1319 2139 lectio
1341 2110 1502 2154 Κέκμηκα
1514 2136 1524 2152 ,

849 2159 937 2191 nihil
966 2158 1072 2192 hahet
1095 2172 1167 2191 non
1194 2158 1327 2192 humile
1355 2161 1468 2206 potius
1493 2169 1526 2193 et

849 2211 1138 2246 erubescendum.
1158 2212 1203 2245 G.

900 2279 912 2297 1
925 2278 952 2297 1.
973 2268 1050 2307 Quoe
1069 2268 1131 2297 illi.
1142 2292 1149 2297 .
1161 2289 1168 2297 .
1178 2276 1259 2298 erat.
1278 2267 1376 2299 Rom.
1394 2280 1466 2309 quoe
1479 2268 1527 2298 illi

849 2321 992 2351 omnibus
1019 2320 1128 2350 carior
1151 2329 1222 2351 erac
1247 2318 1374 2351 omisso
1401 2331 1525 2363 prono-2

849 2372 944 2405 mine
961 2374 1037 2403 suis.
1057 2370 1102 2404 H.

900 2437 950 2456 12.
966 2427 1035 2468 Ego
1051 2434 1158 2456 tamen
1168 2449 1175 2455 .
1186 2451 1192 2456 .
1205 2451 1211 2456 .
1221 2426 1326 2456 doleo.
1342 2425 1441 2456 Rom.
1454 2427 1523 2468 Ego

849 2488 956 2509 tamen
985 2486 1141 2520 tanquam
1161 2487 1191 2509 et
1203 2479 1329 2520 juvenis
1343 2478 1526 2522 firmissimi

849 2539 981 2561 mortem
998 2532 1103 2562 doleo.
1125 2529 1169 2562 H.
1188 2551 1234 2554 —
1252 2534 1295 2561 Ec
1312 2531 1524 2575 antefirmis-

848 2585 921 2614 simi
935 2590 994 2615 aut
1009 2582 1116 2628 ipsius
1131 2582 1336 2627 Heusingeri
1352 2590 1411 2615 aut
1426 2590 1523 2629 typo*

849 2635 950 2668 thetae
969 2648 1088 2669 errore
1103 2635 1240 2668 videtur
1255 2634 1432 2669 excidisse.
1450 2636 1524 2668 Pla-

849 2691 1104 2732 cetfirmissimi,
1120 2701 1228 2734 quum
1244 2700 1322 2720 111οΧ
1338 2695 1502 2734 sequatur
1512 2699 1520 2719 vt

850 2743 992 2786 infirmus
1001 2752 1080 2773 erut.
1092 2741 1125 2773 S.
1139 2763 1151 2764 e
1185 2745 1256 2772 Men
1264 2740 1519 2780 ›mmiszuum

1272 2796 1293 2810 a,

1276 2816 1295 2840 Δ
1311 2833 1317 2840 0

1553 649 1591 670 Ii}

1557 1469 1592 1488 1¹1
