1742 2989
580 209 930 252 EPISTOLA
964 211 1071 252 XX.

128 288 242 331 Nam
266 286 489 331 sollicitius
514 288 822 334 custodiendus
848 300 910 334 est
936 291 1101 345 honor,
1127 293 1169 334 in
1195 308 1283 352 quo
1308 293 1436 336 etiam
1461 295 1530 338 be-

129 360 332 403 nefieium
359 360 486 403 amici
513 361 724 405 tuendum
749 373 825 406 est.
853 363 972 407 Vale.
1355 375 1360 378 '

1467 213 1520 257 51

125 489 212 520 Ante
237 488 393 521 ultimam
422 501 542 523 vocem
569 490 793 536 interponunt

124 539 267 585 quidam
285 551 320 572 ut
335 556 357 574 a
374 555 423 573 me
438 545 535 581 daca,
557 542 651 587 quod
669 545 793 589 probat

125 592 263 625 Curtius
280 619 289 633 ,
307 594 367 639 qui
385 602 505 628 contra
520 608 559 628 ea
576 596 680 629 verba
695 610 792 640 qnam

859 494 1088 524 modestissime
1106 505 1169 536 pro
1189 492 1302 537 glossa
1323 493 1440 527 habet.
1461 496 1528 528 No-

857 545 908 578 bis
917 545 1109 578 Cellariana
1121 546 1220 578 lectio
1234 547 1415 591 probatur,
1424 559 1529 592 quam

857 611 923 631 nec
938 597 1080 631 damnat
1095 599 1243 632 Cortius.
1261 598 1304 632 G.

139 736 863 753 mezsamwszuwxwvsmmmss
869 743 923 753 §.vs
928 744 1514 755 mmmwmmmmmm

753 889 898 944 XX.

122 1050 295 1086 Tacitum
315 1051 495 1097 consulit,
515 1052 681 1102 amplum
702 1060 739 1088 et
758 1053 954 1103 copiosum
976 1053 1127 1091 dicendi
1150 1068 1289 1104 genus,
1307 1069 1354 1092 an
1374 1054 1527 1093 brevius

484 1125 521 1153 et
541 1117 862 1168 circumscriptius
884 1118 1000 1167 inagis
1023 1118 1172 1168 probet.

343 1255 379 1284 C.
414 1255 652 1284 PLINIUS
687 1256 845 1285 CORN.
886 1257 1095 1286 TACITO
1131 1258 1233 1286 SUO
1269 1259 1304 1287 S.

185 1377 430 1427 FREQUENs
453 1375 561 1418 mihi
588 1375 825 1435 disputatio
849 1386 913 1420 est
939 1393 1039 1420 cum
1070 1377 1261 1437 quodam
1292 1377 1422 1421 docto
1450 1379 1526 1422 ho-

120 1449 238 1492 mine
255 1458 296 1491 et
314 1449 475 1508 perito,
488 1449 557 1493 cui
578 1448 686 1492 nihil
701 1465 821 1509 aeque
841 1449 885 1492 in
904 1451 1063 1493 caussis
1081 1450 1258 1510 agendis
1275 1461 1323 1494 ut
1338 1451 1526 1495 brevitas

120 1521 275 1582 placet.
298 1523 443 1578 Quam
471 1539 550 1582 ego
577 1520 908 1565 custodiendam
935 1539 1025 1566 esse
1051 1523 1289 1577 confiteor,
1311 1525 1345 1567 si
1375 1541 1525 1568 caussa

118 1596 357 1656 permittat.
382 1595 554 1656 Alioqui
578 1595 877 1655 praevaricatio
902 1605 964 1638 est
988 1597 1174 1639 transire
1194 1595 1401 1651 dicenda3
1423 1613 1527 1656 prae-

117 1669 326 1711 varicatio
345 1669 496 1722 etiam,
519 1669 677 1710 cursim
701 1677 744 1710 et
764 1668 956 1711 breviter
975 1670 1191 1728 attingere
1205 1704 1216 1723 ‚
1235 1686 1331 1729 quae
1353 1671 1439 1712 sint
1462 1670 1525 1712 in-

116 1740 328 1784 culcanda
347 1775 359 1794 ,
385 1740 633 1800 infigenda,
662 1740 913 1799 repetenda.
942 1742 1055 1784 Nam
1084 1740 1302 1801 plerisque
1327 1741 1525 1802 longiore

117 1823 259 1857 tractu
284 1815 348 1856 vis
375 1813 569 1873 quaedam
598 1823 641 1856 et
665 1812 836 1873 pondus
863 1813 1028 1857 accedit
1053 1831 1062 1856 ε
1087 1824 1222 1874 utque
1244 1816 1418 1874 corpori
1443 1814 1526 1859 fer-

118 1904 215 1930 rum
234 1921 244 1939 ‚
276 1887 336 1930 sic
364 1887 505 1929 oratio
537 1886 683 1928 animo
714 1902 803 1928 non
834 1887 923 1929 ictu
954 1887 1092 1946 inagis
1122 1903 1253 1946 quam
1288 1904 1407 1930 mora
1439 1890 1523 1931 iin-

117 1962 335 2022 primitur.
363 1961 447 2004 Hic
473 1959 543 2003 ille
569 1976 739 2003 mecum
767 1960 1104 2003 auctoritatibus
1130 1962 1244 2020 agit,
1273 1962 1449 2005 aemilii
1472 1980 1521 2006 ex

138 2095 214 2128 XX.
225 2108 241 2127 2
249 2122 255 2128 .
267 2096 523 2127 Custodiendam.
537 2096 702 2126 custodire
712 2105 784 2127 aevo

114 2147 269 2180 Pliniano
292 2147 577 2194 frequentabatur
598 2160 637 2179 eo
661 2159 783 2188 sensu,

116 2207 153 2231 ut
163 2208 249 2233 esset
260 2225 268 2240 ‚
281 2200 419 2234 studere
431 2226 438 2240 ‚
455 2212 594 2245 operam
607 2199 703 2233 dare.
716 2201 782 2233 ΕΙ).

164 2256 194 2284 3.
209 2255 366 2296 Longiore
385 2263 500 2286 tractu.
520 2252 687 2297 Gierigius
704 2253 737 2285 h.
756 2253 780 2285 l.

114 2317 194 2338 cum
206 2305 322 2338 Cortio
337 2304 441 2338 edidit
456 2316 614 2343 tractatu,
632 2313 667 2337 ut
682 2307 780 2351 epist.

114 2358 149 2397 I,
171 2358 211 2398 8,
232 2362 263 2391 8.
281 2358 354 2402 Ego
374 2357 459 2390 nihil
480 2359 621 2391 mutavi.
644 2358 784 2391 Poterat

113 2411 206 2444 enim
218 2411 290 2443 haec
303 2411 431 2443 Plinius
446 2410 517 2456 ipse
532 2411 662 2443 variare
673 2411 760 2444 velle
774 2423 781 2444 :

114 2476 177 2496 nec
191 2463 282 2496 idem
295 2464 474 2509 utriusque
487 2476 605 2496 sensus
618 2472 668 2496 est
681 2476 688 2496 :
701 2476 783 2496 nam

115 2526 272 2549 tractatus
295 2525 344 2550 est
363 2525 520 2550 tractatio
545 2528 552 2549 :
579 2527 699 2548 tractus
725 2529 784 2548 au-

113 2576 184 2603 tem
197 2595 205 2611 ,
221 2583 330 2616 quum
348 2570 477 2615 aliquid
492 2570 626 2614 longius
639 2569 783 2602 extrahi-

114 2632 193 2655 mus
207 2647 215 2662 ,
233 2622 468 2663 extendimus3
490 2630 526 2655 ut
542 2622 662 2655 Cicero
681 2623 779 2654 Orat.

115 2674 152 2706 ΙΙ
169 2699 177 2714 ,
205 2676 247 2708 50
264 2701 273 2716 ,
299 2675 342 2708 de
372 2675 471 2709 tarda
504 2674 781 2721 pronuntiatione

117 2736 254 2759 tractum
273 2731 443 2761 verboram
462 2728 556 2762 dixit.
577 2729 619 2760 F..
638 2749 683 2753 —
703 2729 780 2762 Non

849 2094 994 2139 inspexit
1026 2094 1202 2127 Ernestius
1233 2095 1456 2136 Cortianam,
1487 2098 1522 2129 in

849 2160 918 2193 qua
933 2173 941 2187 ‚
964 2155 1000 2180 ut
1026 2149 1059 2182 in
1089 2155 1229 2187 nostra,
1259 2158 1362 2180 tractu
1377 2175 1385 2186 ,
1416 2150 1522 2182 invito

849 2208 962 2234 tamen
980 2226 988 2241 ‚
1024 2210 1060 2235 ut
1087 2200 1224 2234 videtur
1246 2226 1254 2241 ‚
1286 2202 1402 2234 Cortio
1423 2228 1431 2241 ‚
1463 2204 1522 2248 qui

848 2264 990 2286 tractatu
1026 2254 1157 2287 mallet.
1198 2254 1251 2287 Sic
1289 2262 1320 2285 et
1360 2263 1517 2299 excerpta

849 2307 1054 2341 Brummeri.
1077 2307 1161 2339 Mihi
1182 2319 1253 2339 non
1278 2307 1396 2351 liquet.
1417 2308 1451 2341 S.
1475 2328 1519 2332 —-—

848 2361 945 2392 Rom.
963 2363 1049 2392 Nam
1063 2362 1224 2403 plerisque
1240 2362 1383 2403 longiore
1400 2370 1520 2392 eracla—

849 2422 881 2444 tn
892 2438 900 2449 ‚
918 2413 1038 2446 melius
1049 2439 1057 2454 ‚
1073 2426 1177 2458 quam
1192 2412 1298 2457 vulgo
1309 2413 1518 2446 tracmNide

849 2465 948 2510 epist.
980 2466 999 2498 8
1019 2492 1028 2506 ⁷
1058 2469 1105 2506 83
1138 2466 1195 2498 lib.
1224 2467 1255 2498 X
1276 2491 1284 2504 ‚
1317 2466 1414 2510 epist.
1446 2478 1488 2510 97
1507 2492 1515 2506 ‚

848 2523 880 2558 4.
903 2517 946 2551 Η.
972 2538 1017 2543 —
1045 2521 1190 2559 Corpori.
1212 2519 1374 2551 Humano
1399 2530 1407 2551 :
1435 2531 1517 2551 narn

848 2574 956 2603 animo
976 2573 1175 2617 opponitur.
1197 2576 1326 2603 Ferrum
1339 2597 1348 2609 ,
1367 2570 1514 2616 gladius.

847 2624 927 2657 Haec
955 2626 1034 2657 satis
1060 2626 1153 2658 clara
1170 2636 1178 2663 ;
1199 2637 1260 2657 nee
1280 2625 1489 2657 monuissem
1506 2649 1514 2659 .

848 2677 912 2709 nisi
925 2676 1093 2722 Gierigius
1110 2690 1172 2722 pro
1190 2677 1343 2710 obscuris
1360 2676 1515 2719 adeoque

848 2730 968 2775 ineptis
982 2729 1168 2763 habuisset.
1187 2730 1221 2763 S.

1265 2789 1288 2839 4
1308 2825 1312 2829 .

1554 313 1573 347 4

1554 1550 1569 1569 2

1553 1759 1570 1791 3

1549 1975 1569 2010 ⁴-x
