1742 2989
600 206 945 248 EPISTULA
980 206 1086 248 ΧΧ.
1491 203 1548 250 53

149 286 318 342 ederet,
340 285 545 330 omisisse.
561 284 681 330 Idem
703 303 781 346 pro
797 285 1002 331 Cluentio
1022 287 1101 337 ait,
1124 301 1170 328 se
1188 294 1326 329 totam
1343 301 1548 331 caussam
1576 298 1595 330 8

148 364 292 404 veleri
305 363 503 404 z'nsAz'lzcto
515 361 657 404 solum
662 376 916 421 perorasse,
938 370 978 404 et
993 376 1072 421 pro
1084 359 1290 404 Cornelio
1306 361 1550 420 quatriduo

147 436 316 493 egzlsse:
338 449 392 476 ne
412 432 613 476 dubitare
635 434 870 493 possimus,
893 451 987 494 quae
1010 450 1088 494 per
1111 433 1256 493 plures
1280 434 1390 487 dies,
1414 445 1462 477 ut
1485 452 1553 478 ne.-

147 521 263 549 cesse
293 515 410 560 erat,
446 505 573 549 latius
603 506 761 549 dixerit
781 541 793 561 ,
832 516 979 566 postea
1010 508 1143 550 recisa
1174 522 1224 550 ac
1255 517 1440 567 purgata
1459 543 1469 561 ‚
1508 508 1551 550 in

146 593 285 621 unum
305 577 484 632 librum,
501 578 709 639 grandem
728 578 927 639 quidem,
946 597 1083 623 unum
1105 589 1274 632 tamen,
1294 590 1548 625 coarctasse.

146 652 204 694 At
230 650 346 694 aliud
375 661 440 695 est
468 652 581 695 actio
607 652 746 705 bona,
777 651 895 695 aliud
926 653 1082 696 oratio.
1120 654 1218 697 Scio
1246 653 1466 697 nonnullis
1495 655 1552 697 ita
1578 674 1598 705 9

145 724 309 778 videri,
337 725 412 768 sed
436 741 516 785 ego
541 724 750 786 (forsitan
776 724 932 787 fallor)
959 743 1212 787 persuasum
1237 727 1379 770 habeo
1396 763 1406 780 ,
1431 744 1555 787 posse

146 796 241 840 fieri
256 832 267 853 ‚
285 807 334 841 ut
350 797 398 841 fit
412 799 526 841 actio
543 798 658 842 bona
672 833 682 853 ‚
703 814 799 859 quae
817 816 907 842 non
925 799 971 842 fit
989 800 1106 844 bona
1122 802 1262 844 oratio
1288 818 1297 844 :
1321 818 1407 844 non
1429 818 1555 861 posse

146 926 216 957 bere
234 925 380 966 dicitur,
398 934 430 960 et
449 929 644 971 subscriptor
659 935 816 969 vocatur,

145 985 183 1010 ut
207 979 259 1012 vel
289 979 323 1012 in
351 980 523 1013 Fabriano
548 981 713 1014 thesauro
737 982 816 1014 satis

145 1040 320 1066 ostensum
338 1041 401 1067 est.
416 1032 499 1066 Vid.
515 1034 562 1073 V,
587 1046 598 1065 1
617 1059 624 1073 ,
646 1037 680 1067 6.
707 1035 750 1067 G.
773 1055 816 1059 —

144 1085 330 1125 Quomodo
341 1087 373 1118 J.
389 1087 430 1119 A.
445 1086 622 1119 Ernestius
635 1087 816 1126 intellexit,

144 1137 222 1171 vide
234 1138 269 1170 in
286 1138 432 1172 Gesneri
452 1138 495 1171 ad
513 1151 592 1172 eum
609 1140 764 1183 epistola.
779 1140 813 1172 S.

193 1193 223 1222 8.
249 1194 294 1222 Ec
304 1204 367 1234 pro
389 1193 548 1223 Cornelio.
568 1193 664 1224 Rom.
694 1196 737 1223 Ec
752 1205 814 1234 pro

146 1245 179 1275 C.
202 1246 358 1276 Cornelio.
377 1244 497 1277 Postea
512 1269 520 1284 ‚
538 1247 639 1276 recisa
656 1258 696 1276 ac
709 1258 816 1288 repur-

140 1306 233 1340 gata.
256 1296 299 1329 H.
330 1317 373 1321 —
396 1297 594 1341 Utrumque
614 1297 752 1330 Curtius
773 1310 814 1329 ex

143 1349 238 1382 libris
254 1349 322 1382 suis
344 1348 501 1383 adscivit.
522 1350 576 1383 Sic
602 1357 634 1382 et
654 1357 814 1394 excerpta

141 1401 348 1435 Brummeri.
368 1403 401 1436 S.
423 1422 468 1427 —
492 1406 532 1433 In
554 1415 651 1434 unum
671 1405 785 1434 librum
799 1427 809 1440 ,

138 1456 296 1498 grandem
316 1457 442 1498 quidem
455 1480 465 1493 ,
489 1468 585 1486 mmm
601 1465 718 1486 tamen.
739 1455 816 1486 Ele-

142 1519 228 1551 gans
267 1508 394 1541 locutio
431 1507 574 1553 ipsaque
609 1507 814 1553 repetitione

143 1559 236 1592 vocis
261 1574 357 1592 unum
388 1559 688 1594 commendabilis.
717 1560 814 1593 Prius

143 1625 239 1644 unum
255 1612 384 1646 delenti
399 1614 475 1659 quis
490 1615 762 1649 auscultaverit?
778 1616 812 1650 S.

189 1678 219 1707 9.
244 1670 290 1698 Ac
309 1669 403 1698 aliud
418 1676 465 1698 est
483 1671 569 1700 actio
592 1671 676 1701 bona
691 1695 700 1707 ‚
723 1671 819 1701 aliud

142 1721 259 1751 oratio.
270 1719 323 1753 Sic
338 1719 410 1753 haec
424 1727 473 1752 est
487 1720 638 1766 objectio
652 1722 740 1766 ejus,
756 1721 814 1767 qui

140 1770 344 1804 brevitatem
354 1773 498 1805 actionis
508 1772 716 1807 defendebat
726 1787 733 1814 ;
742 1788 816 1809 sen-

143 1836 200 1856 sus
214 1825 408 1858 necessario
430 1824 485 1858 hic
500 1838 572 1858 esse
589 1825 689 1860 debet
703 1839 710 1860 :
726 1828 815 1861 actio

142 1876 234 1910 bona
256 1890 325 1910 non
346 1885 456 1922 potest
476 1890 568 1918 esse,
587 1879 653 1911 nisi
674 1880 785 1913 brevis
804 1892 811 1913 ε

142 1930 251 1962 oratio
278 1931 381 1963 etiam
404 1931 553 1976 amplior
580 1939 611 1964 et
641 1934 813 1977 copiosior

140 1981 229 2014 hona
249 1995 320 2016 esse
333 1991 454 2028 potest.
471 1985 602 2030 Nempe
618 1985 674 2018 ille
690 1986 736 2019 sic
752 1995 817 2019 sta-

141 2035 279 2068 tuebat:
296 2037 357 2081 qui
371 2037 440 2082 agit
454 2049 613 2071 caussam
632 2051 748 2071 coram
761 2041 815 2085 ju-

142 2086 218 2121 dice
233 2114 241 2128 ,
265 2090 368 2122 rebus
393 2097 550 2134 pugnat,
578 2103 648 2124 non
675 2092 787 2124 verbis
805 2117 812 2131 ‚

142 2153 205 2173 nec
231 2140 332 2174 debet
359 2142 494 2189 jndices
523 2145 650 2177 morari
678 2152 751 2177 arte
782 2153 814 2177 et

142 2193 367 2238 amplitudine
395 2196 545 2229 oratoria
575 2208 583 2228 τ
610 2197 669 2241 qui
698 2205 814 2230 autem

142 2246 334 2279 orationem
369 2248 487 2281 scribit
505 2273 512 2288 ‚
553 2257 590 2281 ut
622 2249 809 2282 lectoribus

141 2297 276 2343 placeat
293 2324 301 2338 ‚
319 2300 422 2332 etiam
436 2301 534 2345 copia
552 2309 585 2334 et
603 2309 677 2334 arte
694 2310 725 2334 et
742 2302 812 2335 elo-

140 2352 281 2395 quentia
300 2352 348 2384 uti
367 2350 468 2385 debet
482 2378 490 2392 ‚
509 2361 544 2385 ut
562 2366 678 2387 rerum
702 2355 812 2400 frigus

139 2404 306 2436 orationis
324 2404 500 2437 lenociniis
520 2406 731 2450 quibusdam
752 2408 814 2440 tol-

138 2456 200 2489 lat.
226 2456 357 2489 Plinius
376 2465 497 2490 contra
518 2459 704 2503 respondet
721 2484 729 2499 ‚
755 2472 812 2492 ac-

139 2508 242 2542 tionis
266 2509 457 2543 bonitatem
483 2510 634 2555 pendere
662 2512 707 2544 ab
734 2525 812 2545 ora-

138 2561 240 2593 tionis
276 2562 410 2607 sciiptae
441 2563 596 2596 bonitate
613 2589 622 2603 ‚
654 2563 814 2609 adeoque

139 2613 313 2647 actionem
327 2616 618 2649 absolutissimam
631 2629 704 2649 esse
715 2642 723 2656 ‚
737 2629 812 2663 quae

141 2667 288 2699 maxime
301 2668 466 2701 orationis
481 2669 743 2703 similitudinem
759 2682 814 2703 ex-

140 2720 312 2763 presserit.
329 2720 441 2755 Habet
461 2729 577 2755 autem
603 2721 675 2757 haec
701 2723 814 2756 omnis

884 927 1074 974 disputatio
1095 929 1160 963 hoc
1180 930 1276 970 vitii,
1296 938 1331 962 ut
1352 930 1482 964 Plinius
1498 945 1557 964 nr.»-

884 980 968 1014 dnm
998 991 1087 1015 secet
1104 1008 1112 1022 ‚
1148 996 1219 1016 non
1248 982 1370 1016 soluat.
1403 984 1556 1017 Debebat

883 1046 1023 1067 caussas
1038 1036 1165 1069 afferre
1182 1061 1190 1075 ,
1209 1048 1271 1068 cur
1287 1036 1460 1069 actionem
1481 1049 1552 1069 11011

883 1096 1056 1134 oporteret
1089 1088 1284 1121 breviorem
1316 1101 1388 1120 esse
1405 1113 1413 1128 ‚
1449 1101 1555 1133 quam

883 1140 1087 1173 orationem.
1114 1141 1202 1173 Nam
1226 1140 1320 1186 quod
1344 1140 1453 1181 dicit,
1481 1156 1556 1173 ora·

883 1195 1000 1224 tionem
1028 1206 1092 1225 esse
1111 1196 1250 1225 actionis
1277 1197 1462 1237 exemplar,
1488 1194 1556 1226 alio

883 1258 984 1278 sensu
1001 1259 1119 1279 verum
1146 1259 1218 1280 esse
1239 1254 1348 1293 potest
1361 1272 1369 1286 ‚
1385 1255 1417 1280 et
1439 1254 1553 1280 tamen

880 1297 966 1330 illud
988 1311 1128 1331 manere
1146 1324 1154 1338 ‚
1176 1300 1211 1332 in
1232 1299 1367 1345 agendo
1394 1300 1556 1333 brevitati

881 1349 1093 1383 studendum
1112 1365 1196 1384 esse.
1214 1353 1254 1384 E.
1270 1373 1315 1377 ——
1332 1353 1471 1385 Caussae
1489 1353 1553 1386 illce

881 1415 959 1435 mox
980 1414 1298 1437 commemorantur
1313 1430 1320 1445 ‚
1336 1407 1366 1448 5
1393 1418 1404 1438 1
1415 1420 1431 1438 2
1446 1431 1454 1445 ,
1477 1419 1551 1451 sqq.

880 1456 1049 1489 Caeterum
1062 1457 1238 1490 Frnestius
1253 1457 1294 1490 (le
1309 1458 1375 1491 hoc
1389 1459 1466 1492 loco
1480 1472 1554 1503 pro-

880 1509 1029 1541 babilius
1048 1509 1199 1555 disputat
1216 1510 1382 1556 Gierigio.
1397 1512 1431 1545 S.
1450 1533 1496 1537 —
1515 1517 1554 1544 Ut

880 1565 921 1594 si!
935 1566 1020 1595 actio
1039 1566 1134 1596 bona.
1150 1564 1230 1597 Haec
1247 1564 1293 1597 ita
1310 1565 1476 1610 intelligo.
1493 1565 1555 1597 Po-

881 1624 944 1650 test
964 1617 1040 1650 fieri
1058 1644 1065 1658 ‚
1092 1625 1128 1650 ut
1149 1618 1260 1650 xaleat
1279 1617 1314 1649 in
1332 1617 1466 1664 jndicio
1483 1644 1491 1658 ‚
1522 1627 1551 1651 e!

881 1671 1047 1715 probetur
1068 1670 1281 1715 sapientibus
1300 1670 1476 1716 judicibus
1500 1683 1555 1704 ac-

882 1724 929 1756 tio
947 1748 955 1763 ,
976 1736 1081 1768 quam
1102 1736 1167 1755 vox
1184 1748 1192 1763 ‚
1213 1732 1328 1768 gestus
1352 1732 1383 1757 et
1407 1724 1481 1757 aliae
1498 1736 1553 1756 ra-

881 1776 991 1809 tiones
1008 1776 1161 1809 animent
1180 1777 1308 1809 scilicet
1325 1785 1357 1809 et
1379 1790 1554 1810 commen-

882 1827 964 1860 dent
981 1854 990 1869 ‚
1010 1841 1085 1873 quae
1101 1836 1217 1862 tamen
1236 1830 1269 1862 in
1287 1830 1403 1862 literas
1419 1831 1526 1863 relata
1545 1855 1552 1866 .

882 1888 913 1913 et
931 1894 949 1913 a
967 1880 1098 1926 frigidis
1118 1881 1203 1914 lecta
1219 1882 1417 1922 lectoribus,
1430 1895 1553 1927 parum

881 1932 993 1966 laudis
1017 1941 1167 1978 reportet
1190 1946 1197 1966 2
1228 1951 1240 1962 «
1256 1935 1383 1967 Carent
1401 1935 1491 1966 enim
1512 1951 1526 1962 n
1545 1960 1551 1973 ‚

881 1986 974 2030 quod
983 1987 1030 2019 ait
1038 1987 1108 2019 Cic.
1118 1987 1201 2019 Orat
1211 2013 1216 2018 .
1228 2000 1258 2020 c.
1270 1987 1450 2025 XXXVII,
1463 1987 1553 2019 «libri

882 2038 1003 2083 spiritu
1031 2039 1090 2071 illo
1104 2064 1112 2079 ‚
1132 2047 1271 2084 propter
1294 2053 1398 2085 quem
1421 2041 1553 2085 majora

881 2091 1003 2125 eadem
1022 2093 1079 2125 illa
1095 2117 1103 2131 ‚
1123 2106 1229 2138 quum
1253 2101 1403 2137 aguntur
1420 2118 1428 2132 ‚
1449 2105 1551 2137 quam

881 2157 990 2188 quum
1000 2144 1177 2189 leguntur,
1186 2145 1296 2178 videri
1309 2146 1429 2178 solent.
1438 2162 1450 2174 ι»
1461 2144 1550 2177 Α(1(1.

881 2197 1002 2238 Quint.
1037 2198 1084 2230 XI
1103 2223 1111 2237 ,
1135 2199 1152 2231 3
1171 2223 1179 2238 ‚
1200 2199 1231 2232 5.
1264 2197 1330 2231 Sed
1353 2211 1422 2231 non
1442 2205 1548 2243 potest

878 2249 975 2289 fieii,
993 2250 1076 2295 quin
1094 2251 1183 2283 bona
1204 2251 1315 2284 oratio
1331 2276 1338 2291 ‚
1355 2263 1430 2296 quar
1446 2251 1549 2283 lecto-

878 2314 932 2334 res
954 2302 1140 2346 prudentes
1160 2303 1302 2336 delectet
1327 2317 1367 2337 ac
1389 2312 1526 2336 moveat
1541 2330 1548 2341 ‚

879 2364 951 2387 non
973 2367 1081 2388 move}
1092 2356 1115 2388 it
1129 2382 1137 2396 ‚
1154 2369 1261 2402 quum
1276 2356 1463 2389 haberetur
1475 2381 1483 2394 ‚
1495 2357 1548 2401 ju-

880 2406 985 2441 dices.
1014 2408 1149 2441 Scilicet
1179 2408 1273 2441 illam
1302 2409 1449 2454 speciem
1478 2421 1546 2441 non

879 2461 1040 2505 cogitavit
1058 2461 1238 2494 Secundus
1253 2488 1260 2501 ,
1279 2474 1392 2506 neque
1418 2473 1458 2493 ea
1482 2461 1542 2494 hu(

879 2512 981 2546 valde
1001 2514 1144 2558 pertinet
1159 2540 1167 2554 ‚
1189 2515 1246 2547 ubi
1269 2513 1421 2547 absurda
1444 2526 1546 2560 supra

880 2565 1024 2599 modurn
1038 2580 1104 2599 vox
1119 2575 1222 2612 atque
1236 2575 1350 2612 gestus
1361 2592 1370 2607 ‚
1383 2574 1443 2599 aut
1458 2579 1554 2600 caus—

881 2630 918 2651 sa
934 2631 1162 2665 quaecumque
1178 2621 1259 2659 alia,
1271 2619 1435 2664 obstrepit
1452 2620 1553 2652 etiam

880 2672 994 2704 verbis
1009 2672 1149 2717 optimis
1168 2684 1174 2704 :
1193 2672 1286 2717 quod
1307 2671 1402 2718 apud
1421 2684 1483 2704 nos
1499 2683 1556 2704 sc:-

880 2723 959 2769 pius
989 2723 1146 2758 accidere
1172 2732 1283 2771 potest
1302 2750 1310 2765 ,
1339 2724 1401 2770 qui
1432 2737 1554 2770 parum
