1742 2989
128 745 165 763 10

203 221 283 247 122

610 211 655 252 C.
696 211 914 254 PLINII
949 211 1072 253 [ΑΒ.
1111 214 1171 254 Η.

194 288 291 330 rieti
319 289 409 348 ejus
440 289 482 331 in
511 290 780 334 bibliothecae
802 294 989 352 speciem
1016 295 1252 336 armarium
1280 295 1485 339 insertum
1511 309 1594 351 cst,

149 378 168 409 9
194 360 312 420 quod
331 377 420 404 non
450 362 653 423 legendos
685 363 841 421 libros,
868 365 942 409 sed
960 365 1215 410 lectitandos
1240 369 1367 428 capit.
1392 370 1594 414 Adhaeret

192 432 499 479 dormitorium
534 437 779 481 membrum
797 474 806 491 ‚
832 439 1019 482 transitu
1048 440 1331 500 interjacente
1347 476 1357 496 ,
1383 443 1480 502 qui,
1511 460 1595 487 sus-

191 522 349 566 pensus
387 520 430 552 et
468 510 714 564 tabulatus,
741 523 1003 573 conceptum
1039 529 1245 573 vaporem
1281 514 1443 558 salubri
1484 525 1592 559 tem-

190 592 444 640 peramento
476 584 561 628 huc
579 584 766 646 illucque
788 586 947 647 digerit
966 595 1010 629 et
1031 586 1261 630 ministrat.
1284 586 1468 647 Reliqua
1494 605 1595 649 pars

190 652 336 699 lateris
367 657 497 716 hujus
527 674 752 702 servorum
787 659 1132 721 libertorumque
1170 662 1318 705 usibus
1347 662 1567 705 detinetur
1585 691 1595 708 2

192 727 409 789 plerisque
448 741 536 775 tam
566 733 766 788 mundis,
791 743 838 777 ut
875 734 1070 794 accipere
1100 733 1292 794 hospites
1320 736 1502 795 possint.
1531 737 1594 778 Ex

191 885 404 921 segmentum
423 879 543 912 circuli
570 879 724 913 effecisse
750 880 858 913 instar

190 932 309 972 apsidis
339 931 467 974 (absida
494 932 626 965 mavult
650 932 859 976 Gronovius)

172 996 179 1002 ·
189 981 255 1015 hoc
270 990 338 1023 est,
354 984 471 1017 canthi
484 985 519 1017 in
534 993 609 1018 rota
624 1011 633 1025 ‚
646 994 683 1018 ut
698 998 739 1018 eo
754 986 858 1031 pluri-

188 1035 253 1068 bus
275 1036 347 1068 caeli
366 1038 521 1082 partibus
544 1051 642 1071 suam
662 1039 786 1083 cuique
807 1039 858 1071 fe·

188 1096 339 1122 nestram
356 1102 395 1122 eo
409 1090 625 1124 commodius
649 1091 855 1124 obverteret.

188 1140 305 1174 Media
329 1155 363 1175 v.
391 1155 425 1188 g.
452 1143 541 1176 illius
568 1142 681 1176 lateris
708 1143 857 1176 fenestra

186 1193 222 1226 in
251 1193 365 1239 ipsum
399 1195 580 1229 meridiem
607 1196 671 1228 fuit
701 1195 833 1229 directa
847 1223 855 1238 ‚

187 1246 353 1281 sinistima
375 1249 543 1282 orientem
569 1249 676 1282 solem
701 1249 856 1293 excepit,

187 1298 335 1333 dextima
348 1300 562 1334 occidentem
574 1327 582 1341 ‚
594 1301 789 1347 interjectas
801 1314 858 1334 au-

187 1359 256 1384 tem
275 1353 409 1398 plagas,
427 1354 497 1387 sive
510 1354 614 1387 horas
630 1353 855 1387 intermediae.

185 1405 229 1437 G.
245 1407 399 1439 —R0m.
420 1411 459 1438 In
479 1409 595 1439 absida
614 1417 789 1439 curvatum..
810 1406 853 1438 H.

185 1477 230 1482 —
250 1460 343 1500 Apris
365 1459 444 1504 jure
466 1459 604 1504 praefert
621 1459 857 1504 Heusingerus

186 1510 222 1542 in
237 1510 384 1543 Observ.
400 1511 519 1544 Antib.
538 1524 618 1557 pag.
639 1513 704 1545 326
722 1538 730 1552 ‚
750 1525 800 1557 Sq-
820 1511 854 1545 S.

230 1582 276 1587 —-—
288 1565 503 1597 Lectitandos.
518 1563 684 1609 Adeoque
697 1572 857 1609 praestan-

185 1615 343 1648 tissimos.
373 1616 413 1648 E.
434 1636 480 1640 —
498 1617 697 1649 Armarium
726 1628 856 1660 pauco-

185 1680 262 1701 rum
276 1680 383 1713 capax
396 1668 563 1702 librorum
577 1668 802 1714 significatur,
820 1670 854 1702 S.

231 1733 262 1761 9.
275 1723 427 1753 Adlzoeret
435 1723 668 1759 dormitorium,
680 1728 745 1754 etc.
758 1722 841 1754 Rom
852 1748 858 1754 .

187 1775 340 1805 Adhoerec
370 1776 593 1806 dormitorium
623 1776 795 1805 membrum
827 1784 858 1806 et

184 1828 320 1858 transitu
335 1829 558 1871 interjacente,
575 1830 664 1870 quod
673 1840 855 1870 suspensum

184 1888 215 1909 ec
230 1881 419 1912 tabulatum.
438 1879 482 1912 H.
498 1901 542 1905 —
560 1884 730 1922 Suspensus
754 1890 785 1911 et
807 1890 856 1912 ta-

185 1933 321 1964 bulatus.
342 1935 512 1975 Suspensus
530 1932 694 1965 transitus
715 1932 758 1965 ab
784 1945 855 1965 uno

185 1984 340 2017 membro
360 1984 485 2018 domus
504 1985 549 2019 ad
570 1986 719 2018 alterum
740 1986 855 2030 pontis

184 2035 292 2068 instar
320 2045 499 2082 porrectus
513 2063 522 2078 ‚
555 2046 593 2070 ut
621 2037 733 2070 solum
749 2062 758 2077 ‚
788 2038 856 2070 nisi

185 2087 374 2123 columellis
401 2090 488 2123 forte
515 2097 547 2124 et
570 2090 647 2135 pilis
670 2090 853 2136 subjectis,

186 2152 256 2173 non
276 2141 464 2187 contingat.
485 2143 588 2175 Hunc
604 2142 698 2175 vocis
717 2142 790 2187 ejus
803 2143 855 2175 in-

185 2193 358 2226 tellectum
369 2202 441 2227 tum
454 2194 498 2227 ad
508 2195 674 2234 Fabrum‚
685 2203 759 2228 tum
771 2195 855 2228 alias

186 2246 265 2278 satis
291 2246 501 2280 illustratum
526 2247 697 2281 dedimus.
718 2251 856 2280 Tabala-

186 2309 234 2330 [τις
246 2311 348 2343 porro
363 2299 426 2331 fuit
436 2324 445 2339 ‚
461 2298 527 2332 hoc
539 2307 588 2332 est
601 2325 609 2339 ‚
624 2301 757 2346 ligneus
771 2325 779 2339 ‚
794 2301 853 2345 qui

185 2351 330 2395 proinde
345 2352 542 2398 conciperet
557 2352 655 2385 facile
668 2365 833 2398 vaporem
846 2379 854 2393 ,

185 2416 289 2448 quem
306 2403 432 2437 deinde
443 2429 451 2444 ,
469 2412 573 2449 prout
593 2405 683 2438 facto
703 2419 789 2451 opus
806 2418 854 2438 es-

186 2464 248 2496 set,
274 2457 307 2489 in
335 2458 539 2490 alterutrum
566 2458 761 2490 membrum
792 2458 853 2491 ad-

185 2508 319 2542 mittere
335 2534 344 2550 ‚
362 2509 416 2543 vel
440 2509 621 2542 excludere
646 2510 725 2543 inde
752 2511 852 2544 facile

184 2569 269 2594 erat.
286 2562 329 2595 G.
347 2583 392 2587 ——
414 2565 586 2594 Tabulams
604 2563 777 2607 corrigere
794 2576 853 2595 vos»

184 2615 275 2648 lebat
286 2615 475 2648 Ernestius.
492 2633 505 2644 «
518 2618 689 2647 Tubulacus
701 2641 708 2653 ‚
722 2616 828 2660 inquit
842 2641 850 2655 ‚

185 2667 250 2698 hoc
274 2675 342 2703 cst,
368 2668 496 2701 tubulis
517 2676 690 2702 constans.
715 2669 761 2700 Ita
782 2681 849 2700 non

185 2717 336 2753 dubitavi
371 2734 536 2765 reponere
566 2734 642 2755 cuni
673 2721 826 2765 Gicrigio
843 2746 850 2758 ,

923 880 1038 925 quiex
1056 881 1260 914 auctoritate
1279 882 1351 914 Jac.
1372 881 1544 915 Sirmondi
1564 890 1595 915 et

925 932 1098 965 Schefferi
1116 933 1242 975 (Codd.
1259 934 1415 966 Riccard.
1434 942 1466 967 et
1480 936 1594 968 Oxou.

921 987 1103 1023 stabulatus,
1118 985 1174 1017 alii
1196 989 1337 1017 sublatas
1358 986 1486 1019 habent
1499 1012 1507 1027 ‚
1522 1000 1596 1032 qua*

921 1049 959 1069 ex
978 1040 1140 1069 tubulatus
1160 1038 1252 1071 facili
1272 1051 1386 1071 errore
1404 1038 1478 1072 fieri
1497 1047 1596 1085 pote-

920 1092 1034 1134 rant),
1058 1089 1146 1122 illud
1165 1090 1272 1123 edidit
1286 1116 1294 1131 ‚
1316 1099 1430 1124 motus
1449 1092 1596 1125 maxime

920 1142 973 1175 his
992 1142 1105 1175 verbis
1120 1143 1256 1176 Senecae
1279 1143 1364 1189 epist
1383 1157 1426 1188 90
1443 1156 1451 1176 :
1471 1161 1485 1173 «
1499 1144 1597 1185 Quae-

923 1212 936 1223 «
950 1194 1031 1228 dam
1048 1203 1165 1229 nostra
1180 1195 1321 1229 demum
1339 1197 1506 1229 memoria
1519 1209 1597 1242 pro—

922 1264 935 1275 ιι
950 1246 1041 1280 disse
1069 1248 1198 1281 scimus
1215 1274 1224 1290 ‚
1258 1258 1296 1282 ut
1325 1249 1595 1294 speculariorum

923 1316 936 1329 vx
949 1313 1050 1333 usum
1070 1326 1079 1341 ,
1105 1302 1306 1347 perlucente
1334 1309 1418 1335 testa
1436 1327 1444 1342 ,
1463 1302 1594 1334 clarum

921 1369 934 1380 <v
949 1354 1255 1386 transmittentium
1266 1354 1398 1395 lumen3
1411 1362 1447 1386 ut
1458 1367 1596 1400 suspen-

921 1422 933 1434 «
951 1418 1047 1439 suras
1060 1407 1280 1447 balneorum,
1296 1415 1329 1439 et
1341 1407 1524 1452 impressos
1538 1420 1596 1453 pa-

922 1476 934 1488 «
948 1460 1088 1492 rietibus
1099 1460 1214 1500 tubos,
1223 1472 1284 1505 per
1291 1473 1378 1505 quos
1386 1460 1596 1493 circumfun-

923 1528 936 1541 α
949 1511 1087 1545 deretur
1110 1512 1205 1545 calor
1219 1537 1228 1551 ,
1255 1512 1313 1558 qui
1338 1513 1406 1545 ima
1434 1513 1536 1545 simul
1563 1520 1595 1545 et

920 1581 933 1593 α
947 1577 1081 1597 summa
1098 1566 1228 1598 foveret
1241 1565 1428 1611 aequaliter.
1440 1583 1455 1593 »
1474 1567 1594 1611 Itaque

918 1617 1119 1662 intelligitur
1131 1630 1239 1663 genus
1250 1618 1457 1664 hypocausti
1467 1631 1594 1660 suspen-

918 1673 962 1708 si,
979 1671 1045 1704 hoc
1060 1679 1109 1703 est
1121 1696 1129 1711 ‚
1145 1672 1248 1705 erecti
1265 1679 1297 1704 et
1313 1671 1485 1704 fornicati.
1505 1670 1592 1704 Inde

918 1722 1104 1767 prodibant
1118 1726 1237 1762 tubuli,
1253 1724 1314 1769 qui
1331 1731 1540 1769 conceptum
1556 1724 1591 1756 in

917 1775 1134 1822 hypocausto
1142 1789 1310 1819 vaporem,
1322 1789 1350 1808 s.
1360 1776 1511 1809 calorem
1522 1776 1591 1809 huc

919 1835 951 1861 et
969 1828 1050 1861 illuc
1065 1828 1284 1862 deducebant
1298 1854 1306 1868 ‚
1321 1836 1358 1861 ut
1373 1831 1500 1860 salubre
1514 1827 1594 1860 inde

921 1891 1201 1924 temperamentum
1215 1881 1375 1914 oriretur.
1393 1880 1473 1913 Haec
1486 1880 1527 1913 Gi
1533 1880 1594 1912 eri-

918 1933 994 1978 gius
1006 1957 1015 1973 ‚
1029 1934 1089 1979 qui
1102 1934 1237 1967 confert
1249 1934 1298 1974 V,
1312 1933 1408 1978 epist.
1426 1936 1445 1964 6
1458 1957 1466 1972 ‚
1485 1938 1525 1973 24
1538 1957 1547 1972 ,
1561 1941 1593 1965 et

917 1989 1024 2033 θερμὸν
1042 1985 1233 2033 διάδρομον,
1248 1988 1388 2017 calidum
1403 1987 1590 2023 transitum,

917 2039 1064 2072 Lucian.
1092 2038 1199 2084 Hipp.
1217 2038 1318 2070 Tom.
1336 2039 1405 2070 VII
1418 2063 1427 2079 ‚
1447 2051 1482 2083 p.
1513 2051 1590 2081 299.

918 2091 1054 2136 Bipont.
1072 2112 1116 2115 —
1132 2090 1315 2123 Transitus
1336 2093 1497 2122 tabulatus
1511 2089 1594 2122 Ges-

918 2155 1000 2176 nero
1012 2167 1021 2183 ‚
1039 2143 1098 2188 qui
1112 2143 1157 2174 ita
1173 2142 1329 2175 ediderat
1342 2168 1350 2182 ‚
1369 2150 1418 2175 est
1432 2143 1567 2188 ligneus
1581 2167 1590 2182 7

919 2196 978 2240 qui
996 2194 1142 2240 proinde
1159 2195 1353 2240 conciperet
1374 2195 1473 2228 facile
1489 2208 1590 2240 vapo-

917 2260 991 2280 rem
1006 2272 1014 2287 ‚
1042 2260 1145 2292 quem
1176 2246 1300 2281 deinde
1321 2273 1329 2287 ‚
1363 2249 1477 2293 prouti
1504 2260 1590 2293 opus

922 2309 1008 2333 esset
1023 2325 1032 2339 ‚
1048 2300 1084 2332 in
1100 2300 1303 2333 alterutrum
1320 2301 1517 2333 membrum
1532 2299 1590 2333 ad-

920 2353 1053 2386 mittere
1067 2377 1075 2392 ,
1097 2353 1151 2386 vel
1179 2352 1360 2386 excludere
1385 2352 1465 2386 iude
1492 2352 1589 2386 facile

920 2413 1004 2438 erat.
1015 2422 1027 2433 ι»
1037 2406 1226 2450 Vulgatam
1237 2407 1391 2452 sequitur
1401 2404 1542 2438 Rodius.
1553 2406 1586 2439 S.

919 2479 963 2482 --
977 2461 1139 2501 Plerisque
1149 2469 1215 2490 tam
1226 2460 1363 2491 mundis.
1376 2457 1495 2504 Synesi
1510 2470 1588 2490 cou-

920 2518 1015 2543 sueta
1030 2511 1269 2556 intelliguntur
1285 2511 1349 2544 sub
1361 2512 1485 2552 reliqua
1492 2520 1588 2552 parte

920 2563 1076 2595 cubicula
1090 2588 1098 2602 ‚
1114 2563 1166 2596 vel
1184 2564 1339 2597 membra
1353 2587 1362 2602 ‚
1378 2574 1527 2607 quorum
1541 2562 1587 2594 ita

919 2617 1082 2661 pleraque
1096 2624 1175 2649 sunt
1190 2615 1320 2648 munda
1339 2622 1371 2648 et
1387 2614 1497 2647 libera
1515 2627 1585 2647 sor-

918 2668 1017 2702 dibus
1032 2695 1040 2708 ‚
1061 2677 1096 2701 ut
1117 2682 1178 2701 nce
1201 2668 1312 2714 pudor
1331 2667 1394 2707 sit,
1418 2667 1584 2711 hospitem

918 2722 950 2753 iu
974 2721 1013 2752 iis
1033 2721 1213 2754 collocare.
1236 2722 1278 2754 G.
1304 2742 1347 2745 ³—
1370 2720 1458 2752 Μίνω
1486 2719 1584 2764 lapsu
