1742 2989
193 172 221 223 4
266 220 269 223 ,
620 170 668 210 o.
704 166 931 209 PLINll
967 165 1094 208 LIB.
1134 167 1166 208 I.

150 263 156 269 ’
193 261 307 294 sunt.
332 252 424 295 Nec
451 249 631 292 materia
657 249 748 308 ipsa
776 246 878 290 huic
908 246 1100 302 (vereor,
1128 262 1181 289 ne
1209 246 1408 307 improbe
1433 245 1595 307 dicam)

192 324 459 369 aemulationi
486 322 746 383 repugnavit
773 338 780 363 :
810 329 903 362 erat
928 321 1042 362 enim
1072 336 1208 380 prope
1234 329 1324 363 tota
1349 321 1392 362 in
1416 329 1595 362 conten-

193 402 312 443 tione
338 397 535 451 dicendi,
556 395 674 456 quod
703 411 771 437 me
797 393 936 453 longae
966 392 1138 436 desidiae
1163 392 1498 436 indormientem
1525 408 1595 435 ex-

193 474 365 525 citavit,
402 473 435 514 si
474 469 604 513 modo
642 470 675 511 is
710 484 805 511 sum
840 482 940 527 ege,
968 467 1040 526 qui
1074 467 1252 510 excitari
1289 467 1463 526 possim.
1492 466 1595 509 Non

194 557 339 590 tamen
364 546 545 588 omnino
567 543 707 587 Marci
733 541 869 584 nostri
889 539 962 592 τὰς
977 541 1170 591 ληκύθους
1195 539 1407 600 fugimus,
1425 539 1596 599 quoties

190 672 360 701 verborum
380 669 435 710 qui
443 671 600 709 possunt?
615 664 650 696 in
667 675 735 708 qua
754 674 792 694 ex
810 673 862 693 su-

191 722 386 767 perioribus
405 719 548 752 verbum
566 718 686 749 imitari
700 713 862 747 subintel-

191 774 321 820 ligitur.
347 773 420 806 Cic.
446 771 504 803 lib.
527 771 581 809 II,
604 768 647 801 de
668 768 734 812 leg.
759 779 789 798 c.
814 776 858 809 7:

199 845 211 857 n
223 828 309 869 Quis
324 826 414 859 enim
428 824 462 857 id
477 830 588 869 potest
599 847 607 862 ‚
623 828 681 854 aut
695 830 862 864 umquam

191 881 316 926 poterit
342 877 519 912 imitari?»
546 874 692 917 Quintil.
723 873 780 905 lib.
806 874 860 912 X,

192 946 265 978 cap.
291 948 307 966 2
323 958 331 972 ‚
362 945 399 965 12
417 943 424 963 z
444 948 458 958 ιε
471 927 656 962 Imitabilia
681 939 751 959 non
783 931 862 958 sunt

191 986 369 1030 ingenium
382 982 554 1025 ,inventio
566 1006 574 1021 ‚
584 981 636 1013 vis
648 1004 656 1020 ‚
671 978 828 1012 facilitas.
842 994 855 1006 »ι

192 1038 367 1079 Quoniam
393 1034 523 1068 Plinius
546 1033 765 1075 interrogans
785 1030 864 1062 scri-

192 1090 259 1137 psit
281 1102 288 1122 Σ
312 1103 386 1121 nam
401 1091 467 1120 ‘vim
480 1095 604 1118 tantam
619 1086 789 1115 verborum
810 1084 866 1124 qui

190 1153 325 1188 possunt
335 1149 350 1173 ,³
363 1139 516 1186 responsi
531 1137 607 1169 loco
623 1134 865 1180 aliquisVirgi-

192 1197 324 1229 limium
343 1205 479 1226 versum
500 1188 624 1236 adj-*fcit
645 1188 770 1230 :pauci
788 1199 865 1228 quos

192 1262 300 1292 (equus
319 1248 450 1278 amavit.
472 1245 505 1276 Is
524 1250 708 1288 postquam
724 1251 742 1271 a
765 1239 867 1271 libra—

193 1302 250 1334 riis
269 1312 347 1333 cum
361 1295 527 1330 plinianis
551 1293 667 1327 verbis
687 1298 867 1324 contextus

194 1353 305 1397 (utin
324 1350 503 1393 Mediceo)
517 1373 525 1389 ,
545 1360 624 1380 curn
647 1343 869 1389 sequentibus

195 1419 275 1439 vero
299 1405 386 1437 male
410 1403 579 1436 cohaerere
598 1398 691 1432 visus
712 1396 775 1428 suit
797 1408 804 1429 :
833 1395 867 1427 in

197 1459 271 1492 aliis
296 1455 548 1502 exemplaribus
573 1454 629 1495 qm·
654 1448 804 1487 mansit,
834 1448 868 1480 in

197 1512 273 1544 aliis
292 1509 473 1543 inductum
486 1532 494 1545 ‚
516 1515 547 1539 et
564 1501 741 1537 fulciendo
760 1500 869 1533 hiatui

197 1566 332 1606 adsequi
345 1560 545 1595 arcessitum
561 1557 638 1590 fuit.
653 1555 742 1587 Hinc
758 1554 870 1586 omnis

196 1616 253 1649 illu
269 1614 421 1648 lectionis
434 1625 487 1645 vai
497 1612 580 1644 ietas
592 1634 600 1650 ,
612 1620 717 1653 quam
732 1606 869 1639 Coi-tius

198 1667 373 1702 adnotavit
390 1678 396 1699 ε
416 1677 485 1711 qua
498 1676 577 1696 vero
591 1660 691 1694 facile
704 1671 798 1692 nune
816 1672 870 1692 ca-

197 1734 273 1754 rere
300 1730 483 1766 possumus
499 1742 507 1757 ,
532 1722 716 1760 postquam
744 1712 868 1745 erroris

199 1774 329 1806 fontem
339 1770 486 1816 reperire
497 1766 653 1811 contigit.
667 1764 710 1797 H.
726 1785 772 1789 —
785 1765 870 1797 Prae-

198 1825 292 1858 clara
317 1823 412 1858 crisis
437 1820 651 1867 Heusingeri.
675 1819 790 1859 Quam
810 1818 870 1862 qui

197 1877 343 1911 convelli
365 1889 404 1909 eo
423 1887 522 1921 posse
542 1874 749 1918 opinantur,
775 1870 870 1914 quod

199 1931 246 1964 vis
262 1927 501 1963 Demosthenis
517 1938 587 1959 non
607 1925 641 1958 in
659 1923 738 1956 solis
756 1923 869 1956 verbis

198 1983 301 2016 fuerit
315 2007 323 2022 ,
340 1981 461 2014 dubito
477 1992 521 2012 an
537 1978 617 2010 satis
631 1974 870 2022 expenderint,

198 2049 266 2081 qua
281 2033 496 2080 oppositione
513 2030 642 2064 Plinius
660 2028 716 2061 hic
736 2036 866 2061 utatur.

198 2089 319 2133 Neque
338 2086 427 2119 enim
446 2084 549 2117 verba
569 2081 744 2114 sententiis
763 2093 868 2125 oppo-

199 2142 268 2180 nit,
290 2138 348 2172 sed
370 2140 436 2169 ‘vim
458 2135 640 2168 verborum
652 2135 769 2178 figuris
790 2145 867 2165 ora-

198 2190 509 2226 tionis.Verboruin
519 2194 634 2219 autem
645 2185 711 2216 vim
721 2185 866 2217 maxime

199 2257 239 2277 ex
265 2242 462 2281 sententiis,
489 2239 663 2273 uberrimo
690 2239 783 2270 fonte
809 2243 865 2277 τῆς

199 2303 253 2333 τοῦ
272 2300 365 2344 λόγου
384 2293 565 2332 δεινότητος
585 2304 744 2329 manare,
767 2303 869 2323 nemo

200 2350 318 2383 nescit.
339 2350 459 2392 Itaque
479 2347 574 2379 locus
592 2344 638 2377 sic
659 2343 868 2376 constituen-

198 2401 262 2435 dus
279 2413 286 2434 ε
312 2402 441 2433 Tentavi
454 2401 535 2431 enim
552 2399 672 2429 imitari
688 2397 867 2427 Demosthe-

198 2467 268 2485 'lenl
280 2481 288 2493 ‚
316 2466 437 2496 SCHlPeI'
466 2463 552 2484 tllllln
567 2476 575 2487 ‚

198 2508 362 2538 duntaxat
369 2507 487 2551 segaris
505 2504 658 2534 oracionis
676 2515 687 2533 :
707 2514 783 2532 nam
800 2503 868 2531 vim

199 2568 323 2591 lamam
351 2560 513 2589 verborum
534 2556 589 2597 qui
599 2559 756 2597 possunt?
771 2553 805 2586 S.
823 2572 867 2576 -—

614 2462 713 2492 nuper
740 2462 768 2479 m
773 2461 808 2479 el!
812 2461 840 2479 m
855 2473 864 2485 ,

203 2613 319 2645 Pauci,
353 2623 430 2652 qnos
455 2621 575 2651 aquus.
604 2605 778 2639 Protei-hii
800 2606 868 2637 for-

200 2676 289 2695 mam
305 2661 560 2705 (latVirgiliano
575 2672 612 2692 ex
627 2659 772 2695 zEnNI,
787 2670 797 2690 1
808 2671 846 2699 ες)
861 2670 867 2689 5

927 677 940 689 t«
958 661 1082 701 Pauci,
1101 674 1189 706 quos
1207 673 1325 707 aequus
1339 661 1464 695 amavit
1481 660 1598 705 Juppi-

927 721 1000 754 ter,
1025 721 1084 746 aut
1112 713 1236 747 ardens
1265 713 1373 746 evexit
1401 712 1446 746 acl
1470 713 1597 747 aethera

925 766 1077 799 virtus.»
1107 766 1150 799 G.

974 819 1005 851 3.
1020 822 1068 850 Ne
1079 821 1219 861 improbe
1233 821 1351 851 dicam.
1368 819 1517 851 Excusat
1526 829 1598 850 ver-

926 871 1009 903 bum
1025 873 1226 903 aemulationi
1237 896 1245 910 ‚
1262 870 1356 916 quod
1372 882 1536 916 arrogans
1549 870 1598 903 vi-

926 923 999 956 deri
1027 930 1139 969 potest
1162 930 1194 955 et
1216 925 1391 965 improbum
1415 923 1452 956 ll.
1479 936 1509 955 e.
1537 923 1600 955 im-

926 975 1061 1021 pudens
1072 1001 1081 1015 ‚
1093 975 1194 1008 nimis
1206 974 1315 1008 audax
1327 1001 1335 1015 ,
1346 988 1421 1022 quae
1435 976 1599 1021 frequens

926 1030 1021 1062 verbi
1033 1030 1139 1063 notio.
1150 1029 1194 1061 H.
1210 1049 1245 1054 ·-—
1257 1031 1290 1060 Si
1300 1031 1393 1060 modo
1405 1032 1430 1061 is
1441 1042 1508 1060 sum
1520 1042 1575 1072 ego
1585 1054 1598 1071 ,

929 1085 985 1124 qni
1006 1084 1144 1113 esi-citari
1158 1084 1290 1124 possim⁴
1310 1083 1408 1114 Rom.
1428 1089 1461 1114 et
1475 1081 1603 1115 Medic.

929 1137 957 1165 si
974 1136 1068 1165 modo
1089 1135 1113 1165 is
1138 1147 1207 1165 sum
1226 1146 1281 1176 ego
1296 1158 1304 1171 ,
1327 1143 1361 1165 ut
1379 1136 1518 1166 excitari
1527 1147 1605 1177 pos-

930 1189 998 1218 sim.
1022 1186 1217 1231 Utrumque
1243 1185 1510 1218 Ciceronianum
1540 1194 1603 1219 est.

936 1240 1047 1273 Cicer.
1063 1238 1125 1271 lib.
1143 1239 1190 1278 V,
1205 1251 1259 1283 ep.
1277 1238 1297 1271 8
1312 1237 1403 1271 med.
1429 1256 1442 1267 «
1458 1240 1492 1272 Is
1511 1240 1604 1272 enim

933 1301 970 1325 tu
992 1292 1042 1323 vir
1060 1304 1115 1331 es,
1145 1299 1177 1323 et
1203 1304 1282 1324 eum
1307 1305 1361 1324 me
1383 1304 1456 1324 esse
1478 1292 1580 1337 cupio
1594 1317 1603 1331 ,

934 1353 970 1378 ut
1049 1344 1329 1389 conjunctionem
1349 1344 1605 1389 amicitiamque

934 1403 1086 1430 nostram
1100 1396 1236 1440 utrique
1250 1403 1407 1428 nostrum
1423 1395 1519 1429 laudi
1533 1409 1607 1442 spe-

935 1462 1007 1483 rem
1031 1449 1115 1481 fore.
1130 1465 1142 1476 u
1172 1448 1216 1480 Et
1232 1448 1328 1480 Brut.
1354 1461 1406 1493 ep.
1430 1450 1492 1482 15:
1519 1461 1606 1482 «uec

934 1510 1049 1535 tamen
1066 1514 1096 1533 is
1112 1513 1186 1532 sum
1201 1525 1209 1539 ‚
1230 1507 1266 1532 ut
1286 1513 1362 1533 mea
1383 1513 1437 1533 me
1455 1502 1604 1535 maxime

934 1553 1117 1587 delectent.
1140 1569 1152 1581 ι·
1184 1552 1265 1585 Vid.
1299 1552 1420 1586 Horat.
1452 1554 1602 1587 Turseli.

932 1607 1226 1640 Schwartzianum
1241 1630 1249 1644 ‚
1269 1618 1344 1650 cap.
1367 1606 1497 1639 CXXII
1509 1632 1518 1647 ,
1542 1608 1581 1640 13
1593 1632 1604 1647 ,

933 1675 967 1707 p.
987 1660 1068 1700 450,
1089 1672 1106 1691 a
1124 1671 1193 1704 quo
1212 1659 1283 1691 haec
1303 1659 1421 1692 sumsi.
1444 1662 1522 1694 Non
1538 1660 1604 1694 dis-

934 1713 1043 1746 simile
1057 1720 1106 1745 est
1121 1710 1208 1743 illud
1219 1711 1306 1744 infra
1321 1724 1374 1757 ep.
1395 1713 1449 1753 13,
1464 1716 1505 1745 6:
1523 1715 1605 1747 «Ne-

934 1779 1000 1812 que
1027 1765 1117 1798 enim
1144 1763 1328 1809 quisquam
1353 1771 1402 1797 est
1426 1766 1518 1805 fere,
1543 1767 1602 1812 qui

934 1818 1045 1853 studia
1056 1843 1065 1858 ,
1078 1825 1196 1849 utnon
1207 1816 1308 1848 simul
1324 1824 1355 1849 et
1366 1830 1428 1850 nos
1440 1826 1543 1851 amet.
1556 1819 1600 1852 H.

934 1893 979 1897 .-
1007 1870 1118 1914 Magis
1146 1877 1258 1901 tamen
1286 1869 1489 1902 Tullianum
1518 1879 1603 1916 puto

934 1927 1001 1967 qui.
1040 1924 1158 1955 Discas
1190 1920 1225 1953 id
1260 1933 1299 1953 ex
1333 1921 1600 1956 elaboratissima

934 1976 1076 2023 epistola
1092 1974 1135 2007 ad
1144 1973 1329 2006 Lucceium
1340 1974 1386 2014 V,
1401 1987 1454 2013 22,
1470 1987 1503 2019 p.
1524 1987 1601 2017 121,

933 2030 1068 2062 Ernest.
1094 2030 1206 2069 Neque
1229 2028 1310 2057 enim
1336 2036 1368 2057 tu
1393 2028 1418 2058 is
1447 2040 1497 2065 es,
1520 2031 1598 2070 qui,

934 2084 990 2124 qui
1005 2084 1066 2119 sis,
1088 2081 1219 2111 nescias.
1236 2078 1352 2111 Minus
1363 2102 1372 2118 ‚
1388 2086 1425 2110 ut
1442 2079 1578 2113 videtin·
1590 2106 1600 2120 ,

933 2134 1082 2167 suaviter
1099 2131 1143 2165 ad
1161 2131 1297 2164 aurium
1314 2143 1465 2164 sensum.
1482 2133 1516 2166 S.

978 2187 1012 2226 4.
1031 2188 1104 2217 Non
1116 2194 1220 2215 tamen
1229 2206 1329 2215 .....
1338 2186 1598 2218 admonebamur.

932 2240 1029 2271 Rom.
1046 2239 1119 2268 Non
1134 2245 1237 2267 tamen
1246 2237 1374 2266 omnino
1386 2239 1493 2268 filare-i
1502 2242 1603 2270 nostri

934 2292 992 2330 τὰς
1010 2289 1334 2331 >mxl-'³00'szl13i'72115;
1353 2298 1388 2319 ut
1403 2291 1499 2320 etiam
1512 2304 1600 2332 pau-

934 2346 998 2375 lum
1029 2344 1138 2374 itinere
1173 2342 1311 2371 cedendo
1348 2342 1379 2371 in
1416 2345 1597 2383 tempestivis

1473 2394 1599 2428 Parum

932 2449 1012 2482 hinc
1028 2447 1097 2480 abit
1110 2444 1286 2479 Mediceus
1297 2470 1306 2484 ,
1326 2453 1363 2478 ut
1380 2446 1433 2478 his
1452 2448 1600 2480 auctori-

933 2503 996 2534 bus
1018 2499 1082 2545 legi
1110 2499 1215 2543 possit
1245 2510 1252 2530 :

933 2396 1167 2427 amoenitatibus
1207 2396 1432 2426 submovemur.

1285 2508 1320 2529 ut
1347 2502 1442 2530 eciam
1462 2502 1598 2542 paulum

934 2557 1043 2586 itinere
1061 2580 1068 2589 ,
1105 2555 1243 2584 cedendo
1284 2565 1346 2583 non
1381 2554 1598 2594 intempestivis

934 2607 1184 2641 amoenitatibus,
1206 2607 1466 2637 submoveremur.
1484 2603 1550 2638 Sed
1571 2606 1598 2638 si

935 2672 993 2703 per
1022 2659 1126 2691 libros
1152 2657 1289 2696 liceret,
1317 2659 1455 2689 cedendo
1480 2667 1598 2690 carere
