1742 2989
614 227 961 271 EPISTULA
996 227 1101 269 XX.

1480 219 1563 267 135

159 312 372 356 tissimum
393 309 613 370 incipiam.
636 308 830 353 Verania
852 306 1024 352 Pisonis
1045 305 1235 367 graviter
1254 304 1426 366 jacebat
1451 322 1458 347 :
1486 305 1566 348 liu-
1594 326 1611 345 ν,

154 386 226 445 jus
251 384 349 428 dico
374 383 568 438 Pisonis,
588 398 720 443 quem
748 379 892 426 Galba
916 379 1153 441 adoptavit.
1180 377 1250 423 Ad
1281 371 1396 421 hanc
1421 380 1565 437 Regu-

156 458 223 502 lus
252 458 380 502 venit.
414 457 610 501 Primum
634 455 956 516 impudentiam
983 452 1200 508 hominis,
1223 452 1299 513 qui
1324 451 1491 496 venerit
1511 452 1565 494 ad

156 549 316 594 oegram
343 531 465 592 cujus
490 530 650 575 marito
674 529 1019 583 inimicissimus,
1045 528 1128 589 ipsi
1157 526 1444 572 invisissimus
1467 524 1566 569 fue-

157 615 237 649 rat.
272 607 403 661 Esto,
434 605 468 648 si
498 604 618 647 venit
650 612 824 647 tantum
847 620 856 646 z
884 611 929 646 at
952 600 1022 646 ille
1049 601 1180 645 etiam
1212 600 1440 662 proximus
1467 608 1565 642 toro
1592 606 1610 637 3

154 677 264 722 sedit
292 695 301 721 :
334 694 422 738 quo
457 676 550 731 die,
581 693 668 737 qua
709 676 820 720 hora
849 685 953 719 nata
984 684 1117 729 esset,
1144 674 1445 735 interrogavit.
1476 672 1565 716 Ubi

153 750 341 806 audivit,
368 750 596 812 componit
624 748 794 793 vultum
811 784 823 806 ,
844 748 1033 793 intendit
1058 747 1232 804 oculos,
1250 755 1399 791 movet
1417 745 1539 789 labra
1555 781 1566 801 ,

151 824 289 885 agitat
322 823 506 885 digitos,
532 833 785 884 computat,
814 822 949 879 nihil,
985 822 1069 866 nisi
1091 832 1139 866 ut
1163 821 1240 865 diu
1267 821 1470 864 miseram
1497 836 1567 864 ex-

151 897 420 956 spectatione
437 895 687 957 suspendat.
707 896 887 951 Habes,
910 897 1055 956 inquit
1068 931 1079 951 ,
1098 894 1443 941 climactericmn
1463 903 1566 937 tem-
1593 906 1611 941 4

140 985 255 1030 pus,
283 968 368 1014 sed
389 969 564 1015 evades.
592 969 733 1028 Quod
749 981 800 1014 zat
821 969 904 1014 tibi
922 972 1072 1030 magis
1097 967 1286 1028 liqueat,
1311 969 1565 1029 aruspicem

150 1041 418 1099 consulam,
448 1058 580 1102 quem
615 1059 717 1086 sum
731 1043 1004 1102 fi‘eqaenter
1028 1051 1254 1103 expertas.
1288 1042 1381 1085 Nec
1407 1056 1531 1084 mora
1555 1057 1563 1083 ε

151 1116 416 1160 sacrificium
456 1116 583 1169 facit,
612 1115 818 1160 adfirmat
856 1127 955 1160 exta
993 1132 1093 1159 cum
1126 1115 1316 1158 siderum
1348 1114 1567 1174 significa-

151 1189 270 1233 tione
290 1205 548 1250 congruere.
570 1188 674 1244 Illa,
699 1200 748 1233 ut
776 1191 821 1232 in
848 1188 1068 1249 pericu10‚
1092 1186 1292 1241 credula,
1320 1187 1462 1247 poscit
1490 1202 1563 1229 co·-

146 1261 318 1306 dicillos
346 1279 355 1306 z

386 1261 578 1322 legatum
608 1261 778 1321 Regulo
806 1262 988 1306 scribit:
1022 1277 1122 1304 mox
1154 1259 1449 1319 ingravescit:
1482 1258 1566 1302 cla-

150 1345 241 1379 mat
270 1335 486 1390 moriens,
517 1336 556 1378 0
586 1335 811 1378 hominem
838 1350 1031 1396 nequam
1050 1368 1060 1387 ‚
1085 1330 1343 1394 petfi'dzcm,
1374 1348 1430 1374 ac
1458 1329 1566 1393 plus

148 1411 290 1453 etiam
324 1423 458 1468 qaam
483 1408 717 1469 perjuram
738 1406 754 1450 Ι
783 1408 858 1468 qui
899 1407 979 1450 sibi
1020 1421 1096 1465 per
1126 1404 1306 1448 salutem
1340 1403 1415 1447 filii
1450 1404 1564 1465 peje-

199 1549 230 1568 2.
254 1536 394 1566 Verania
423 1536 548 1566 Pisonis
580 1546 678 1567 uxor.
708 1534 822 1568 Notis-

150 1588 275 1620 simum
294 1586 431 1632 Virgilii
456 1586 544 1620 illud
566 1599 573 1619 :
595 1589 740 1619 Hectoris
756 1590 823 1619 An·

150 1642 334 1673 dromache.
349 1638 452 1673 Ovid.
470 1639 611 1673 Heroid.
627 1640 716 1680 VII,
734 1641 797 1684 193
812 1652 820 1672 :

152 1695 217 1724 Nec
229 1703 417 1736 consumpta
426 1695 528 1736 rogis,
545 1695 717 1732 inscribar,
732 1695 823 1725 Elisa

149 1747 286 1777 sichaei.
313 1745 383 1778 Ubi
412 1744 491 1778 vide
518 1747 701 1791 Interpret.
728 1745 820 1778 Add.

150 1797 266 1830 Vales.
283 1797 328 1830 ad
342 1805 500 1844 excerpta
515 1811 553 1831 ex
569 1797 673 1831 Diod.
694 1798 761 1832 Sic.
779 1797 822 1831 de

150 1850 280 1884 Virtut.
300 1857 331 1883 et
345 1850 418 1883 Vit.
433 1862 469 1896 p.
489 1851 555 1884 586
568 1875 576 1890 ‚
593 1850 649 1884 ed.
661 1850 816 1885 Wessel.

148 1903 182 1936 S.
200 1923 245 1928 —
262 1905 365 1946 Hujus
383 1905 455 1935 dico
471 1905 617 1941 Pisonis,
639 1910 702 1937 etc.
720 1904 818 1935 Rom.

148 1958 253 1999 Hujus·
270 1958 361 1994 dico,
388 1968 481 1999 quem
500 1958 607 1988 Galba
632 1957 818 1998 adoptavit,

148 2008 220 2042 sine
240 2010 377 2041 Pisonis.
393 2008 438 2042 H.

194 2063 309 2105 —Ipsi
317 2063 533 2094 invisissimus.
545 2061 624 2094 Haec
637 2060 707 2094 duo
716 2061 819 2094 verba

145 2113 245 2146 Rom.
262 2112 400 2148 desunt.
417 2114 462 2147 H.

195 2168 227 2198 3.
245 2169 315 2208 Quo
337 2169 408 2206 die,
428 2180 493 2210 qua
518 2169 610 2199 hora.
630 2168 729 2200 Rom.
755 2179 819 2209 qua

149 2218 219 2255 die,
241 2231 308 2260 qua
326 2220 419 2252 hora.
436 2219 480 2252 H.

194 2289 239 2294 -
255 2273 316 2302 Ubi
338 2273 470 2304 audivit.
497 2273 595 2305 Rom.
621 2274 680 2304 Ubi
703 2274 816 2304 audiit.

147 2321 191 2354 H.
216 2341 261 2346 —
288 2324 475 2367 Computat,
502 2326 601 2363 nillil,
632 2331 696 2358 etc.
719 2326 818 2358 Rom.

146 2377 319 2419 Compucat
337 2379 436 2415 nihil,
458 2379 514 2409 dia
543 2379 691 2409 miseram
712 2391 821 2421 exspe-

145 2430 289 2461 ctatione
306 2431 481 2472 suspendit.
502 2430 546 2463 H.
562 2451 605 2455 -
621 2430 817 2476 Perperam.

144 2480 235 2513 Sane
250 2483 474 2527 computabat
487 2489 660 2516 veterator
676 2483 733 2516 ille
746 2508 756 2523 ‚
770 2482 820 2516 id-

144 2544 212 2577 que
237 2533 376 2580 digitis3
403 2535 469 2569 1100
501 2536 591 2569 enim
618 2543 667 2568 est
694 2538 819 2579 agitare

144 2586 281 2628 digitos,
312 2589 472 2634 κάμπτειν
494 2591 565 2628 τοὺς
585 2587 762 2628 δακτύλους
782 2589 814 2622 S.

192 2642 223 2676 lg.
247 2641 502 2673 climactericam
528 2651 660 2684 [empus.
682 2641 814 2674 Decan-

144 2695 220 2719 tune
248 2693 496 2736 superstitionis
527 2693 675 2726 rationes
714 2706 814 2726 nemo

146 2737 342 2774 adcuratius
357 2746 560 2791 pleniusque
574 2747 728 2790 exposuit
742 2747 814 2780 Sal-

887 1534 997 1567 masio
1010 1557 1020 1573 ,
1039 1535 1136 1579 cujus
1157 1533 1325 1566 sententia
1340 1532 1383 1565 de
1400 1534 1563 1565 climac-cem

890 1588 977 1624 νῐείς,
990 1585 1024 1618 id
1039 1593 1089 1618 est
1101 1610 1109 1626 ,
1120 1584 1321 1631 periculosis
1336 1585 1436 1618 annis
1448 1610 1457 1625 ,
1471 1598 1566 1618 men-

889 1639 997 1680 sibus,
1012 1638 1147 1679 diebus,
1160 1639 1256 1672 horis
1268 1663 1277 1679 ,
1292 1651 1331 1671 ex
1349 1639 1545 1685 horoscopo
1561 1664 1569 1678 ‚

890 1705 917 1724 s.
935 1692 1086 1725 themate
1105 1691 1321 1738 genethliaco
1335 1690 1537 1724 derivandis
1554 1717 1563 1731 ‚

890 1757 929 1778 ex
942 1745 1008 1778 hac
1022 1745 1096 1791 ipsa
1109 1743 1308 1777 narratione
1319 1744 1559 1778 confirmatur.

889 1796 983 1838 Quid
1020 1798 1112 1830 enim
1148 1809 1236 1842 opus
1278 1805 1351 1830 erat
1377 1796 1559 1830 intendere

889 1850 1027 1889 oculos,
1047 1850 1140 1883 labra
1166 1862 1307 1883 movere
1321 1875 1330 1889 ,
1351 1849 1481 1895 agitare
1506 1849 1560 1885 di-

887 1903 975 1947 gitos
992 1927 1001 1943 ‚
1038 1910 1241 1948 computare
1257 1927 1266 1941 ,
1305 1901 1367 1935 diu
1403 1902 1563 1936 miseram

890 1956 1142 2001 exspectatione
1160 1954 1391 2000 suspendere,
1410 1954 1435 1988 si
1451 1958 1564 1988 clima-

888 2010 1020 2040 ctericas
1038 2020 1147 2041 annus
1167 2020 1191 2040 s.
1211 2010 1355 2040 scansilis
1373 2016 1445 2049 est,
1460 2024 1473 2036 ›-
1492 2008 1565 2053 qui-

884 2073 1034 2106 cumque
1047 2060 1244 2106 septenario
1256 2086 1265 2101 ,
1275 2061 1329 2095 vel
1343 2061 1536 2094 novenario
1552 2087 1561 2101 ‚

886 2115 941 2147 vel
953 2114 1108 2160 utrisque
1119 2122 1253 2148 constat
1266 2138 1274 2154 ‚
1291 2121 1325 2146 et
1338 2114 1391 2146 his
1407 2114 1562 2147 numeris

885 2167 984 2213 quasi
1018 2167 1195 2201 exhauriri
1226 2175 1338 2213 potest
1352 2192 1361 2207 ,
1397 2174 1433 2199 ut
1462 2168 1560 2207 XIV,

886 2220 1026 2260 XVIII,
1055 2221 1158 2260 XXI,
1188 2220 1347 2260 XXVII,
1378 2228 1445 2253 ete.
1467 2220 1561 2261 Quin

885 2271 1010 2306 diserte
1035 2272 1163 2306 deinde
1182 2275 1322 2305 siderum
1346 2274 1559 2317 significatio-

888 2338 958 2357 nem
977 2325 1140 2371 appellat.
1158 2325 1202 2358 G.

936 2379 967 2411 5.
993 2383 1020 2411 O
1038 2380 1196 2411 hominem
1223 2392 1377 2422 nequam.
1394 2403 1400 2409 .
1418 2402 1424 2408 .
1442 2380 1560 2421 ‚perju-

887 2444 969 2464 rum.
1002 2431 1081 2465 Sive
1111 2432 1386 2478 interjectionem
1421 2442 1533 2463 serves
1551 2455 1559 2469 ‚

888 2484 958 2517 sive
978 2496 1056 2517 cum
1075 2485 1193 2518 Cortio
1213 2492 1245 2518 et
1262 2484 1414 2528 Gierigio
1431 2495 1559 2528 expun-

885 2548 945 2581 gas
958 2563 967 2577 ,
984 2537 1056 2570 haec
1083 2538 1155 2583 ipsa
1172 2546 1251 2571 sunt
1271 2536 1430 2569 Veraniae
1452 2535 1557 2569 mori-

884 2589 1012 2623 bundae
1028 2590 1147 2623 verba.
1168 2592 1253 2631 Quae
1270 2596 1484 2634 sequuntur,
1504 2590 1559 2630 qui

884 2643 943 2674 sibi
963 2656 1021 2685 per
1046 2646 1179 2675 salutem
1195 2645 1266 2687 filii
1287 2645 1460 2685 pejerasset
1473 2666 1479 2675 .
1499 2642 1555 2673 Se-

882 2694 1018 2728 cuudus
1047 2695 1166 2735 addit,
1187 2704 1226 2728 ut
1246 2694 1472 2738 intelligatur,
1493 2702 1554 2722 cur

883 2748 1031 2780 Verania
1054 2749 1218 2790 Regulum
1242 2751 1312 2786 plus
1339 2747 1434 2776 ctiam
1456 2756 1550 2786 qnam

1593 1049 1611 1081 5
