<?xml version="1.0" encoding="UTF-8"?>
<!DOCTYPE html PUBLIC "-//W3C//DTD XHTML 1.0 Transitional//EN"
    "http://www.w3.org/TR/xhtml1/DTD/xhtml1-transitional.dtd">
<html xmlns="http://www.w3.org/1999/xhtml" xml:lang="en" lang="en">
 <head>
  <title>
</title>
<meta http-equiv="Content-Type" content="text/html;charset=utf-8" />
  <meta name='ocr-system' content='tesseract 3.04.00' />
  <meta name='ocr-capabilities' content='ocr_page ocr_carea ocr_par ocr_line ocrx_word'/>
</head>
<body>
  <div class='ocr_page' id='page_1' title='image "./epistolarumlibri01plinuoft_0499.png"; bbox 0 0 1742 2989; ppageno 0'>
   <div class='ocr_carea' id='block_1_1' title="bbox 549 165 1092 208">
    <p class='ocr_par' dir='ltr' id='par_1_1' title="bbox 549 165 1092 208">
     <span class='ocr_line' id='line_1_1' title="bbox 549 165 1092 208; baseline 0.002 -1"><span class='ocrx_word' id='word_1_1' title='bbox 549 165 890 208; x_wconf 73' lang='lat' dir='ltr'><strong>EPISTOLA</strong></span> <span class='ocrx_word' id='word_1_2' title='bbox 928 166 1092 208; x_wconf 85' lang='lat' dir='ltr'>XVII.</span> 
     </span>
    </p>
   </div>
   <div class='ocr_carea' id='block_1_2' title="bbox 1429 169 1517 228">
    <p class='ocr_par' dir='ltr' id='par_1_2' title="bbox 1429 169 1517 228">
     <span class='ocr_line' id='line_1_2' title="bbox 1429 169 1517 228; baseline 0 0"><span class='ocrx_word' id='word_1_3' title='bbox 1429 169 1517 228; x_wconf 74' lang='lat'>4¹7</span> 
     </span>
    </p>
   </div>
   <div class='ocr_carea' id='block_1_3' title="bbox 123 245 1519 306">
    <p class='ocr_par' dir='ltr' id='par_1_3' title="bbox 123 245 1519 306">
     <span class='ocr_line' id='line_1_3' title="bbox 123 245 1519 306; baseline -0.001 -13"><span class='ocrx_word' id='word_1_4' title='bbox 123 265 254 292; x_wconf 90' lang='lat' dir='ltr'>cuum</span> <span class='ocrx_word' id='word_1_5' title='bbox 287 258 432 291; x_wconf 84' lang='lat' dir='ltr'>tamen</span> <span class='ocrx_word' id='word_1_6' title='bbox 459 255 523 289; x_wconf 90' lang='lat' dir='ltr'>est</span> <span class='ocrx_word' id='word_1_7' title='bbox 552 246 753 301; x_wconf 85' lang='lat' dir='ltr'>recitare,</span> <span class='ocrx_word' id='word_1_8' title='bbox 781 262 876 306; x_wconf 80' lang='lat' dir='ltr'>quae</span> <span class='ocrx_word' id='word_1_9' title='bbox 904 245 1078 288; x_wconf 79' lang='lat' dir='ltr'>dixeris.</span> <span class='ocrx_word' id='word_1_10' title='bbox 1112 246 1278 302; x_wconf 81' lang='lat' dir='ltr'>Etiam,</span> <span class='ocrx_word' id='word_1_11' title='bbox 1308 248 1341 289; x_wconf 87' lang='lat' dir='ltr'>si</span> <span class='ocrx_word' id='word_1_12' title='bbox 1371 247 1519 291; x_wconf 82' lang='lat' dir='ltr'>eadem</span> 
     </span>
    </p>
   </div>
   <div class='ocr_carea' id='block_1_4' title="bbox 122 318 1166 375">
    <p class='ocr_par' dir='ltr' id='par_1_4' title="bbox 122 318 1166 375">
     <span class='ocr_line' id='line_1_4' title="bbox 122 318 1166 375; baseline -0.003 -10"><span class='ocrx_word' id='word_1_13' title='bbox 122 323 285 375; x_wconf 87' lang='lat' dir='ltr'>onmia,</span> <span class='ocrx_word' id='word_1_14' title='bbox 315 319 465 364; x_wconf 81' lang='lat' dir='ltr'>iisdem</span> <span class='ocrx_word' id='word_1_15' title='bbox 491 320 720 375; x_wconf 90' lang='lat' dir='ltr'>omnibus,</span> <span class='ocrx_word' id='word_1_16' title='bbox 746 320 779 363; x_wconf 90' lang='lat' dir='ltr'>si</span> <span class='ocrx_word' id='word_1_17' title='bbox 804 319 948 362; x_wconf 89' lang='lat' dir='ltr'>statim</span> <span class='ocrx_word' id='word_1_18' title='bbox 977 318 1129 362; x_wconf 81' lang='lat' dir='ltr'><strong>recites</strong></span> <span class='ocrx_word' id='word_1_19' title='bbox 1157 335 1166 362; x_wconf 93' lang='lat'>:</span> 
     </span>
    </p>
   </div>
   <div class='ocr_carea' id='block_1_5' title="bbox 1195 320 1521 374">
    <p class='ocr_par' dir='ltr' id='par_1_5' title="bbox 1195 320 1521 374">
     <span class='ocr_line' id='line_1_5' title="bbox 1195 320 1521 374; baseline 0.009 -13"><span class='ocrx_word' id='word_1_20' title='bbox 1195 320 1227 362; x_wconf 87' lang='lat' dir='ltr'>si</span> <span class='ocrx_word' id='word_1_21' title='bbox 1256 336 1358 363; x_wconf 88' lang='lat' dir='ltr'>vero</span> <span class='ocrx_word' id='word_1_22' title='bbox 1385 320 1521 374; x_wconf 84' lang='lat' dir='ltr'>multa</span> 
     </span>
    </p>
   </div>
   <div class='ocr_carea' id='block_1_6' title="bbox 118 390 1571 1109">
    <p class='ocr_par' dir='ltr' id='par_1_6' title="bbox 118 390 1571 1109">
     <span class='ocr_line' id='line_1_6' title="bbox 124 390 1523 452; baseline 0 -15"><span class='ocrx_word' id='word_1_23' title='bbox 124 394 285 437; x_wconf 84' lang='lat' dir='ltr'>inseras</span> <span class='ocrx_word' id='word_1_24' title='bbox 299 429 310 449; x_wconf 95' lang='lat'>,</span> <span class='ocrx_word' id='word_1_25' title='bbox 324 391 460 436; x_wconf 87' lang='lat' dir='ltr'>multa</span> <span class='ocrx_word' id='word_1_26' title='bbox 475 402 715 435; x_wconf 86' lang='lat' dir='ltr'>commutes</span> <span class='ocrx_word' id='word_1_27' title='bbox 728 427 739 447; x_wconf 91' lang='lat'>,</span> <span class='ocrx_word' id='word_1_28' title='bbox 757 393 790 435; x_wconf 89' lang='lat' dir='ltr'>si</span> <span class='ocrx_word' id='word_1_29' title='bbox 805 390 1015 452; x_wconf 87' lang='lat' dir='ltr'>quosdam</span> <span class='ocrx_word' id='word_1_30' title='bbox 1033 408 1167 434; x_wconf 79' lang='lat' dir='ltr'>novos</span> <span class='ocrx_word' id='word_1_31' title='bbox 1179 426 1189 446; x_wconf 87' lang='lat'>,</span> <span class='ocrx_word' id='word_1_32' title='bbox 1204 393 1415 452; x_wconf 84' lang='lat' dir='ltr'>quosdam</span> <span class='ocrx_word' id='word_1_33' title='bbox 1435 411 1523 437; x_wconf 78' lang='lat' dir='ltr'>eos-</span> 
     </span>
     <span class='ocr_line' id='line_1_7' title="bbox 123 465 1524 527; baseline 0 -17"><span class='ocrx_word' id='word_1_34' title='bbox 123 467 242 523; x_wconf 91' lang='lat' dir='ltr'>dem,</span> <span class='ocrx_word' id='word_1_35' title='bbox 264 466 338 510; x_wconf 87' lang='lat' dir='ltr'>sed</span> <span class='ocrx_word' id='word_1_36' title='bbox 358 475 456 527; x_wconf 86' lang='lat' dir='ltr'>post</span> <span class='ocrx_word' id='word_1_37' title='bbox 482 475 676 526; x_wconf 87' lang='lat' dir='ltr'>tempus,</span> <span class='ocrx_word' id='word_1_38' title='bbox 703 481 1008 519; x_wconf 84' lang='lat' dir='ltr'>assumas,cur</span> <span class='ocrx_word' id='word_1_39' title='bbox 1036 465 1180 508; x_wconf 87' lang='lat' dir='ltr'>minus</span> <span class='ocrx_word' id='word_1_40' title='bbox 1206 466 1445 526; x_wconf 89' lang='lat' dir='ltr'>probabilis</span> <span class='ocrx_word' id='word_1_41' title='bbox 1470 468 1524 510; x_wconf 91' lang='lat' dir='ltr'>sit</span> 
     </span>
     <span class='ocr_line' id='line_1_8' title="bbox 122 536 1570 599; baseline -0.001 -15"><span class='ocrx_word' id='word_1_42' title='bbox 122 556 272 584; x_wconf 81' lang='lat' dir='ltr'>caussa</span> <span class='ocrx_word' id='word_1_43' title='bbox 298 538 510 582; x_wconf 83' lang='lat' dir='ltr'>recitandi</span> <span class='ocrx_word' id='word_1_44' title='bbox 541 556 635 599; x_wconf 80' lang='lat' dir='ltr'>quae</span> <span class='ocrx_word' id='word_1_45' title='bbox 661 537 840 591; x_wconf 75' lang='lat' dir='ltr'>dixeris,</span> <span class='ocrx_word' id='word_1_46' title='bbox 870 554 1001 598; x_wconf 88' lang='lat' dir='ltr'>quam</span> <span class='ocrx_word' id='word_1_47' title='bbox 1028 536 1213 580; x_wconf 78' lang='lat' dir='ltr'>edendi?</span> <span class='ocrx_word' id='word_1_48' title='bbox 1237 538 1321 583; x_wconf 89' lang='lat' dir='ltr'>Sed</span> <span class='ocrx_word' id='word_1_49' title='bbox 1347 538 1524 582; x_wconf 86' lang='lat' dir='ltr'>difficile.</span> <span class='ocrx_word' id='word_1_50' title='bbox 1551 547 1570 576; x_wconf 70' lang='grc' dir='ltr'>(ἰ</span> 
     </span>
     <span class='ocr_line' id='line_1_9' title="bbox 122 610 1524 670; baseline -0.001 -15"><span class='ocrx_word' id='word_1_51' title='bbox 122 623 209 667; x_wconf 81' lang='lat' dir='ltr'>est,</span> <span class='ocrx_word' id='word_1_52' title='bbox 230 622 278 655; x_wconf 88' lang='lat' dir='ltr'>ut</span> <span class='ocrx_word' id='word_1_53' title='bbox 299 612 461 668; x_wconf 83' lang='lat' dir='ltr'>oratio,</span> <span class='ocrx_word' id='word_1_54' title='bbox 482 611 585 654; x_wconf 90' lang='lat' dir='ltr'>dum</span> <span class='ocrx_word' id='word_1_55' title='bbox 603 611 834 665; x_wconf 83' lang='lat' dir='ltr'>recitatur,</span> <span class='ocrx_word' id='word_1_56' title='bbox 853 610 1107 654; x_wconf 82' lang='lat' dir='ltr'>satisfaciat:</span> <span class='ocrx_word' id='word_1_57' title='bbox 1123 610 1213 670; x_wconf 85' lang='lat' dir='ltr'>jam</span> <span class='ocrx_word' id='word_1_58' title='bbox 1231 611 1315 655; x_wconf 90' lang='lat' dir='ltr'>hoc</span> <span class='ocrx_word' id='word_1_59' title='bbox 1331 611 1383 655; x_wconf 83' lang='lat' dir='ltr'>ad</span> <span class='ocrx_word' id='word_1_60' title='bbox 1402 611 1524 655; x_wconf 89' lang='lat' dir='ltr'>labo-</span> 
     </span>
     <span class='ocr_line' id='line_1_10' title="bbox 120 683 1523 746; baseline -0.003 -16"><span class='ocrx_word' id='word_1_61' title='bbox 120 703 213 730; x_wconf 85' lang='lat' dir='ltr'>rem</span> <span class='ocrx_word' id='word_1_62' title='bbox 242 686 465 730; x_wconf 83' lang='lat' dir='ltr'>recitantis</span> <span class='ocrx_word' id='word_1_63' title='bbox 494 686 704 746; x_wconf 83' lang='lat' dir='ltr'>pertinet,</span> <span class='ocrx_word' id='word_1_64' title='bbox 726 701 816 728; x_wconf 91' lang='lat' dir='ltr'>non</span> <span class='ocrx_word' id='word_1_65' title='bbox 844 683 899 727; x_wconf 83' lang='lat' dir='ltr'>ad</span> <span class='ocrx_word' id='word_1_66' title='bbox 925 684 1139 727; x_wconf 88' lang='lat' dir='ltr'>rationem</span> <span class='ocrx_word' id='word_1_67' title='bbox 1165 700 1255 727; x_wconf 89' lang='lat' dir='ltr'>non</span> <span class='ocrx_word' id='word_1_68' title='bbox 1286 685 1523 728; x_wconf 85' lang='lat' dir='ltr'>recitandi:</span> 
     </span>
     <span class='ocr_line' id='line_1_11' title="bbox 120 755 1571 819; baseline -0.001 -17"><span class='ocrx_word' id='word_1_69' title='bbox 120 776 201 803; x_wconf 88' lang='lat' dir='ltr'>nec</span> <span class='ocrx_word' id='word_1_70' title='bbox 222 775 325 803; x_wconf 88' lang='lat' dir='ltr'>vero</span> <span class='ocrx_word' id='word_1_71' title='bbox 346 776 448 819; x_wconf 83' lang='lat' dir='ltr'>ego,</span> <span class='ocrx_word' id='word_1_72' title='bbox 472 759 574 802; x_wconf 90' lang='lat' dir='ltr'>dum</span> <span class='ocrx_word' id='word_1_73' title='bbox 599 758 754 812; x_wconf 87' lang='lat' dir='ltr'>recito,</span> <span class='ocrx_word' id='word_1_74' title='bbox 778 756 968 812; x_wconf 84' lang='lat' dir='ltr'>laudari,</span> <span class='ocrx_word' id='word_1_75' title='bbox 992 756 1066 799; x_wconf 89' lang='lat' dir='ltr'>sed</span> <span class='ocrx_word' id='word_1_76' title='bbox 1086 756 1191 799; x_wconf 90' lang='lat' dir='ltr'>dum</span> <span class='ocrx_word' id='word_1_77' title='bbox 1218 755 1360 816; x_wconf 85' lang='lat' dir='ltr'>legor,</span> <span class='ocrx_word' id='word_1_78' title='bbox 1381 757 1525 817; x_wconf 86' lang='lat' dir='ltr'>cupiO.</span> <span class='ocrx_word' id='word_1_79' title='bbox 1551 775 1571 807; x_wconf 87' lang='lat'>7</span> 
     </span>
     <span class='ocr_line' id='line_1_12' title="bbox 118 830 1528 892; baseline -0.002 -17"><span class='ocrx_word' id='word_1_80' title='bbox 118 834 275 892; x_wconf 83' lang='lat' dir='ltr'>Itaque</span> <span class='ocrx_word' id='word_1_81' title='bbox 298 831 469 875; x_wconf 90' lang='lat' dir='ltr'>nullum</span> <span class='ocrx_word' id='word_1_82' title='bbox 495 830 756 875; x_wconf 85' lang='lat' dir='ltr'>emendandi</span> <span class='ocrx_word' id='word_1_83' title='bbox 778 846 915 890; x_wconf 83' lang='lat' dir='ltr'>genus</span> <span class='ocrx_word' id='word_1_84' title='bbox 937 830 1092 873; x_wconf 91' lang='lat' dir='ltr'>omitto</span> <span class='ocrx_word' id='word_1_85' title='bbox 1117 846 1126 872; x_wconf 78' lang='lat' dir='ltr'><strong><em>z</em></strong></span> <span class='ocrx_word' id='word_1_86' title='bbox 1153 846 1203 874; x_wconf 83' lang='lat' dir='ltr'>ac</span> <span class='ocrx_word' id='word_1_87' title='bbox 1223 830 1414 889; x_wconf 88' lang='lat' dir='ltr'>primum</span> <span class='ocrx_word' id='word_1_88' title='bbox 1433 846 1528 890; x_wconf 80' lang='lat' dir='ltr'>quae</span> 
     </span>
     <span class='ocr_line' id='line_1_13' title="bbox 121 902 1524 965; baseline -0.001 -17"><span class='ocrx_word' id='word_1_89' title='bbox 121 905 299 965; x_wconf 83' lang='lat' dir='ltr'>scripsi,</span> <span class='ocrx_word' id='word_1_90' title='bbox 326 921 498 948; x_wconf 89' lang='lat' dir='ltr'>mecum</span> <span class='ocrx_word' id='word_1_91' title='bbox 527 905 617 964; x_wconf 90' lang='lat' dir='ltr'>ipse</span> <span class='ocrx_word' id='word_1_92' title='bbox 644 913 890 964; x_wconf 76' lang='lat' dir='ltr'>pertract03</span> <span class='ocrx_word' id='word_1_93' title='bbox 916 902 1072 946; x_wconf 86' lang='lat' dir='ltr'>deinde</span> <span class='ocrx_word' id='word_1_94' title='bbox 1098 903 1270 946; x_wconf 88' lang='lat' dir='ltr'>duobus</span> <span class='ocrx_word' id='word_1_95' title='bbox 1290 913 1366 947; x_wconf 87' lang='lat' dir='ltr'>aut</span> <span class='ocrx_word' id='word_1_96' title='bbox 1386 904 1524 947; x_wconf 79' lang='lat' dir='ltr'>tribus</span> 
     </span>
     <span class='ocr_line' id='line_1_14' title="bbox 120 975 1529 1037; baseline 0 -17"><span class='ocrx_word' id='word_1_97' title='bbox 120 975 245 1037; x_wconf 79' lang='lat' dir='ltr'>leg03</span> <span class='ocrx_word' id='word_1_98' title='bbox 270 993 371 1020; x_wconf 81' lang='lat' dir='ltr'>mox</span> <span class='ocrx_word' id='word_1_99' title='bbox 397 976 492 1020; x_wconf 88' lang='lat' dir='ltr'>aliis</span> <span class='ocrx_word' id='word_1_100' title='bbox 514 976 640 1019; x_wconf 80' lang='lat' dir='ltr'>trado</span> <span class='ocrx_word' id='word_1_101' title='bbox 661 975 935 1029; x_wconf 84' lang='lat' dir='ltr'>adnotanda,</span> <span class='ocrx_word' id='word_1_102' title='bbox 959 986 1171 1035; x_wconf 88' lang='lat' dir='ltr'>notasque</span> <span class='ocrx_word' id='word_1_103' title='bbox 1198 992 1370 1031; x_wconf 91' lang='lat' dir='ltr'>eorum,</span> <span class='ocrx_word' id='word_1_104' title='bbox 1393 977 1426 1020; x_wconf 88' lang='lat' dir='ltr'>si</span> <span class='ocrx_word' id='word_1_105' title='bbox 1446 977 1529 1020; x_wconf 89' lang='lat' dir='ltr'>du-</span> 
     </span>
     <span class='ocr_line' id='line_1_15' title="bbox 122 1048 1528 1109; baseline 0 -16"><span class='ocrx_word' id='word_1_106' title='bbox 122 1050 214 1093; x_wconf 87' lang='lat' dir='ltr'>bito</span> <span class='ocrx_word' id='word_1_107' title='bbox 229 1085 240 1101; x_wconf 83' lang='lat'><strong>‚</strong></span> <span class='ocrx_word' id='word_1_108' title='bbox 263 1067 363 1093; x_wconf 91' lang='lat' dir='ltr'>cum</span> <span class='ocrx_word' id='word_1_109' title='bbox 387 1065 477 1092; x_wconf 90' lang='lat' dir='ltr'>uno</span> <span class='ocrx_word' id='word_1_110' title='bbox 500 1065 650 1092; x_wconf 89' lang='lat' dir='ltr'>rursus</span> <span class='ocrx_word' id='word_1_111' title='bbox 669 1058 743 1092; x_wconf 85' lang='lat' dir='ltr'>aut</span> <span class='ocrx_word' id='word_1_112' title='bbox 763 1048 899 1091; x_wconf 89' lang='lat' dir='ltr'>altero</span> <span class='ocrx_word' id='word_1_113' title='bbox 918 1048 1114 1108; x_wconf 78' lang='lat' dir='ltr'>pensit03</span> <span class='ocrx_word' id='word_1_114' title='bbox 1135 1049 1367 1092; x_wconf 85' lang='lat' dir='ltr'>novissime</span> <span class='ocrx_word' id='word_1_115' title='bbox 1388 1048 1528 1109; x_wconf 87' lang='lat' dir='ltr'>pluri-</span> 
     </span>
    </p>
   </div>
   <div class='ocr_carea' id='block_1_7' title="bbox 119 1121 1579 1621">
    <p class='ocr_par' dir='ltr' id='par_1_7' title="bbox 119 1121 1579 1621">
     <span class='ocr_line' id='line_1_16' title="bbox 119 1121 1526 1183; baseline 0 -16"><span class='ocrx_word' id='word_1_116' title='bbox 119 1124 200 1167; x_wconf 88' lang='lat' dir='ltr'>bus</span> <span class='ocrx_word' id='word_1_117' title='bbox 221 1124 456 1178; x_wconf 76' lang='lat' dir='ltr'>recit03ac,</span> <span class='ocrx_word' id='word_1_118' title='bbox 476 1123 509 1166; x_wconf 90' lang='lat' dir='ltr'>si</span> <span class='ocrx_word' id='word_1_119' title='bbox 531 1122 637 1183; x_wconf 86' lang='lat' dir='ltr'>quid</span> <span class='ocrx_word' id='word_1_120' title='bbox 658 1123 763 1165; x_wconf 91' lang='lat' dir='ltr'>mihi</span> <span class='ocrx_word' id='word_1_121' title='bbox 786 1121 946 1174; x_wconf 82' lang='lat' dir='ltr'>credis,</span> <span class='ocrx_word' id='word_1_122' title='bbox 964 1132 1070 1166; x_wconf 86' lang='lat' dir='ltr'>tunc</span> <span class='ocrx_word' id='word_1_123' title='bbox 1090 1122 1300 1167; x_wconf 79' lang='lat' dir='ltr'>acerrime</span> <span class='ocrx_word' id='word_1_124' title='bbox 1315 1123 1500 1166; x_wconf 89' lang='lat' dir='ltr'>emendo</span> <span class='ocrx_word' id='word_1_125' title='bbox 1518 1142 1526 1167; x_wconf 92' lang='lat'><strong>:</strong></span> 
     </span>
     <span class='ocr_line' id='line_1_17' title="bbox 121 1193 1575 1256; baseline 0.001 -18"><span class='ocrx_word' id='word_1_126' title='bbox 121 1212 222 1239; x_wconf 85' lang='lat' dir='ltr'>nam</span> <span class='ocrx_word' id='word_1_127' title='bbox 244 1206 367 1239; x_wconf 87' lang='lat' dir='ltr'>tanto</span> <span class='ocrx_word' id='word_1_128' title='bbox 389 1195 666 1256; x_wconf 84' lang='lat' dir='ltr'>diligentius,</span> <span class='ocrx_word' id='word_1_129' title='bbox 684 1205 849 1255; x_wconf 83' lang='lat' dir='ltr'>quanto</span> <span class='ocrx_word' id='word_1_130' title='bbox 872 1193 1120 1249; x_wconf 77' lang='lat' dir='ltr'>sollicitius,</span> <span class='ocrx_word' id='word_1_131' title='bbox 1138 1194 1332 1239; x_wconf 89' lang='lat' dir='ltr'>intendo.</span> <span class='ocrx_word' id='word_1_132' title='bbox 1350 1197 1531 1255; x_wconf 84' lang='lat' dir='ltr'>Optime</span> <span class='ocrx_word' id='word_1_133' title='bbox 1556 1208 1575 1239; x_wconf 84' lang='lat'>8</span> 
     </span>
     <span class='ocr_line' id='line_1_18' title="bbox 122 1267 1529 1329; baseline 0.001 -16"><span class='ocrx_word' id='word_1_134' title='bbox 122 1280 268 1313; x_wconf 90' lang='lat' dir='ltr'>autem</span> <span class='ocrx_word' id='word_1_135' title='bbox 294 1270 557 1323; x_wconf 80' lang='lat' dir='ltr'>reverentia,</span> <span class='ocrx_word' id='word_1_136' title='bbox 577 1268 741 1329; x_wconf 88' lang='lat' dir='ltr'>pudor,</span> <span class='ocrx_word' id='word_1_137' title='bbox 765 1278 908 1311; x_wconf 84' lang='lat' dir='ltr'>metus</span> <span class='ocrx_word' id='word_1_138' title='bbox 930 1267 1154 1328; x_wconf 84' lang='lat' dir='ltr'>judicant:</span> <span class='ocrx_word' id='word_1_139' title='bbox 1181 1267 1311 1328; x_wconf 88' lang='lat' dir='ltr'>idque</span> <span class='ocrx_word' id='word_1_140' title='bbox 1336 1268 1444 1312; x_wconf 86' lang='lat' dir='ltr'>adeo</span> <span class='ocrx_word' id='word_1_141' title='bbox 1470 1271 1529 1315; x_wconf 80' lang='lat' dir='ltr'>sic</span> 
     </span>
     <span class='ocr_line' id='line_1_19' title="bbox 123 1339 1529 1402; baseline -0.002 -15"><span class='ocrx_word' id='word_1_142' title='bbox 123 1343 250 1387; x_wconf 85' lang='lat' dir='ltr'>habe.</span> <span class='ocrx_word' id='word_1_143' title='bbox 286 1345 468 1398; x_wconf 89' lang='lat' dir='ltr'>Nonne,</span> <span class='ocrx_word' id='word_1_144' title='bbox 502 1343 535 1385; x_wconf 91' lang='lat' dir='ltr'>si</span> <span class='ocrx_word' id='word_1_145' title='bbox 581 1341 843 1402; x_wconf 78' lang='lat' dir='ltr'>loquuturus</span> <span class='ocrx_word' id='word_1_146' title='bbox 881 1357 924 1383; x_wconf 87' lang='lat' dir='ltr'>es</span> <span class='ocrx_word' id='word_1_147' title='bbox 956 1357 1054 1384; x_wconf 90' lang='lat' dir='ltr'>cum</span> <span class='ocrx_word' id='word_1_148' title='bbox 1088 1339 1256 1400; x_wconf 84' lang='lat' dir='ltr'>aliquo,</span> <span class='ocrx_word' id='word_1_149' title='bbox 1291 1341 1529 1400; x_wconf 78' lang='lat' dir='ltr'>quamlibet</span> 
     </span>
     <span class='ocr_line' id='line_1_20' title="bbox 121 1413 1532 1472; baseline -0.001 -13"><span class='ocrx_word' id='word_1_150' title='bbox 121 1415 276 1470; x_wconf 86' lang='lat' dir='ltr'>docto,</span> <span class='ocrx_word' id='word_1_151' title='bbox 301 1432 391 1459; x_wconf 90' lang='lat' dir='ltr'>uno</span> <span class='ocrx_word' id='word_1_152' title='bbox 413 1425 583 1469; x_wconf 84' lang='lat' dir='ltr'>tamen,</span> <span class='ocrx_word' id='word_1_153' title='bbox 606 1415 751 1457; x_wconf 89' lang='lat' dir='ltr'>minus</span> <span class='ocrx_word' id='word_1_154' title='bbox 774 1413 1083 1467; x_wconf 86' lang='lat' dir='ltr'>commoveris,</span> <span class='ocrx_word' id='word_1_155' title='bbox 1106 1429 1237 1472; x_wconf 84' lang='lat' dir='ltr'>quam</span> <span class='ocrx_word' id='word_1_156' title='bbox 1258 1414 1290 1456; x_wconf 92' lang='lat' dir='ltr'>si</span> <span class='ocrx_word' id='word_1_157' title='bbox 1307 1430 1404 1458; x_wconf 87' lang='lat' dir='ltr'>cum</span> <span class='ocrx_word' id='word_1_158' title='bbox 1421 1414 1532 1457; x_wconf 88' lang='lat' dir='ltr'>mul-</span> 
     </span>
     <span class='ocr_line' id='line_1_21' title="bbox 123 1485 1579 1546; baseline -0.001 -14"><span class='ocrx_word' id='word_1_159' title='bbox 123 1489 176 1532; x_wconf 83' lang='lat' dir='ltr'>tis</span> <span class='ocrx_word' id='word_1_160' title='bbox 202 1488 268 1532; x_wconf 78' lang='lat' dir='ltr'>vel</span> <span class='ocrx_word' id='word_1_161' title='bbox 298 1488 516 1531; x_wconf 74' lang='lat' dir='ltr'>indoctis?</span> <span class='ocrx_word' id='word_1_162' title='bbox 540 1489 724 1539; x_wconf 87' lang='lat' dir='ltr'>Nonne,</span> <span class='ocrx_word' id='word_1_163' title='bbox 756 1503 892 1546; x_wconf 89' lang='lat' dir='ltr'>quum</span> <span class='ocrx_word' id='word_1_164' title='bbox 922 1486 1063 1546; x_wconf 80' lang='lat' dir='ltr'>surgis</span> <span class='ocrx_word' id='word_1_165' title='bbox 1089 1485 1141 1528; x_wconf 87' lang='lat' dir='ltr'>ad</span> <span class='ocrx_word' id='word_1_166' title='bbox 1171 1486 1412 1545; x_wconf 80' lang='lat' dir='ltr'>agendum,</span> <span class='ocrx_word' id='word_1_167' title='bbox 1439 1497 1532 1530; x_wconf 86' lang='lat' dir='ltr'>tum</span> <span class='ocrx_word' id='word_1_168' title='bbox 1559 1508 1579 1535; x_wconf 70' lang='lat'><strong>9</strong></span> 
     </span>
     <span class='ocr_line' id='line_1_22' title="bbox 122 1559 1535 1621; baseline -0.001 -17"><span class='ocrx_word' id='word_1_169' title='bbox 122 1563 308 1606; x_wconf 83' lang='lat' dir='ltr'>maxime</span> <span class='ocrx_word' id='word_1_170' title='bbox 334 1562 414 1606; x_wconf 86' lang='lat' dir='ltr'>tibi</span> <span class='ocrx_word' id='word_1_171' title='bbox 442 1562 533 1621; x_wconf 88' lang='lat' dir='ltr'>ipse</span> <span class='ocrx_word' id='word_1_172' title='bbox 559 1560 743 1615; x_wconf 82' lang='lat' dir='ltr'>diffidis,</span> <span class='ocrx_word' id='word_1_173' title='bbox 775 1569 866 1602; x_wconf 87' lang='lat' dir='ltr'>tum</span> <span class='ocrx_word' id='word_1_174' title='bbox 895 1568 1185 1613; x_wconf 83' lang='lat' dir='ltr'>commutata,</span> <span class='ocrx_word' id='word_1_175' title='bbox 1211 1576 1299 1602; x_wconf 88' lang='lat' dir='ltr'>non</span> <span class='ocrx_word' id='word_1_176' title='bbox 1326 1559 1423 1603; x_wconf 81' lang='lat' dir='ltr'>dico</span> <span class='ocrx_word' id='word_1_177' title='bbox 1447 1560 1535 1621; x_wconf 57' lang='lat' dir='ltr'>plu&lt;</span> 
     </span>
    </p>
   </div>
   <div class='ocr_carea' id='block_1_8' title="bbox 122 1631 1533 1766">
    <p class='ocr_par' dir='ltr' id='par_1_8' title="bbox 122 1631 1533 1766">
     <span class='ocr_line' id='line_1_23' title="bbox 123 1631 1533 1694; baseline -0.001 -17"><span class='ocrx_word' id='word_1_178' title='bbox 123 1636 257 1690; x_wconf 84' lang='lat' dir='ltr'>rima,</span> <span class='ocrx_word' id='word_1_179' title='bbox 285 1634 358 1678; x_wconf 78' lang='lat' dir='ltr'>sed</span> <span class='ocrx_word' id='word_1_180' title='bbox 385 1634 531 1677; x_wconf 83' lang='lat' dir='ltr'>onmia</span> <span class='ocrx_word' id='word_1_181' title='bbox 556 1632 710 1694; x_wconf 74' lang='lat' dir='ltr'>cupis?</span> <span class='ocrx_word' id='word_1_182' title='bbox 732 1632 898 1692; x_wconf 85' lang='lat' dir='ltr'>Utique</span> <span class='ocrx_word' id='word_1_183' title='bbox 924 1632 957 1674; x_wconf 88' lang='lat' dir='ltr'>si</span> <span class='ocrx_word' id='word_1_184' title='bbox 984 1631 1112 1674; x_wconf 88' lang='lat' dir='ltr'>latior</span> <span class='ocrx_word' id='word_1_185' title='bbox 1139 1648 1289 1686; x_wconf 82' lang='lat' dir='ltr'>scena,</span> <span class='ocrx_word' id='word_1_186' title='bbox 1312 1642 1352 1675; x_wconf 77' lang='lat' dir='ltr'>ot</span> <span class='ocrx_word' id='word_1_187' title='bbox 1372 1649 1533 1677; x_wconf 87' lang='lat' dir='ltr'>corona</span> 
     </span>
     <span class='ocr_line' id='line_1_24' title="bbox 122 1704 1533 1766; baseline 0.001 -17"><span class='ocrx_word' id='word_1_188' title='bbox 122 1707 344 1751; x_wconf 85' lang='lat' dir='ltr'>diffusior:</span> <span class='ocrx_word' id='word_1_189' title='bbox 370 1724 471 1751; x_wconf 80' lang='lat' dir='ltr'>nam</span> <span class='ocrx_word' id='word_1_190' title='bbox 502 1705 596 1749; x_wconf 80' lang='lat' dir='ltr'>illos</span> <span class='ocrx_word' id='word_1_191' title='bbox 626 1721 802 1766; x_wconf 87' lang='lat' dir='ltr'>quoque</span> <span class='ocrx_word' id='word_1_192' title='bbox 830 1704 1026 1748; x_wconf 81' lang='lat' dir='ltr'>sordidos</span> <span class='ocrx_word' id='word_1_193' title='bbox 1054 1704 1329 1766; x_wconf 79' lang='lat' dir='ltr'>pullatosque</span> <span class='ocrx_word' id='word_1_194' title='bbox 1360 1723 1533 1750; x_wconf 77' lang='lat' dir='ltr'>revere-</span> 
     </span>
    </p>
   </div>
   <div class='ocr_carea' id='block_1_9' title="bbox 123 1880 799 2714">
    <p class='ocr_par' dir='ltr' id='par_1_9' title="bbox 123 1880 798 2335">
     <span class='ocr_line' id='line_1_25' title="bbox 172 1880 791 1916; baseline -0.005 -1"><span class='ocrx_word' id='word_1_195' title='bbox 172 1884 203 1915; x_wconf 87' lang='grc'>5.</span> <span class='ocrx_word' id='word_1_196' title='bbox 226 1886 345 1915; x_wconf 83' lang='grc' dir='ltr'><em>Ειίαιη.</em></span> <span class='ocrx_word' id='word_1_197' title='bbox 369 1881 598 1916; x_wconf 73' lang='lat' dir='ltr'>Concedentis</span> <span class='ocrx_word' id='word_1_198' title='bbox 620 1889 681 1914; x_wconf 84' lang='lat' dir='ltr'>est.</span> <span class='ocrx_word' id='word_1_199' title='bbox 708 1880 791 1913; x_wconf 86' lang='lat' dir='ltr'>Vid.</span> 
     </span>
     <span class='ocr_line' id='line_1_26' title="bbox 124 1933 793 1980; baseline -0.003 -13"><span class='ocrx_word' id='word_1_200' title='bbox 124 1933 244 1967; x_wconf 76' lang='lat' dir='ltr'>Index.</span> <span class='ocrx_word' id='word_1_201' title='bbox 268 1935 359 1968; x_wconf 84' lang='lat' dir='ltr'>Male</span> <span class='ocrx_word' id='word_1_202' title='bbox 377 1935 523 1980; x_wconf 78' lang='lat' dir='ltr'>explicat</span> <span class='ocrx_word' id='word_1_203' title='bbox 547 1935 583 1966; x_wconf 84' lang='lat' dir='ltr'>l1.</span> <span class='ocrx_word' id='word_1_204' title='bbox 601 1935 623 1967; x_wconf 95' lang='lat' dir='ltr'>l.</span> <span class='ocrx_word' id='word_1_205' title='bbox 640 1933 733 1967; x_wconf 86' lang='lat' dir='ltr'>Otho</span> <span class='ocrx_word' id='word_1_206' title='bbox 750 1933 793 1966; x_wconf 85' lang='lat' dir='ltr'>ad</span> 
     </span>
     <span class='ocr_line' id='line_1_27' title="bbox 123 1986 793 2032; baseline -0.001 -13"><span class='ocrx_word' id='word_1_207' title='bbox 123 1987 242 2021; x_wconf 80' lang='lat' dir='ltr'>Gifan.</span> <span class='ocrx_word' id='word_1_208' title='bbox 257 1988 438 2020; x_wconf 80' lang='lat' dir='ltr'>Observat.</span> <span class='ocrx_word' id='word_1_209' title='bbox 454 1989 494 2020; x_wconf 88' lang='lat' dir='ltr'>L.</span> <span class='ocrx_word' id='word_1_210' title='bbox 510 1988 550 2020; x_wconf 89' lang='lat' dir='ltr'>L.</span> <span class='ocrx_word' id='word_1_211' title='bbox 565 1999 647 2032; x_wconf 86' lang='lat' dir='ltr'>pag.</span> <span class='ocrx_word' id='word_1_212' title='bbox 664 1986 743 2019; x_wconf 83' lang='lat'>315.</span> <span class='ocrx_word' id='word_1_213' title='bbox 758 1986 793 2019; x_wconf 88' lang='lat' dir='ltr'>S.</span> 
     </span>
     <span class='ocr_line' id='line_1_28' title="bbox 124 2038 794 2072; baseline -0.001 0"><span class='ocrx_word' id='word_1_214' title='bbox 124 2060 169 2064; x_wconf 77' lang='lat'><em>—</em></span> <span class='ocrx_word' id='word_1_215' title='bbox 180 2043 303 2072; x_wconf 82' lang='lat' dir='ltr'>Eadem</span> <span class='ocrx_word' id='word_1_216' title='bbox 316 2043 435 2072; x_wconf 81' lang='lat' dir='ltr'>omnia.</span> <span class='ocrx_word' id='word_1_217' title='bbox 449 2039 533 2072; x_wconf 76' lang='lat' dir='ltr'>Vid.</span> <span class='ocrx_word' id='word_1_218' title='bbox 549 2039 666 2072; x_wconf 84' lang='lat' dir='ltr'>Gifan.</span> <span class='ocrx_word' id='word_1_219' title='bbox 682 2040 705 2072; x_wconf 85' lang='lat' dir='ltr'>l.</span> <span class='ocrx_word' id='word_1_220' title='bbox 722 2039 745 2071; x_wconf 91' lang='lat' dir='ltr'>l.</span> <span class='ocrx_word' id='word_1_221' title='bbox 760 2038 794 2071; x_wconf 87' lang='lat' dir='ltr'>S.</span> 
     </span>
     <span class='ocr_line' id='line_1_29' title="bbox 124 2092 796 2126; baseline -0.003 -2"><span class='ocrx_word' id='word_1_222' title='bbox 124 2113 168 2116; x_wconf 95' lang='lat'><strong>—</strong></span> <span class='ocrx_word' id='word_1_223' title='bbox 180 2095 297 2125; x_wconf 82' lang='lat' dir='ltr'>Iisdem</span> <span class='ocrx_word' id='word_1_224' title='bbox 313 2095 467 2125; x_wconf 79' lang='lat' dir='ltr'>omnibus.</span> <span class='ocrx_word' id='word_1_225' title='bbox 489 2092 628 2126; x_wconf 82' lang='lat' dir='ltr'>Cortius</span> <span class='ocrx_word' id='word_1_226' title='bbox 644 2092 733 2125; x_wconf 89' lang='lat' dir='ltr'>hene</span> <span class='ocrx_word' id='word_1_227' title='bbox 757 2103 796 2123; x_wconf 84' lang='lat' dir='ltr'>ex</span> 
     </span>
     <span class='ocr_line' id='line_1_30' title="bbox 124 2143 798 2190; baseline -0.001 -14"><span class='ocrx_word' id='word_1_228' title='bbox 124 2144 281 2178; x_wconf 86' lang='lat' dir='ltr'>Mediceo</span> <span class='ocrx_word' id='word_1_229' title='bbox 291 2148 319 2177; x_wconf 79' lang='lat' dir='ltr'>si</span> <span class='ocrx_word' id='word_1_230' title='bbox 331 2148 439 2177; x_wconf 80' lang='lat' dir='ltr'>iisdem</span> <span class='ocrx_word' id='word_1_231' title='bbox 456 2147 616 2183; x_wconf 76' lang='lat' dir='ltr'>omnibus,</span> <span class='ocrx_word' id='word_1_232' title='bbox 632 2143 727 2190; x_wconf 90' lang='lat' dir='ltr'>quod</span> <span class='ocrx_word' id='word_1_233' title='bbox 737 2143 798 2175; x_wconf 84' lang='lat' dir='ltr'>mi·</span> 
     </span>
     <span class='ocr_line' id='line_1_31' title="bbox 125 2197 798 2243; baseline -0.001 -14"><span class='ocrx_word' id='word_1_234' title='bbox 125 2210 182 2230; x_wconf 84' lang='lat' dir='ltr'>ror</span> <span class='ocrx_word' id='word_1_235' title='bbox 197 2197 385 2243; x_wconf 82' lang='lat' dir='ltr'>Gierigium</span> <span class='ocrx_word' id='word_1_236' title='bbox 404 2197 606 2242; x_wconf 77' lang='lat' dir='ltr'>neglexisse.</span> <span class='ocrx_word' id='word_1_237' title='bbox 626 2197 709 2229; x_wconf 73' lang='lat' dir='ltr'>Mox</span> <span class='ocrx_word' id='word_1_238' title='bbox 725 2208 798 2228; x_wconf 80' lang='lat' dir='ltr'>Ina-</span> 
     </span>
     <span class='ocr_line' id='line_1_32' title="bbox 126 2250 798 2293; baseline -0.003 -12"><span class='ocrx_word' id='word_1_239' title='bbox 126 2250 185 2281; x_wconf 82' lang='lat' dir='ltr'>liln</span> <span class='ocrx_word' id='word_1_240' title='bbox 201 2261 208 2282; x_wconf 74' lang='grc' dir='ltr'>ζ</span> <span class='ocrx_word' id='word_1_241' title='bbox 226 2253 254 2281; x_wconf 80' lang='lat' dir='ltr'>si</span> <span class='ocrx_word' id='word_1_242' title='bbox 272 2253 372 2282; x_wconf 78' lang='lat' dir='ltr'>multa</span> <span class='ocrx_word' id='word_1_243' title='bbox 388 2260 578 2285; x_wconf 78' lang='lat' dir='ltr'>commutes,</span> <span class='ocrx_word' id='word_1_244' title='bbox 600 2252 627 2281; x_wconf 81' lang='lat' dir='ltr'>si</span> <span class='ocrx_word' id='word_1_245' title='bbox 642 2251 798 2293; x_wconf 77' lang='lat' dir='ltr'>quosdam</span> 
     </span>
     <span class='ocr_line' id='line_1_33' title="bbox 127 2303 285 2335; baseline 0.013 -2"><span class='ocrx_word' id='word_1_246' title='bbox 127 2315 231 2335; x_wconf 72' lang='grc' dir='ltr'><em>ἰονοε.</em></span> <span class='ocrx_word' id='word_1_247' title='bbox 249 2303 285 2335; x_wconf 90' lang='lat' dir='ltr'>S.</span> 
     </span>
    </p>

    <p class='ocr_par' dir='ltr' id='par_1_10' title="bbox 124 2356 799 2714">
     <span class='ocr_line' id='line_1_34' title="bbox 172 2356 799 2399; baseline -0.002 -12"><span class='ocrx_word' id='word_1_248' title='bbox 172 2367 205 2399; x_wconf 79' lang='lat'>7.</span> <span class='ocrx_word' id='word_1_249' title='bbox 225 2359 327 2387; x_wconf 77' lang='lat' dir='ltr'>Tanto</span> <span class='ocrx_word' id='word_1_250' title='bbox 338 2357 520 2397; x_wconf 77' lang='lat' dir='ltr'>diligentius</span> <span class='ocrx_word' id='word_1_251' title='bbox 531 2380 540 2393; x_wconf 91' lang='lat'>,</span> <span class='ocrx_word' id='word_1_252' title='bbox 554 2364 674 2397; x_wconf 79' lang='lat' dir='ltr'>quanto</span> <span class='ocrx_word' id='word_1_253' title='bbox 684 2356 799 2387; x_wconf 72' lang='lat' dir='ltr'>sollici-</span> 
     </span>
     <span class='ocr_line' id='line_1_35' title="bbox 126 2406 798 2452; baseline -0.001 -14"><span class='ocrx_word' id='word_1_254' title='bbox 126 2409 196 2439; x_wconf 71' lang='lat' dir='ltr'>eius.</span> <span class='ocrx_word' id='word_1_255' title='bbox 214 2408 354 2448; x_wconf 81' lang='lat' dir='ltr'>Quanto</span> <span class='ocrx_word' id='word_1_256' title='bbox 370 2407 478 2452; x_wconf 81' lang='lat' dir='ltr'>inagis</span> <span class='ocrx_word' id='word_1_257' title='bbox 492 2406 657 2439; x_wconf 77' lang='lat' dir='ltr'>sollicitus</span> <span class='ocrx_word' id='word_1_258' title='bbox 669 2420 743 2439; x_wconf 81' lang='lat' dir='ltr'>suni</span> <span class='ocrx_word' id='word_1_259' title='bbox 756 2406 798 2439; x_wconf 79' lang='lat' dir='ltr'>de</span> 
     </span>
     <span class='ocr_line' id='line_1_36' title="bbox 124 2458 799 2504; baseline 0.001 -13"><span class='ocrx_word' id='word_1_260' title='bbox 124 2459 257 2504; x_wconf 79' lang='lat' dir='ltr'>judicio</span> <span class='ocrx_word' id='word_1_261' title='bbox 282 2460 492 2499; x_wconf 81' lang='lat' dir='ltr'>amicorum,</span> <span class='ocrx_word' id='word_1_262' title='bbox 514 2472 600 2504; x_wconf 86' lang='lat' dir='ltr'>quos</span> <span class='ocrx_word' id='word_1_263' title='bbox 619 2458 662 2491; x_wconf 82' lang='lat' dir='ltr'>ad</span> <span class='ocrx_word' id='word_1_264' title='bbox 680 2459 799 2492; x_wconf 84' lang='lat' dir='ltr'>recita-</span> 
     </span>
     <span class='ocr_line' id='line_1_37' title="bbox 126 2511 798 2550; baseline 0.001 -7"><span class='ocrx_word' id='word_1_265' title='bbox 126 2512 254 2544; x_wconf 83' lang='lat' dir='ltr'>tionem</span> <span class='ocrx_word' id='word_1_266' title='bbox 266 2511 475 2544; x_wconf 81' lang='lat' dir='ltr'>audiendam</span> <span class='ocrx_word' id='word_1_267' title='bbox 488 2512 688 2550; x_wconf 77' lang='lat' dir='ltr'>convocavi3</span> <span class='ocrx_word' id='word_1_268' title='bbox 702 2520 798 2544; x_wconf 81' lang='lat' dir='ltr'>tanto</span> 
     </span>
     <span class='ocr_line' id='line_1_38' title="bbox 127 2563 795 2608; baseline 0.001 -13"><span class='ocrx_word' id='word_1_269' title='bbox 127 2563 324 2608; x_wconf 76' lang='lat' dir='ltr'>diligentius</span> <span class='ocrx_word' id='word_1_270' title='bbox 351 2563 490 2597; x_wconf 87' lang='lat' dir='ltr'>intendo</span> <span class='ocrx_word' id='word_1_271' title='bbox 522 2565 677 2596; x_wconf 81' lang='lat' dir='ltr'>animuin</span> <span class='ocrx_word' id='word_1_272' title='bbox 689 2589 697 2604; x_wconf 88' lang='lat'>‚</span> <span class='ocrx_word' id='word_1_273' title='bbox 724 2572 795 2596; x_wconf 84' lang='lat' dir='ltr'>tuin</span> 
     </span>
     <span class='ocr_line' id='line_1_39' title="bbox 129 2616 795 2662; baseline 0.002 -14"><span class='ocrx_word' id='word_1_274' title='bbox 129 2624 313 2661; x_wconf 81' lang='lat' dir='ltr'>antequam</span> <span class='ocrx_word' id='word_1_275' title='bbox 333 2616 377 2651; x_wconf 69' lang='lat' dir='ltr'>ad</span> <span class='ocrx_word' id='word_1_276' title='bbox 396 2617 474 2650; x_wconf 81' lang='lat' dir='ltr'>illos</span> <span class='ocrx_word' id='word_1_277' title='bbox 501 2617 610 2650; x_wconf 83' lang='lat' dir='ltr'>affero</span> <span class='ocrx_word' id='word_1_278' title='bbox 630 2617 795 2662; x_wconf 84' lang='lat' dir='ltr'>scriptum</span> 
     </span>
     <span class='ocr_line' id='line_1_40' title="bbox 130 2668 795 2714; baseline 0.002 -14"><span class='ocrx_word' id='word_1_279' title='bbox 130 2681 244 2702; x_wconf 81' lang='lat' dir='ltr'>meum</span> <span class='ocrx_word' id='word_1_280' title='bbox 256 2695 264 2709; x_wconf 87' lang='lat'>‚</span> <span class='ocrx_word' id='word_1_281' title='bbox 280 2678 351 2702; x_wconf 82' lang='lat' dir='ltr'>tum</span> <span class='ocrx_word' id='word_1_282' title='bbox 367 2669 400 2701; x_wconf 88' lang='lat' dir='ltr'>in</span> <span class='ocrx_word' id='word_1_283' title='bbox 422 2670 490 2714; x_wconf 76' lang='lat' dir='ltr'>ipsa</span> <span class='ocrx_word' id='word_1_284' title='bbox 507 2669 721 2705; x_wconf 72' lang='lat' dir='ltr'>recitatione,</span> <span class='ocrx_word' id='word_1_285' title='bbox 739 2668 795 2701; x_wconf 84' lang='lat' dir='ltr'>ubi</span> 
     </span>
    </p>
   </div>
   <div class='ocr_carea' id='block_1_10' title="bbox 326 2728 362 2770">
    <p class='ocr_par' dir='ltr' id='par_1_11' title="bbox 326 2728 362 2770">
     <span class='ocr_line' id='line_1_41' title="bbox 326 2728 362 2770; baseline -0.056 0"><span class='ocrx_word' id='word_1_286' title='bbox 326 2728 362 2770; x_wconf 90' lang='lat' dir='ltr'>I.</span> 
     </span>
    </p>
   </div>
   <div class='ocr_carea' id='block_1_11' title="bbox 858 1881 1536 2713">
    <p class='ocr_par' dir='ltr' id='par_1_12' title="bbox 858 1881 1534 1979">
     <span class='ocr_line' id='line_1_42' title="bbox 858 1881 1534 1928; baseline 0.007 -16"><span class='ocrx_word' id='word_1_287' title='bbox 858 1881 1016 1921; x_wconf 81' lang='lat' dir='ltr'>observo,</span> <span class='ocrx_word' id='word_1_288' title='bbox 1029 1881 1113 1925; x_wconf 89' lang='lat' dir='ltr'>quid</span> <span class='ocrx_word' id='word_1_289' title='bbox 1128 1882 1280 1927; x_wconf 84' lang='lat' dir='ltr'>placeat,</span> <span class='ocrx_word' id='word_1_290' title='bbox 1292 1883 1374 1928; x_wconf 75' lang='lat' dir='ltr'>quicl</span> <span class='ocrx_word' id='word_1_291' title='bbox 1389 1884 1534 1917; x_wconf 68' lang='lat' dir='ltr'>frontem</span> 
     </span>
     <span class='ocr_line' id='line_1_43' title="bbox 860 1932 1261 1979; baseline 0.007 -15"><span class='ocrx_word' id='word_1_292' title='bbox 860 1932 925 1965; x_wconf 85' lang='lat' dir='ltr'>illis</span> <span class='ocrx_word' id='word_1_293' title='bbox 946 1941 1125 1979; x_wconf 82' lang='lat' dir='ltr'>corruget,</span> <span class='ocrx_word' id='word_1_294' title='bbox 1139 1942 1204 1967; x_wconf 85' lang='lat' dir='ltr'>etc.</span> <span class='ocrx_word' id='word_1_295' title='bbox 1218 1934 1261 1967; x_wconf 90' lang='lat' dir='ltr'>G.</span> 
     </span>
    </p>

    <p class='ocr_par' dir='ltr' id='par_1_13' title="bbox 861 1987 1535 2083">
     <span class='ocr_line' id='line_1_44' title="bbox 908 1987 1535 2027; baseline 0.006 -10"><span class='ocrx_word' id='word_1_296' title='bbox 908 1989 941 2018; x_wconf 83' lang='lat'>8.</span> <span class='ocrx_word' id='word_1_297' title='bbox 963 1989 1180 2019; x_wconf 65' lang='lat' dir='ltr'>commoveris.</span> <span class='ocrx_word' id='word_1_298' title='bbox 1203 1987 1418 2020; x_wconf 73' lang='lat' dir='ltr'>perturbaris</span> <span class='ocrx_word' id='word_1_299' title='bbox 1433 2014 1441 2027; x_wconf 91' lang='lat'>,</span> <span class='ocrx_word' id='word_1_300' title='bbox 1471 1997 1535 2021; x_wconf 80' lang='lat' dir='ltr'>tre-</span> 
     </span>
     <span class='ocr_line' id='line_1_45' title="bbox 861 2037 1027 2083; baseline 0 -13"><span class='ocrx_word' id='word_1_301' title='bbox 861 2037 972 2083; x_wconf 79' lang='lat' dir='ltr'>pidas.</span> <span class='ocrx_word' id='word_1_302' title='bbox 993 2039 1027 2072; x_wconf 92' lang='lat' dir='ltr'>S.</span> 
     </span>
    </p>

    <p class='ocr_par' dir='ltr' id='par_1_14' title="bbox 862 2091 1536 2343">
     <span class='ocr_line' id='line_1_46' title="bbox 910 2091 1535 2135; baseline 0.005 -13"><span class='ocrx_word' id='word_1_303' title='bbox 910 2104 942 2133; x_wconf 86' lang='lat'>9.</span> <span class='ocrx_word' id='word_1_304' title='bbox 962 2093 1084 2134; x_wconf 76' lang='lat' dir='ltr'>Utique.</span> <span class='ocrx_word' id='word_1_305' title='bbox 1109 2091 1208 2124; x_wconf 78' lang='lat' dir='ltr'>Certe</span> <span class='ocrx_word' id='word_1_306' title='bbox 1223 2117 1231 2131; x_wconf 91' lang='lat'>,</span> <span class='ocrx_word' id='word_1_307' title='bbox 1251 2095 1447 2135; x_wconf 58' lang='lat' dir='ltr'>wenigstens.</span> <span class='ocrx_word' id='word_1_308' title='bbox 1474 2094 1535 2125; x_wconf 78' lang='grc' dir='ltr'>ΡΗ-</span> 
     </span>
     <span class='ocr_line' id='line_1_47' title="bbox 863 2144 1536 2188; baseline 0.001 -12"><span class='ocrx_word' id='word_1_309' title='bbox 863 2144 940 2176; x_wconf 83' lang='lat' dir='ltr'>nius</span> <span class='ocrx_word' id='word_1_310' title='bbox 957 2144 1003 2183; x_wconf 82' lang='lat' dir='ltr'>V,</span> <span class='ocrx_word' id='word_1_311' title='bbox 1033 2156 1068 2188; x_wconf 81' lang='grc'>7,</span> <span class='ocrx_word' id='word_1_312' title='bbox 1101 2156 1132 2176; x_wconf 78' lang='lat'>2.</span> <span class='ocrx_word' id='word_1_313' title='bbox 1159 2145 1242 2175; x_wconf 67' lang='grc' dir='ltr'><em>ΛΙιἹιί</em></span> <span class='ocrx_word' id='word_1_314' title='bbox 1261 2154 1367 2176; x_wconf 72' lang='lat' dir='ltr'>anum</span> <span class='ocrx_word' id='word_1_315' title='bbox 1396 2147 1536 2188; x_wconf 71' lang='lat' dir='ltr'>(hfimcei</span> 
     </span>
     <span class='ocr_line' id='line_1_48' title="bbox 862 2198 1530 2240; baseline 0 -12"><span class='ocrx_word' id='word_1_316' title='bbox 862 2199 1014 2228; x_wconf 67' lang='lat' dir='ltr'>voluntas</span> <span class='ocrx_word' id='word_1_317' title='bbox 1025 2220 1031 2226; x_wconf 92' lang='lat'>.</span> <span class='ocrx_word' id='word_1_318' title='bbox 1047 2220 1053 2226; x_wconf 89' lang='lat'>.</span> <span class='ocrx_word' id='word_1_319' title='bbox 1071 2221 1077 2226; x_wconf 90' lang='lat'>.</span> <span class='ocrx_word' id='word_1_320' title='bbox 1095 2221 1100 2227; x_wconf 89' lang='lat'>.</span> <span class='ocrx_word' id='word_1_321' title='bbox 1118 2220 1124 2226; x_wconf 93' lang='lat'>.</span> <span class='ocrx_word' id='word_1_322' title='bbox 1141 2220 1148 2227; x_wconf 95' lang='lat'>.</span> <span class='ocrx_word' id='word_1_323' title='bbox 1164 2220 1170 2227; x_wconf 97' lang='lat'>.</span> <span class='ocrx_word' id='word_1_324' title='bbox 1188 2220 1194 2226; x_wconf 90' lang='lat'>.</span> <span class='ocrx_word' id='word_1_325' title='bbox 1205 2198 1452 2240; x_wconf 71' lang='lat' dir='ltr'>unliqut&#39;ors&#39;ure</span> <span class='ocrx_word' id='word_1_326' title='bbox 1469 2209 1530 2233; x_wconf 64' lang='lat' dir='ltr'>mc,</span> 
     </span>
     <span class='ocr_line' id='line_1_49' title="bbox 865 2250 1533 2291; baseline 0.001 -12"><span class='ocrx_word' id='word_1_327' title='bbox 865 2250 972 2291; x_wconf 77' lang='lat' dir='ltr'>ntique</span> <span class='ocrx_word' id='word_1_328' title='bbox 982 2250 1012 2279; x_wconf 79' lang='grc' dir='ltr'>ιἰι</span> <span class='ocrx_word' id='word_1_329' title='bbox 1031 2261 1085 2285; x_wconf 78' lang='lat' dir='ltr'>eo,</span> <span class='ocrx_word' id='word_1_330' title='bbox 1103 2250 1192 2290; x_wconf 72' lang='lat' dir='ltr'>quod</span> <span class='ocrx_word' id='word_1_331' title='bbox 1205 2250 1252 2279; x_wconf 81' lang='lat' dir='ltr'>ml</span> <span class='ocrx_word' id='word_1_332' title='bbox 1267 2262 1462 2279; x_wconf 75' lang='lat' dir='ltr'>communem</span> <span class='ocrx_word' id='word_1_333' title='bbox 1475 2263 1533 2291; x_wconf 76' lang='lat' dir='ltr'>pa·</span> 
     </span>
     <span class='ocr_line' id='line_1_50' title="bbox 866 2302 1310 2343; baseline 0.002 -12"><span class='ocrx_word' id='word_1_334' title='bbox 866 2303 960 2333; x_wconf 80' lang='lat' dir='ltr'>triam</span> <span class='ocrx_word' id='word_1_335' title='bbox 976 2303 1260 2343; x_wconf 55' lang='lat' dir='ltr'>‘voluitpemreniso.</span> <span class='ocrx_word' id='word_1_336' title='bbox 1278 2302 1310 2334; x_wconf 90' lang='lat' dir='ltr'>S.</span> 
     </span>
    </p>

    <p class='ocr_par' dir='ltr' id='par_1_15' title="bbox 864 2353 1534 2713">
     <span class='ocr_line' id='line_1_51' title="bbox 912 2353 1533 2395; baseline 0.003 -12"><span class='ocrx_word' id='word_1_337' title='bbox 912 2373 956 2378; x_wconf 90' lang='lat'>—</span> <span class='ocrx_word' id='word_1_338' title='bbox 967 2355 1183 2395; x_wconf 72' lang='lat' dir='ltr'>Pullatosqne,</span> <span class='ocrx_word' id='word_1_339' title='bbox 1205 2355 1320 2384; x_wconf 77' lang='lat' dir='ltr'>Tunica</span> <span class='ocrx_word' id='word_1_340' title='bbox 1330 2356 1422 2395; x_wconf 75' lang='lat' dir='ltr'>pulla</span> <span class='ocrx_word' id='word_1_341' title='bbox 1436 2353 1533 2385; x_wconf 74' lang='lat' dir='ltr'>inilu-</span> 
     </span>
     <span class='ocr_line' id='line_1_52' title="bbox 864 2403 1529 2450; baseline 0.002 -13"><span class='ocrx_word' id='word_1_342' title='bbox 864 2413 936 2445; x_wconf 85' lang='lat' dir='ltr'>tos,</span> <span class='ocrx_word' id='word_1_343' title='bbox 957 2403 1050 2450; x_wconf 80' lang='lat' dir='ltr'>quod</span> <span class='ocrx_word' id='word_1_344' title='bbox 1069 2406 1170 2437; x_wconf 76' lang='lat' dir='ltr'>Verri</span> <span class='ocrx_word' id='word_1_345' title='bbox 1192 2404 1308 2450; x_wconf 79' lang='lat' dir='ltr'>objicit</span> <span class='ocrx_word' id='word_1_346' title='bbox 1329 2405 1449 2437; x_wconf 77' lang='lat' dir='ltr'>Cicero</span> <span class='ocrx_word' id='word_1_347' title='bbox 1469 2407 1529 2442; x_wconf 74' lang='lat' dir='ltr'>lv.</span> 
     </span>
     <span class='ocr_line' id='line_1_53' title="bbox 868 2457 1534 2502; baseline -0.002 -12"><span class='ocrx_word' id='word_1_348' title='bbox 868 2463 921 2498; x_wconf 53' lang='lat'>24.</span> <span class='ocrx_word' id='word_1_349' title='bbox 942 2459 1145 2502; x_wconf 71' lang='lat' dir='ltr'>Opportune</span> <span class='ocrx_word' id='word_1_350' title='bbox 1166 2458 1220 2490; x_wconf 69' lang='lat' dir='ltr'>lm·</span> <span class='ocrx_word' id='word_1_351' title='bbox 1247 2457 1399 2489; x_wconf 76' lang='lat' dir='ltr'>laudavit</span> <span class='ocrx_word' id='word_1_352' title='bbox 1426 2458 1534 2491; x_wconf 68' lang='lat' dir='ltr'>Cella-</span> 
     </span>
     <span class='ocr_line' id='line_1_54' title="bbox 866 2509 1534 2554; baseline -0.001 -11"><span class='ocrx_word' id='word_1_353' title='bbox 866 2511 936 2543; x_wconf 87' lang='lat' dir='ltr'>rius</span> <span class='ocrx_word' id='word_1_354' title='bbox 950 2512 1090 2544; x_wconf 78' lang='lat' dir='ltr'>Sueton.</span> <span class='ocrx_word' id='word_1_355' title='bbox 1105 2511 1282 2554; x_wconf 67' lang='lat' dir='ltr'>Ang.c:1p.</span> <span class='ocrx_word' id='word_1_356' title='bbox 1302 2509 1362 2541; x_wconf 71' lang='lat' dir='ltr'>xl,</span> <span class='ocrx_word' id='word_1_357' title='bbox 1373 2535 1381 2549; x_wconf 89' lang='lat'>‚</span> <span class='ocrx_word' id='word_1_358' title='bbox 1398 2510 1534 2553; x_wconf 74' lang='lat' dir='ltr'>ubisml-</span> 
     </span>
     <span class='ocr_line' id='line_1_55' title="bbox 866 2562 1533 2608; baseline 0 -13"><span class='ocrx_word' id='word_1_359' title='bbox 866 2567 1002 2596; x_wconf 80' lang='lat' dir='ltr'>latorum</span> <span class='ocrx_word' id='word_1_360' title='bbox 1015 2576 1076 2608; x_wconf 74' lang='lat' dir='ltr'>pro</span> <span class='ocrx_word' id='word_1_361' title='bbox 1090 2563 1255 2596; x_wconf 68' lang='lat' dir='ltr'>concion&lt;-</span> <span class='ocrx_word' id='word_1_362' title='bbox 1269 2565 1369 2593; x_wconf 62' lang='grc' dir='ltr'>[ιιι-ῥα)</span> <span class='ocrx_word' id='word_1_363' title='bbox 1382 2562 1533 2607; x_wconf 77' lang='lat' dir='ltr'>indigna—</span> 
     </span>
     <span class='ocr_line' id='line_1_56' title="bbox 865 2615 1533 2659; baseline -0.001 -11"><span class='ocrx_word' id='word_1_364' title='bbox 865 2624 920 2648; x_wconf 86' lang='lat' dir='ltr'>tur</span> <span class='ocrx_word' id='word_1_365' title='bbox 942 2618 1129 2659; x_wconf 80' lang='lat' dir='ltr'>Augustus.</span> <span class='ocrx_word' id='word_1_366' title='bbox 1152 2615 1259 2646; x_wconf 80' lang='lat' dir='ltr'>Multa</span> <span class='ocrx_word' id='word_1_367' title='bbox 1287 2615 1331 2646; x_wconf 84' lang='lat' dir='ltr'>ibi</span> <span class='ocrx_word' id='word_1_368' title='bbox 1347 2640 1354 2653; x_wconf 89' lang='lat'><strong><em>‚</em></strong></span> <span class='ocrx_word' id='word_1_369' title='bbox 1384 2623 1414 2646; x_wconf 75' lang='lat' dir='ltr'>et</span> <span class='ocrx_word' id='word_1_370' title='bbox 1441 2615 1533 2648; x_wconf 81' lang='lat' dir='ltr'>hunc</span> 
     </span>
     <span class='ocr_line' id='line_1_57' title="bbox 865 2666 1530 2713; baseline -0.005 -13"><span class='ocrx_word' id='word_1_371' title='bbox 865 2669 977 2713; x_wconf 67' lang='lat' dir='ltr'>ipsum</span> <span class='ocrx_word' id='word_1_372' title='bbox 994 2668 1105 2700; x_wconf 67' lang='lat' dir='ltr'>lovum</span> <span class='ocrx_word' id='word_1_373' title='bbox 1124 2666 1215 2700; x_wconf 63' lang='lat' dir='ltr'>dedit</span> <span class='ocrx_word' id='word_1_374' title='bbox 1235 2667 1467 2700; x_wconf 61' lang='lat' dir='ltr'>Casanbonus.</span> <span class='ocrx_word' id='word_1_375' title='bbox 1488 2666 1530 2701; x_wconf 78' lang='lat' dir='ltr'>G,</span> 
     </span>
    </p>
   </div>
   <div class='ocr_carea' id='block_1_12' title="bbox 1287 2738 1340 2785">
    <p class='ocr_par' dir='ltr' id='par_1_16' title="bbox 1287 2738 1340 2785">
     <span class='ocr_line' id='line_1_58' title="bbox 1287 2738 1340 2785; baseline 0 -34"><span class='ocrx_word' id='word_1_376' title='bbox 1287 2738 1340 2785; x_wconf 71' lang='lat'>‘27</span> 
     </span>
    </p>
   </div>
  </div>
 </body>
</html>
