1742 2989
189 204 276 248 232

593 208 639 249 e.
676 206 897 271 PL1N151
931 210 1054 252 LIB.
1092 211 1175 254 lv.

140 295 158 327 3
187 284 327 347 peto].
362 288 564 332 Proxime
590 305 727 349 quum
765 291 809 334 in
846 293 989 352 patria
1024 308 1120 336 mea
1157 291 1245 350 fui,
1279 294 1399 337 venit
1435 293 1488 337 ad
1517 310 1585 338 me

185 357 461 403 salutandum
493 362 726 422 municipis
753 364 839 406 mei
868 364 980 409 filius
1011 375 1304 426 praetextatus.
1344 367 1458 410 Huic
1488 383 1585 427 eg0‚

185 431 383 476 Studes?
414 435 608 495 inquam.
647 437 914 497 Respondit,
948 440 1117 483 Etiam.
1158 439 1279 483 Ubi?
1317 440 1583 484 Mediolani,

188 506 279 549 Cur
300 523 388 550 nou
411 507 521 552 lu'c?
539 511 596 552 Et
622 519 746 569 pater
771 511 888 571 ejus,
910 521 1003 554 erat
1028 513 1143 555 enim
1170 528 1277 568 una,
1301 522 1432 573 atque
1454 513 1585 556 etiam

186 580 278 639 ipse
311 580 553 626 adduxerat
590 600 802 644 puerum,
843 586 962 642 Quia
994 585 1140 629 nullos
1169 585 1239 628 lu'c
1280 596 1586 647 proeceplores

139 656 160 696 4
186 651 410 698 habemus.
437 657 588 713 Quare
617 657 765 701 nullos
779 658 802 700 Ρ
820 659 945 703 Nam
974 658 1252 703 vehementer
1273 663 1483 703 intererat
1505 675 1584 702 ve-

184 739 303 782 stra,
337 733 420 787 qui
439 741 601 792 patres
631 734 735 775 estis
767 730 782 784 (
798 741 839 774 et
873 741 1122 793 opportune
1161 732 1406 794 complures
1443 741 1587 792 patres

185 799 478 862 audiebant),
509 803 668 847 liberos
697 816 869 848 vestros
893 805 965 850 lzc'c
980 809 1269 867 potissimum
1292 806 1472 850 discere.
1506 805 1591 849 Ubi

185 877 302 916 enim
332 885 420 918 cazat
431 875 685 933 jucundius
712 891 1012 935 morarentur,
1048 896 1184 939 quam
1218 884 1261 923 uz
1282 880 1480 941 putria?
1506 891 1592 923 aut

177 946 387 1006 pudicius
409 952 758 1007 continerentur,
780 968 917 1014 quam
942 953 1024 997 sub
1052 955 1190 997 oculis
1208 953 1483 1016 pareutum?
1506 964 1594 996 aut

141 1028 158 1062 5
185 1024 355 1064 minore
378 1034 580 1084 sumptu,
609 1041 745 1084 quam
770 1025 922 1070 domi?
950 1027 1226 1084 Quantulum
1251 1038 1318 1070 esc
1339 1041 1446 1085 ergo
1462 1061 1473 1079 ,
1497 1026 1588 1070 col-

186 1095 282 1138 latu
299 1101 521 1158 pecunia,
546 1098 792 1143 conducere
805 1111 1111 1162 praeceptores
1125 1100 1147 1143 ‚³
1169 1099 1379 1159 quodque
1403 1115 1520 1143 nuuc
1545 1102 1590 1142 [12

186 1239 277 1272 mine
292 1240 409 1273 abesse
424 1242 497 1274 vult
511 1242 649 1276 Cortius
663 1269 671 1283 ‚
687 1243 781 1289 quod
795 1257 857 1290 pu-

186 1291 297 1325 tidum
318 1293 446 1326 faciant
458 1295 619 1329 Plinium.
637 1303 688 1343 Τῷ
705 1292 738 1331 δ’
752 1301 855 1345 ἕτερον

187 1346 242 1390 μὲν
273 1348 333 1391 ἐγὼ
360 1346 463 1393 Sum,
491 1351 593 1396 ἕτερον
624 1348 658 1383 δ’
677 1352 856 1385 ἀπονεύσω.

186 1398 409 1443 Rogationem
438 1414 536 1434 suam
569 1402 691 1448 quidni
722 1404 757 1436 in
789 1403 857 1437 duo

187 1452 284 1495 quasi
305 1454 417 1499 capita
437 1455 566 1488 tribuat
580 1481 588 1495 ‚
608 1459 639 1488 in
659 1470 789 1489 caussas
805 1472 858 1489 ro-

183 1507 306 1547 gandi,
337 1514 369 1539 et
392 1507 427 1539 in
449 1510 551 1550 ipsum
569 1508 604 1541 id
618 1535 627 1550 ‚
647 1512 737 1551 quod
746 1512 832 1552 petit
843 1517 859 1542 :⁷

186 1557 229 1590 G.
249 1558 382 1591 -—Haec
401 1568 559 1605 suspecta
577 1562 735 1605 quamvis
752 1563 858 1596 verba

186 1609 291 1644 habet
304 1613 403 1645 Rom.
420 1621 453 1646 et
472 1614 617 1647 fortasse
636 1614 759 1648 merito
780 1616 859 1649 reti-

187 1670 258 1696 net.
278 1664 323 1697 H.

236 1717 268 1749 3.
284 1721 439 1752 Proecext.
455 1720 547 1766 Ergo
562 1734 601 1755 ea
617 1721 731 1755 adhuc
747 1730 858 1762 aetate‚

188 1781 257 1813 qua
289 1771 386 1814 pueri
413 1773 590 1805 rhetorum
621 1774 757 1807 scholas
787 1774 859 1807 adi-

188 1821 283 1854 bant.
297 1823 417 1863 Quint.
433 1826 515 1865 XII,
531 1828 565 1865 6,
585 1839 597 1859 1
608 1851 616 1866 ,
630 1834 762 1867 narrat,
777 1839 861 1872 prae-

189 1881 333 1907 textatos
347 1876 420 1920 jam
441 1877 475 1910 in
496 1878 571 1910 foro
591 1879 711 1923 egisse.
730 1880 794 1912 En.
816 1901 861 1904 —

188 1930 268 1970 Ego.
283 1929 335 1962 Sic
349 1937 380 1961 et
391 1931 488 1963 Rom.
503 1931 596 1963 Bene
607 1945 676 1974 ego.
688 1931 733 1964 H.
748 1952 793 1956 —
805 1932 858 1964 Al.

189 1979 335 2013 solemni
343 1983 546 2017 confusione
556 1997 640 2027 ergo.
650 1985 732 2018 8.-
740 1987 861 2016 Medio-

190 2035 268 2065 lani.
287 2035 478 2069 Commode
496 2037 565 2070 huc
588 2036 735 2070 advocat
753 2038 862 2071 Cella-

189 2085 258 2117 rius
271 2087 537 2132 Inscriptionem
552 2102 593 2122 ex
607 2090 708 2122 Grut.
724 2102 759 2134 p.
782 2102 860 2135 177,

192 2143 208 2178 lg
222 2163 229 2177 ‚
241 2152 309 2184 qua
321 2141 375 2173 vel
390 2142 490 2184 urbs,
506 2143 559 2175 vel
576 2155 654 2187 pars
671 2144 744 2188 ejus
756 2146 862 2174 Nova-

190 2205 259 2222 rum
271 2195 466 2227 Athenarum
476 2196 613 2228 nomine
622 2195 806 2228 indicatur.
815 2196 859 2228 G.

244 2249 276 2281 5.
295 2250 490 2288 Quantulum
505 2259 552 2280 cst
564 2262 654 2292 ergo,
674 2256 737 2281 etc,
756 2250 858 2282 Rom.

194 2301 431 2342 «Quantulum
445 2310 493 2334 est
507 2315 601 2347 ergo,
617 2301 744 2335 collata
758 2314 862 2347 pecu-

190 2354 247 2387 nia
272 2353 465 2387 conducere
490 2354 735 2399 praeceptores?
754 2353 863 2400 quod-

191 2419 258 2452 que
283 2420 376 2440 nunc
400 2407 435 2439 in
459 2406 689 2439 habitationes
704 2432 712 2446 ‚
733 2407 768 2439 in
796 2407 862 2439 via-

191 2460 278 2500 tica,
295 2461 330 2493 in
355 2473 412 2501 ea,
433 2461 671 2505 quae'ffleregrc
698 2467 861 2492 emuntur

189 2513 328 2555 (omnia
353 2514 478 2551 auteml
494 2525 635 2558 peregre
652 2520 813 2545 emuntur
827 2514 839 2557 )
852 2537 860 2552 ‚

192 2566 387 2611 impenditis
410 2566 570 2600 addicere
597 2565 854 2598 mercedibus.»

196 2620 262 2652 Ubi
288 2620 392 2665 vulgo
424 2622 564 2662 adjicere
596 2618 756 2651 scribitur
770 2643 778 2656 ‚
807 2618 861 2650 hic

194 2675 341 2703 addit-ere
351 2672 484 2717 reperio
495 2697 504 2713 ‚
515 2684 577 2705 nec
590 2679 715 2703 temere
729 2669 858 2715 rejicio.

195 2721 232 2754 lsl
258 2731 285 2755 ΡΙ
314 2724 490 2756 (jamnaeus
519 2723 679 2757 varianti.¹¹
709 2722 858 2755 lectionis

920 1244 998 1278 Ioco
1024 1244 1228 1291 adscripsit,
1251 1244 1311 1290 qui
1337 1243 1482 1289 explicat
1505 1245 1590 1274 adsi-

918 1312 1022 1342 gnare
1045 1300 1167 1331 salario
1186 1299 1403 1341 praeceptoris.
1427 1296 1476 1328 Ea
1499 1295 1591 1328 enim

923 1354 1034 1383 addici
1067 1351 1232 1384 dicuntur
1247 1376 1256 1391 ,
1292 1362 1367 1395 quae
1403 1349 1452 1381 rei
1485 1347 1590 1381 alicui

922 1404 1165 1450 mancipantur
1176 1429 1184 1444 ‚
1217 1403 1377 1436 dicantur
1390 1427 1398 1442 ‚
1417 1401 1591 1434 destinan-

922 1465 999 1497 tur,
1019 1465 1070 1498 et,
1089 1465 1127 1490 ut
1151 1458 1274 1502 vulgus
1294 1455 1445 1500 loquitur
1458 1479 1466 1494 ,
1486 1453 1591 1498 depu-

921 1517 1051 1542 tantur.
1085 1509 1293 1555 Frequentia
1330 1515 1408 1540 sunt
1442 1509 1594 1539 addicere

923 1565 1037 1601 morti,
1055 1563 1227 1606 supplicio,
1249 1562 1417 1598 vastitati,
1436 1561 1588 1592 servituti.

922 1615 1004 1648 Erat
1023 1623 1056 1648 et
1074 1615 1273 1661 praetorium
1295 1613 1438 1647 verbum
1452 1637 1461 1652 ‚
1483 1624 1592 1657 quum

922 1680 976 1700 res
987 1668 1103 1715 aliqua
1115 1666 1396 1714 adjudicabatur,
1410 1674 1443 1699 et
1455 1664 1594 1710 propria

924 1720 1083 1754 dabatur.
1110 1720 1226 1753 Nihilo
1245 1728 1360 1753 tamen
1379 1718 1491 1751 minus
1510 1718 1595 1760 adji-

924 1788 993 1807 cere
1019 1774 1171 1820 praeferri
1194 1786 1294 1820 posse
1316 1771 1437 1811 video,
1465 1770 1491 1803 si
1517 1781 1595 1801 mer-

924 1830 1013 1859 cedes
1024 1827 1194 1873 intelligas
1205 1852 1213 1867 ‚
1228 1838 1303 1872 quae
1313 1823 1502 1858 Mediolani
1513 1834 1595 1867 prae-

925 1881 1121 1926 ceptoribus
1139 1879 1308 1913 solvendae
1328 1885 1426 1911 erant
1442 1888 1449 1909 τ
1469 1875 1594 1921 quibus

926 1933 953 1965 si
964 1932 1194 1978 adjicerentur
1207 1958 1215 1972 ,
1228 1944 1304 1977 quae
1315 1942 1454 1976 peregre
1464 1929 1595 1972 impen-

925 1985 1039 2019 denda
1062 1993 1159 2019 erant
1173 2010 1181 2026 ‚
1202 1986 1480 2017 Novocomenses
1500 1979 1595 2013 domi

924 2046 1148 2083 przeceptores
1178 2037 1269 2070 alere
1298 2041 1468 2081 poteraut.
1489 2033 1533 2065 H.
1549 2051 1594 2056 ——

925 2093 1024 2123 Recte
1045 2090 1207 2124 intellexit
1231 2090 1386 2121 mercedes
1404 2087 1456 2119 vir
1472 2084 1595 2117 doctis-

925 2144 1042 2176 simus.
1071 2143 1181 2188 Igitur
1206 2143 1345 2185 adjicere
1371 2137 1593 2172 servandum.

926 2198 1095 2229 Caeterum
1107 2194 1252 2228 Romani
1264 2193 1343 2225 libri
1356 2191 1470 2231 lectio,
1480 2190 1507 2223 si
1520 2202 1596 2235 pro-

925 2250 1002 2295 pius
1024 2248 1189 2281 intuearis
1204 2272 1212 2286 ,
1232 2258 1275 2278 ne
1293 2245 1434 2278 varians
1453 2241 1592 2288 quidem

924 2301 1061 2335 videtur
1075 2327 1083 2341 ,
1102 2300 1162 2334 sed
1180 2307 1260 2333 nata
1282 2311 1323 2331 ex
1341 2300 1484 2335 adicere,
1504 2302 1541 2327 ut
1559 2293 1596 2325 li-

924 2355 1030 2387 brarii
1048 2353 1231 2399 saepissime
1254 2365 1317 2397 pro
1348 2352 1487 2393 adjicere
1515 2345 1596 2379 scri-

925 2415 1078 2453 pserunt.
1098 2407 1189 2439 Fons
1207 2404 1262 2437 hic
1281 2414 1436 2436 errorum
1460 2397 1594 2432 uberri-

926 2472 1014 2492 mus.
1029 2459 1099 2492 Vid
1115 2458 1290 2491 Drakenb.
1307 2455 1351 2489 ad
1364 2455 1439 2487 Liv.
1456 2452 1491 2485 II
1502 2477 1510 2491 ‚
1529 2463 1568 2484 10
1585 2475 1594 2489 ‚

926 2524 960 2555 9.
975 2532 1021 2537 -—
1034 2515 1120 2555 Ergo
1140 2510 1233 2543 deest
1251 2510 1285 2542 iu
1301 2507 1457 2540 Mediceo
1471 2529 1480 2544 ,
1495 2504 1596 2548 cujus

927 2564 1128 2597 auctoritate
1141 2562 1278 2596 Cortius
1297 2560 1409 2593 delere
1423 2556 1569 2590 debebat
1583 2566 1591 2586 :

928 2617 996 2649 dici
1014 2617 1066 2649 vix
1085 2623 1216 2661 potest,
1237 2621 1320 2659 quot
1344 2612 1501 2644 locorum
1525 2606 1595 2640 vim

928 2677 960 2702 et
976 2677 1188 2703 venustatem
1205 2666 1310 2711 inepti
1330 2665 1533 2710 glossatorcs
1549 2667 1596 2691 ta-

928 2723 1015 2755 tibur»
1045 2719 1347 2765 conjunctionibus
1376 2711 1594 2748 infercit-’ndis
