1742 2989
523 225 862 268 EPISTOLA
896 225 1064 267 xxii.
1406 216 1486 269 25‘1

99 305 215 365 quod
245 306 398 349 unicus
428 306 566 349 factus
595 315 669 349 est.
695 307 822 351 Nosti
858 308 901 349 in
928 322 1077 350 amore
1111 304 1337 349 moliitiem
1363 307 1494 348 animi
1524 317 1542 350 5

98 379 204 434 mei,
228 379 342 422 nosti
365 388 520 422 metus.
544 380 645 436 Quo
671 381 814 424 minus
840 390 882 424 te
907 380 1057 423 mirari
1083 379 1360 439 opportebit,
1380 379 1497 439 quod

97 451 333 511 plurimum
360 453 535 495 timeam
551 488 561 505 ,
587 453 639 496 de
664 470 752 513 quo
783 453 1021 514 plurimum
1046 469 1184 513 spero,
1199 451 1323 495 Vale.

143 586 175 620 4.
197 582 440 624 Um'cnsfactus.
457 581 632 614 Metuebat
647 582 738 614 enim
751 608 759 621 ‚
826 590 935 627 potest
951 607 959 622 ,
973 594 1036 614 nec
1051 588 1165 613 tamen
1178 581 1281 612 unius
1295 580 1497 625 exemplaris

96 645 138 665 ne
156 634 243 665 sorte
266 634 357 666 hunc
370 635 442 679 jam
458 634 597 666 unicum
615 634 760 668 filiolum
827 634 991 679 suffragio
1017 632 1254 666 damnandum
1281 631 1431 665 videtur.
1451 633 1495 665 H.

95 686 221 718 nimius
235 699 332 719 amor
342 687 459 719 matris
472 712 479 726 ‚
494 695 530 719 ut
541 687 577 719 fit
591 712 599 727 ‚
610 700 760 720 corrum-
825 707 870 712 —-
886 690 1070 723 Desofflus,
1092 685 1184 719 solus
1197 685 1348 719 relictus.
1371 686 1435 718 En.

93 747 199 782 peret.
220 740 260 772 E.
280 760 324 764 -—-
343 741 440 772 Rom.
464 743 559 782 Quod
577 743 685 772 unicus
704 752 758 773 est.
876 743 907 775 5.
924 742 1089 772 mollitiem
1103 742 1205 771 animi
1217 742 1287 771 mei.
1303 741 1399 771 Rom.
1419 742 1490 770 mol*

93 791 331 835 Deestfactzw,
356 793 448 839 quod
475 794 590 827 abesse
620 794 761 839 quidem
828 798 929 827 liciam
949 808 982 827 a.
1002 808 1042 825 m.
1057 793 1100 825 H.

109 918 409 930 mmmmwm
415 921 467 930 ιικ
472 921 1098 932 unmxzwmmwwznzmtswwmmzssxm
1104 922 1255 932 mmmmm
1261 921 1460 931 κΜιιιΜιι
1466 921 1482 930 x

678 1047 898 1103 XXII.

376 1199 477 1235 ‚lunii
500 1199 660 1235 Maurici
681 1200 845 1248 graviter
865 1208 901 1235 et
924 1200 1073 1236 fortiter
1095 1199 1207 1236 (licta.

260 1339 299 1366 C.
338 1339 568 1367 PLINIUS
604 1340 937 1368 SEMPRONIO
975 1340 1120 1368 RUFO
1156 1340 1258 1368 SUO
1295 1340 1328 1367 S.

154 1459 372 1500 INTERFUi
400 1457 610 1516 principis
634 1457 789 1516 optimi
812 1457 1079 1516 cognitioni,
1102 1459 1145 1499 in
1169 1456 1399 1500 consilium
1425 1457 1497 1500 ad-

90 1540 301 1590 sumptus.
330 1530 571 1590 Gymnicus
597 1546 710 1590 agon
737 1530 854 1589 apud
872 1530 1167 1585 Viennenses,
1194 1547 1246 1573 ex
1270 1529 1495 1589 cujusdam

90 1612 377 1657 testamento,
409 1602 722 1646 celebrabatur.
756 1606 886 1647 Hunc
914 1604 1160 1647 Trebonius
1193 1604 1404 1657 Rufinus,
1430 1604 1497 1647 vir

89 1677 289 1737 egregius
315 1677 532 1737 nobisque
558 1677 745 1733 amicus,
771 1677 816 1720 in
841 1677 1125 1721 duumviratu
1150 1694 1228 1720 suo
1254 1676 1495 1720 tollendum

89 1748 442 1810 abolendumque
468 1750 651 1793 curavit.
674 1750 931 1810 Negabatur
957 1766 1009 1793 ex
1034 1751 1294 1794 auctoritate
1319 1749 1494 1810 publica

88 1821 252 1865 fecisse.
282 1824 382 1884 Egit
410 1824 501 1883 ipse
526 1839 722 1867 caussam
750 1840 838 1866 non
867 1825 1012 1867 minus
1042 1823 1246 1876 feliciter,
1269 1840 1400 1883 quam
1427 1822 1495 1866 di-
1524 1842 1539 1861 2

88 1904 211 1937 serte.
229 1895 580 1939 Commendabat
604 1897 843 1953 actionem,
866 1897 984 1957 quod
1010 1906 1219 1957 tanquam
1245 1897 1378 1940 homo
1402 1899 1495 1940 Ro-

87 1983 242 2011 manus
270 1977 312 2011 et
340 1969 483 2012 bonus
514 1970 619 2013 civis
650 1970 694 2012 in
724 1971 902 2030 negotio
930 1987 1008 2014 suo
1034 1981 1205 2015 mature
1235 1980 1278 2013 et
1306 1972 1497 2030 graviter

134 2093 245 2126 XXII.
264 2108 276 2125 1
287 2121 293 2126 .
311 2097 462 2131 Grmnici
475 2108 610 2138 agones,
632 2096 667 2128 in
686 2097 759 2142 qui·
824 2106 896 2128 ratu
909 2099 1092 2129 tollendum.
1105 2098 1209 2130 Abest
1217 2111 1288 2130 suo.
1301 2098 1497 2131 H.-Deest

87 2146 151 2178 bus
161 2146 757 2193 athletaeseupalaestritoeeertabant,
824 2148 859 2181 in
892 2149 968 2183 aliis
996 2163 1135 2195 quoque
1165 2150 1261 2183 libris
1278 2176 1285 2190 ‚
1313 2150 1497 2196 omisitque

88 2205 124 2229 ut
139 2199 252 2231 Romae
266 2224 275 2238 ‚
295 2199 339 2232 ita
357 2207 389 2232 et
410 2199 445 2232 in
464 2201 652 2245 provinciis
675 2213 757 2247 age·
824 2202 973 2235 Cortius.
987 2203 1029 2235 Et
1043 2211 1152 2248 potest
1165 2203 1346 2236 commode
1360 2204 1496 2237 abesse:

86 2251 224 2284 bantur.
250 2252 315 2285 ΕΙ).
331 2273 377 2277 —-
399 2255 540 2292 Vienna,
564 2255 646 2287 urbs
667 2256 757 2288 Allo·
822 2267 911 2301 saepe
930 2263 1045 2288 tamen
1072 2270 1145 2288 suus
1168 2257 1324 2290 additum
1346 2265 1414 2297 cst,
1434 2258 1494 2290 ubi

86 2304 233 2349 brogum
257 2305 292 2338 in
311 2305 424 2338 Gallia
441 2307 658 2341 Narbonensi
672 2334 680 2348 ‚
697 2322 756 2342 co·
824 2316 897 2341 tuto
909 2308 1018 2341 omitti
1028 2309 1207 2353 potuisset.
1218 2310 1301 2344 Vid.
1316 2311 1491 2344 Drakenb.

84 2356 177 2389 Ionia
188 2369 345 2391 romana.
358 2358 478 2391 En.—
490 2363 659 2393 Trebonius
671 2362 759 2394 forte
824 2360 868 2393 ad
884 2361 958 2394 Liv.
977 2362 1048 2402 ΙΙΙ,
1067 2363 1086 2395 8
1101 2387 1110 2403 ,
1126 2363 1159 2395 8.
1177 2363 1211 2397 S.

86 2408 175 2442 idem
190 2435 198 2450 ‚
218 2410 261 2443 ad
281 2423 384 2456 quem
405 2412 491 2444 VIII
503 2438 511 2452 ‚
532 2425 585 2458 ep.
611 2415 663 2447 18.
688 2415 754 2448 En.
872 2429 902 2448 2.
918 2419 1046 2447 Mature
1059 2418 1247 2459 etgravc'ter.
1264 2415 1420 2448 Macroh.
1437 2416 1494 2448 Sa-

131 2483 176 2487 -—-
195 2467 234 2495 In
261 2466 477 2498 duumviratu.
503 2469 693 2498 Dnumvz'ros
722 2467 757 2499 in
824 2475 915 2501 turn.
932 2468 979 2509 V,
1009 2480 1047 2502 1:
1069 2470 1154 2503 Sunt
1168 2495 1176 2509 ,
1196 2469 1327 2514 inquit,
1348 2467 1415 2500 stili
1441 2467 1493 2499 di-

85 2514 228 2549 coloniis
244 2525 275 2549 et
294 2517 490 2563 municipiis
506 2530 545 2550 co
558 2518 635 2551 loco
651 2519 756 2552 fuisse
823 2520 923 2553 cendi
947 2520 1018 2555 duo
1032 2549 1040 2565 ,
1067 2522 1194 2568 dispari
1219 2521 1411 2554 moralitate
1443 2519 1493 2553 ‹li-

86 2566 175 2600 inter
185 2568 490 2616 decuriones,quo
504 2572 536 2603 in
552 2572 679 2605 Senatu
689 2574 755 2605 Ro·
821 2574 921 2606 versi.
947 2575 1047 2609 Unus
1072 2583 1122 2609 est
1149 2586 1291 2607 maturus
1314 2585 1344 2606 et
1364 2576 1491 2616 gravis,

85 2622 534 2666 man0C011sules,notum.
552 2624 756 2657 Laudarunt
822 2626 932 2671 qualis
960 2628 1000 2661 L.
1031 2629 1156 2661 Crasso
1184 2628 1399 2671 assignatur,
1426 2633 1491 2659 etc.

82 2672 155 2716 jam
170 2672 225 2707 hic
244 2675 307 2708 viri
323 2676 417 2709 docti
431 2677 605 2723 Sigonium
624 2676 755 2723 dejure
821 2680 897 2712 Jam
912 2679 954 2713 de
973 2680 1094 2714 eodem
1111 2682 1234 2715 Crasso
1250 2680 1370 2712 Cicero
1386 2680 1491 2711 Bruto

87 2723 164 2757 Ital.
187 2726 238 2758 III
253 2752 261 2766 ‚
283 2733 314 2769 4.
334 2729 529 2763 G.——Rom.
556 2734 590 2762 In
611 2733 753 2763 duumvi-
823 2732 1010 2766 XXXVIII
1033 2746 1039 2766 ς
1063 2733 1231 2779 Equidem
1257 2734 1380 2765 Crasso
1405 2730 1490 2763 nihi!
