1742 2989
575 216 922 260 EPISTOLA
959 217 1041 260 IX.

1470 216 1527 262 25

123 296 404 359 respondeat,
432 297 596 355 Officio
622 306 741 356 togae
769 299 913 342 virilis
935 297 1140 357 intefiu'7·
1167 299 1424 361 sponsalia,
1451 311 1531 343 (cut

122 372 625 433 Jzuptl'asfiequentavz'‚·
647 371 722 413 ille,
742 387 809 414 me
827 371 894 415 acl
906 372 1177 432 sc'gtzaudum
1198 381 1526 426 testamentum,

123 442 195 487 ille
216 447 260 486 z'tz
285 442 644 498 advocationem,
675 442 747 487 ille
773 448 816 488 ίη
843 445 1077 489 consilium
1104 448 1292 505 rogavit.
1316 446 1419 488 Haec
1441 461 1529 505 quo
1555 454 1573 483 3

120 514 189 558 die
220 515 396 571 feceris,
428 516 691 571 necessaria3
718 516 894 573 eadem,
923 518 957 561 si
984 517 1179 579 quotidie
1208 517 1357 561 fecisse
1387 527 1428 561 te
1458 534 1529 561 re—

120 598 271 647 putes,
306 590 453 633 inania
491 589 720 645 videntur,
759 590 898 634 multo
939 592 1076 652 magis
1112 608 1249 652 quum
1289 592 1526 635 secesseris.

119 664 243 706 Tunc
279 664 395 706 enim
436 663 552 706 subit
586 663 864 717 recordatio,
894 665 1020 722 Quot
1054 664 1145 708 (lies
1183 681 1321 724 quam
1334 664 1530 724 fiwgz'clzls

118 735 249 780 rebus
276 736 508 780 absumi?
533 736 667 793 Quod
688 737 833 780 evenit
851 737 958 780 mihi
980 773 990 793 ‚
1014 747 1246 798 postquam
1269 739 1313 780 in
1335 740 1527 782 Lauren·
1555 748 1576 788 4

119 808 211 851 tino
238 825 333 853 meo
356 819 430 853 aut
457 809 554 871 lego
582 809 771 870 aliquid,
796 820 871 854 aut
898 811 1064 865 scribo,
1091 820 1167 855 aut
1194 812 1323 855 etiam
1354 812 1530 871 corpori

117 898 224 926 vaco
240 918 250 936 ‚
271 884 396 943 cujus
422 883 596 927 fulturis
622 884 794 927 animus
818 885 1070 928 sustinetur.
1089 883 1210 928 Nihil
1237 884 1389 939 audio,
1411 883 1529 944 quod
1557 901 1574 932 5

117 954 310 1010 audisse,
337 956 444 1000 nihil
480 957 600 1010 dico,
630 957 750 1018 quod
781 956 937 1001 dixisse
973 959 1184 1018 poeniteat
1213 976 1220 1001 ;
1252 974 1383 1002 nemo
1413 958 1531 1018 apud

117 1045 185 1072 me
211 1046 476 1091 quemquam
504 1030 688 1074 sinistris
709 1031 984 1075 sermonibus
1010 1033 1173 1093 carpit3
1199 1032 1417 1075 neminem
1440 1031 1531 1091 ipse

116 1155 255 1200 genium
270 1164 396 1190 acuant
411 1181 419 1196 ‚
432 1168 545 1201 neque
559 1155 740 1189 honestate
757 1162 790 1188 et

116 1208 319 1242 liberalitate
331 1221 391 1242 sua
405 1208 589 1242 delectent.
601 1208 641 1240 E.
655 1228 700 1232 —
710 1208 790 1240 Meo

115 1260 255 1306 quidem
268 1275 370 1296 sensu
380 1261 524 1295 Gesneri
537 1261 625 1293 ratio
638 1267 787 1305 praestat.

115 1314 206 1346 S.—
224 1317 422 1357 Cunctisque.
445 1315 485 1346 Et
514 1313 703 1359 majoribus
728 1325 789 1346 au-

115 1367 331 1399 ctoritatibus
353 1366 433 1400 nixa
454 1374 503 1399 est
523 1366 596 1398 haec
616 1365 714 1399 lectio
729 1391 737 1405 ,
758 1373 791 1398 et

117 1420 319 1452 sententiam
341 1420 427 1465 parit
446 1419 639 1452 meliorem.
664 1420 789 1450 Cunctis

118 1479 167 1503 est
182 1473 348 1506 universis
364 1472 465 1505 simul
480 1471 635 1516 sumptis.
656 1469 789 1503 Eodem

117 1537 218 1558 sensu
236 1525 360 1571 legitur
379 1535 557 1568 cunctaque
575 1524 611 1556 in
630 1522 789 1557 Mediceo

115 1577 203 1610 libro
218 1604 226 1618 ‚
258 1578 366 1611 intell.
400 1580 484 1610 ratio
500 1592 512 1616 ;
540 1575 634 1622 quod
665 1575 789 1621 probat

114 1630 266 1663 Cortius.
284 1634 468 1674 lanceisque
480 1657 487 1669 ‚
502 1629 679 1675 vulgatum
693 1653 701 1667 ‚
717 1641 788 1661 non

115 1685 157 1714 ita
174 1683 397 1716 commodum
412 1691 473 1715 est.
489 1683 533 1715 G.
551 1703 596 1707 -—-
610 1681 690 1714 Haec
705 1690 788 1727 puto

116 1736 241 1768 rectius
267 1749 301 1769 se
324 1735 478 1775 habere,
503 1747 609 1780 quain
636 1734 788 1767 rationes

115 1800 234 1821 eorum
250 1814 258 1829 ‚
290 1789 348 1833 qui
376 1791 560 1832 junctisque
593 1786 788 1819 defendunt

115 1842 167 1873 vel
189 1841 386 1874 ediderunt.
408 1842 540 1885 Nempe
565 1840 599 1872 in
618 1840 783 1882 pluribus,

117 1894 142 1927 si
155 1897 313 1938 asingulis
328 1894 601 1939 distinguuntur,
615 1895 687 1939 jam
699 1895 788 1926 inest

115 1946 209 1979 notio
224 1950 406 1990 junctorum
420 1973 429 1985 ‚
454 1959 535 1979 nam
556 1945 622 1978 hac
643 1947 787 1992 conjun-

115 1999 226 2032 ctione
258 2000 295 2032 fit
310 2025 318 2039 ,
346 2007 383 2032 ut
410 1998 535 2043 singuli
564 1998 636 2031 dies
668 1998 788 2043 plures

115 2052 211 2085 fiant.
234 2054 346 2084 Cuncti
363 2060 480 2085 autem
499 2053 542 2085 ab
562 2060 710 2098 utroque
729 2052 788 2099 ilglo

115 2117 238 2149 genere
252 2104 439 2144 differunt,
455 2113 605 2149 suntque
620 2105 785 2138 universi.

115 2157 185 2190 Hos
205 2167 332 2190 cunctos
352 2158 454 2191 etiam
474 2157 604 2190 Plinius
625 2158 789 2203 expressit

115 2208 167 2241 his
185 2210 297 2242 verbis
319 2223 326 2242 :
352 2212 380 2242 si
399 2212 541 2253 quotidie
552 2212 671 2254 fecisse
692 2220 720 2242 te
741 2224 788 2242 re-

112 2272 203 2303 putes
221 2275 231 2293 .·
252 2274 332 2294 nam
360 2261 454 2306 quod
480 2262 634 2308 quotidie
662 2263 723 2303 fit,
752 2262 787 2295 id

116 2326 179 2347 nec
197 2313 338 2359 singulis
351 2338 359 2353 ‚
376 2326 439 2346 nec
454 2315 609 2359 pluribus
620 2341 628 2355 ‚
641 2314 700 2348 sed
715 2328 788 2346 cun-

117 2369 173 2398 ctis
197 2366 318 2399 (liebus
341 2366 415 2399 fieri
439 2367 536 2400 solet.
563 2369 604 2401 E.
622 2389 668 2393 —
687 2370 786 2401 Rom.

111 2422 255 2462 pluribus
287 2428 465 2461 cunctaque
493 2434 556 2452 non
585 2431 724 2460 constet,
751 2429 789 2454 ut

117 2472 208 2505 solus
221 2481 383 2517 praeterea
397 2471 586 2505 Mediceus.
603 2474 646 2506 H.
663 2495 708 2499 —
722 2474 789 2506 Pae-

116 2536 159 2556 ne
179 2525 344 2558 assentior
361 2525 478 2558 Cortio
491 2525 583 2558 hanc
602 2525 788 2559 lectionem

117 2576 255 2620 vulgata
274 2576 378 2622 longe
393 2577 582 2610 doctiorem
600 2586 631 2610 et
645 2591 786 2623 prorsus

118 2628 309 2662 Plinianam
322 2629 464 2663 dicenti.
476 2630 529 2664 Sic
545 2631 656 2663 omnis
667 2629 787 2664 dehoc

119 2680 192 2712 loco
209 2680 389 2715 fluctuatio
405 2683 505 2716 facile
521 2682 675 2716 sedatur.
691 2683 787 2724 Quid

117 2732 146 2763 J.
161 2734 201 2764 A.
217 2733 373 2767 Ernestio
387 2735 495 2768 visum
513 2735 614 2768 fuerit
629 2760 637 2776 ,
656 2736 734 2769 vide
749 2736 783 2769 in

853 1155 999 1189 Gesneri
1025 1156 1069 1189 ad
1094 1169 1172 1189 eum
1193 1156 1348 1202 epistola.
1369 1156 1530 1190 Ceterum

854 1207 897 1241 de
910 1209 1112 1243 confusione
1123 1222 1247 1242 vocum
1265 1220 1394 1241 cunctus
1413 1217 1445 1242 et
1456 1211 1532 1253 jun-

854 1271 920 1293 ctus
944 1261 1016 1295 vid.
1034 1263 1208 1295 Drakenb.
1232 1261 1277 1296 ad
1296 1262 1434 1295 Livium
1454 1262 1507 1294 III
1521 1287 1531 1303 ‚

855 1316 897 1346 66
913 1339 921 1353 ‚
948 1316 978 1347 5.
1000 1315 1034 1348 S.

904 1380 933 1399 2.
962 1369 1076 1412 Officio
1095 1377 1178 1411 togoe
1196 1370 1313 1401 virilis.
1335 1368 1450 1409 Quam
1478 1381 1534 1401 so-

854 1418 957 1452 lenne
991 1419 1094 1453 suerit
1116 1445 1124 1460 ‚
1158 1419 1255 1452 illum
1286 1420 1378 1454 diem
1401 1447 1410 1461 ‚
1438 1434 1533 1467 quo,

852 1473 964 1517 posita
984 1481 1145 1519 praetexta
1163 1498 1172 1513 ‚
1192 1473 1326 1506 virilem
1342 1482 1458 1519 togam
1473 1487 1532 1507 seu

852 1538 978 1571 puram
997 1534 1175 1561 sumerent
1189 1551 1197 1566 ‚
1215 1526 1334 1560 officio
1349 1535 1381 1560 et
1395 1528 1534 1560 celebri-

852 1585 921 1612 tate
946 1579 1137 1613 amicorum
1160 1579 1258 1613 obire
1272 1605 1280 1620 ‚
1301 1588 1425 1613 notum
1442 1593 1476 1613 v.
1497 1593 1532 1626 g.

853 1644 891 1663 ex
914 1633 1056 1666 Sueton.
1077 1631 1201 1665 Claud.
1223 1633 1256 1664 II
1277 1644 1284 1664 ι
1312 1637 1339 1664 T
1337 1647 1406 1676 ogoe
1430 1635 1534 1665 virilis

852 1686 904 1716 die
919 1710 926 1722 ‚
950 1688 1036 1716 circa
1062 1687 1201 1716 mediam
1221 1695 1364 1723 noctem,
1393 1687 1460 1718 sine
1487 1699 1534 1717 so-

852 1739 938 1769 lenni
958 1739 1065 1782 officio
1096 1740 1207 1769 lectica
1226 1740 1256 1769 iu
1275 1740 1467 1781 Capitolium
1485 1741 1533 1769 Ια-

854 1800 902 1821 tus
923 1800 977 1822 est.
996 1788 1094 1830 Idem
1116 1797 1236 1823 auctor
1253 1789 1296 1822 de
1319 1790 1477 1835 Caligula
1497 1799 1534 1823 ut

853 1841 1028 1887 peculiare
1055 1849 1152 1874 notat
1181 1855 1212 1875 c.
1242 1843 1273 1876 X
1298 1854 1305 1874 z
1338 1846 1405 1875 l'no
1436 1853 1534 1886 atque

851 1897 962 1926 eodem
979 1897 1031 1927 die
1045 1904 1154 1938 togam
1168 1897 1315 1937 sumpsit,
1337 1898 1532 1938 barbamque

845 1949 955 1990 posuit
971 1961 981 1979 .·
1003 1950 1069 1979 sine
1088 1950 1152 1979 ullo
1170 1949 1310 1986 honore,
1331 1950 1435 1990 qualis
1457 1961 1531 1979 cou-

851 2001 968 2043 tigerat
985 2002 1131 2032 cirocz'nio
1139 2001 1285 2043 fratrum
1304 2003 1379 2043 ejus.
1397 2001 1531 2033 Verum

851 2052 1028 2098 Augustus
1040 2052 1085 2084 ob
1096 2051 1130 2084 id
1145 2052 1257 2097 ipsum
1274 2052 1431 2085 officium
1443 2054 1531 2086 Con·

853 2104 1002 2138 sulatum
1023 2105 1074 2137 bis
1095 2105 1215 2137 sumsit
1234 2131 1242 2144 ,
1265 2123 1278 2135 «ι
1294 2113 1332 2138 ut
1351 2106 1475 2139 Caium
1499 2114 1531 2139 et

851 2158 998 2190 Lucium
1012 2157 1101 2191 filios
1115 2183 1122 2197 ‚
1139 2158 1352 2203 amplissimo
1366 2158 1532 2205 praeditus

852 2211 1056 2256 magistratu
1071 2236 1080 2251 ‚
1098 2223 1158 2243 suo
1175 2224 1350 2256 quemque
1369 2211 1531 2245 tirocinio

852 2263 1039 2297 deduceret
1050 2264 1085 2296 in
1099 2264 1227 2297 forum.
1245 2281 1260 2292 n
1277 2264 1419 2298 Sueton.
1437 2265 1527 2308 Aug.

852 2330 883 2350 c.
902 2317 1033 2350 XXVI.
1054 2316 1097 2349 G.

901 2369 929 2402 3.
941 2371 1077 2413 Frigidis
1091 2371 1193 2407 rebus,
1212 2368 1385 2401 inanibus.
1398 2371 1532 2411 Frigida

853 2429 884 2453 et
908 2424 1020 2454 inania
1036 2422 1152 2469 jungit
1173 2421 1303 2454 Plinius
1323 2421 1389 2460 IV,
1410 2433 1449 2464 17
1470 2446 1478 2460 ,
1495 2427 1527 2462 4.

852 2473 905 2507 Sic
920 2481 953 2506 et
968 2473 1091 2507 Graeci.
1113 2472 1310 2506 Herodotus
1330 2486 1365 2518 p.
1387 2476 1468 2517 715,
1486 2473 1530 2506 de

851 2526 1038 2560 Mardonio
1054 2539 1062 2559 :
1085 2530 1098 2561 ὁ
1117 2525 1155 2561 δὲ
1172 2555 1180 2569 ,
1200 2528 1374 2572 περιχαρὴς
1395 2529 1528 2572 γενόμε-

852 2593 920 2620 νος,
945 2581 998 2615 καὶ
1021 2580 1168 2625 ἐπαρθεὶς
1189 2581 1289 2624 ψυχρῇ
1311 2581 1381 2623 νίκῃ
1395 2603 1404 2619 ,
1426 2581 1525 2617 ἐπῆκε

852 2647 883 2667 κ.
898 2647 928 2667 τ.
945 2639 974 2667 λ.
997 2633 1055 2666 ubi
1075 2633 1244 2677 interpres
1262 2632 1370 2677 perite
1389 2644 1396 2664 τ
1420 2643 1450 2664 ec
1462 2635 1527 2675 fri—

847 2687 927 2727 gida
942 2688 1082 2718 victoria
1096 2689 1208 2718 elatus.
1223 2685 1257 2717 S.

899 2740 929 2770 5.
939 2740 1077 2771 Sim‘scris
1090 2739 1283 2770 sermonibus
1300 2739 1413 2781 carpit.
1425 2737 1477 2771 Sic
1492 2747 1524 2769 et
