1757 2880
0 1796 11 2880 fflfflss
0 1416 3 1789 ——ss—-j—
0 1392 1 1404 ⁴
0 1348 1 1383 ⁴„ss

486 112 576 155 AD
610 112 644 152 J.
682 111 731 153 A.
769 110 1195 175 ERNESTIUM.
1419 133 1538 160 xxxv

187 196 203 228 1
218 221 226 236 ,
249 196 286 237 ὃ,
312 205 369 228 12.
392 194 521 237 Quum
541 192 588 227 de
609 205 763 226 munere
782 192 843 228 hic
863 205 990 228 sermo
1017 193 1084 237 sit,
1112 194 1239 241 placet
1266 194 1362 239 tibi,
1392 198 1540 235 Ernesti

133 254 377 297 doctissime,
400 267 479 289 non
498 253 543 288 ad
566 247 829 297 medicorum,
850 255 897 289 de
917 254 1061 301 quibus
1078 255 1252 302 alioquin
1273 254 1334 293 hic
1353 259 1479 306 agitur
1499 261 1541 296 iu

134 315 299 362 protasi,
321 313 458 361 pilulas
482 315 614 350 referri
634 314 794 350 verbum
824 316 1021 358 imlucere;
1044 316 1109 351 sed
1137 329 1183 351 eo
1204 318 1303 352 sumi
1326 318 1543 365 intellectu,

135 388 213 423 quo
232 376 471 420 inducuntur,
488 377 526 410 h.
545 389 577 411 e.
600 377 891 423 producuntur,
923 378 1199 422 ostenduntur,
1224 381 1541 418 commendantur

131 437 411 484 spectatoribus
426 437 607 472 ludorum
623 438 870 485 publicorum
885 451 1072 486 personae,
1084 439 1243 488 ipsaque
1258 440 1353 476 adeo
1367 454 1539 478 munera:

131 511 329 546 quumque
352 499 474 535 Graeci
497 499 628 535 eadem
649 501 798 535 ratione.
822 500 951 535 dicant
969 507 1125 551 εἰσάγειν,
1154 500 1244 537 inde
1274 502 1328 537 ais
1358 503 1541 550 explicari

133 559 230 596 forte
248 573 327 595 non
344 559 511 596 absurde
528 573 640 610 posse
658 560 787 596 locum
806 562 843 596 in
863 561 1023 610 epistola
1045 561 1093 598 ad
1115 562 1309 608 Hebraeos,
1332 577 1362 607 1,
1381 565 1417 599 6.

183 623 220 663 I,
241 636 278 670 9,
306 635 338 656 1.
360 621 518 657 Praefers
535 621 769 670 junctisque,
791 630 856 659 aut
878 624 1081 667 cunctiswe‚
1103 636 1174 671 pro
1203 624 1353 661 diversa
1382 628 1541 676 opposi—

131 682 244 717 tionis
272 683 420 718 ratione
436 710 446 726 ,
467 696 511 718 ex
532 696 606 732 qua
633 684 793 732 singulis
816 684 1038 733 opponendi
1061 686 1137 721 sint
1160 694 1226 722 aut
1242 690 1374 734 plures
1390 689 1541 731 juncti-

129 757 220 790 (μα’,
245 742 283 779 h.
306 757 339 779 e.
364 745 512 792 plures,
539 744 616 779 etii
640 745 796 793 quidem
818 759 897 781 non
913 746 1078 795 singuli,
1096 747 1162 782 sed
1178 748 1347 796 junctim
1365 749 1543 784 conside-

128 805 222 849 rati,
245 814 310 841 aut
328 808 481 853 plurCS,
503 814 618 855 atque
640 807 736 842 adeo
759 809 907 851 cuncti,
936 807 974 843 h,
1002 821 1032 843 e.
1050 810 1228 844 cunctive.
1256 809 1353 844 Mihi
1373 822 1543 846 crescere

128 866 334 902 videbatur
351 868 489 902 oratio.
515 866 687 916 Singulis
709 868 847 904 diebus
866 881 934 915 per
954 868 1079 904 officia
1100 870 1247 904 urbana
1266 871 1469 906 transactis
1490 871 1542 906 sic

127 928 217 964 satis
235 937 382 965 constat
398 929 520 972 ratio,
542 930 669 964 minus
693 931 1053 977 constatpluribus5
1077 930 1251 965 omnium
1272 931 1429 966 minime
1449 945 1542 966 cun-

126 991 211 1034 ctis,
231 989 269 1026 h.
291 1004 322 1026 e.
344 992 403 1026 vel
423 990 648 1040 simpliciter
665 991 864 1034 omnibus,
885 991 944 1024 vel
961 998 1067 1025 certe
1084 991 1263 1037 pluribus
1279 991 1352 1026 illis
1368 991 1407 1026 in
1424 1005 1542 1027 unam

127 1063 315 1086 summam
333 1051 511 1087 collectis.
533 1053 631 1088 Sunt
648 1051 749 1085 enim
767 1052 910 1094 cuncti,
931 1052 1037 1099 quod
1054 1052 1185 1087 Festus
1206 1060 1242 1087 et
1257 1053 1448 1088 Asconius
1467 1054 1542 1089 do-

127 1121 230 1157 cent,
250 1116 363 1148 sitmtl
383 1126 536 1155 omnes,
560 1112 673 1160 quasi
690 1113 888 1158 conjuncti.

178 1176 207 1217 I,
224 1188 247 1222 ς)
265 1173 316 1218 ,5.
336 1176 409 1209 Pro
426 1175 502 1209 nisi
514 1188 630 1209 unum
648 1173 829 1220 mejubet
847 1174 902 1209 Cl.
920 1173 1154 1209 Arntzenius
1171 1174 1222 1208 ad
1234 1176 1371 1223 Paneg.
1392 1176 1536 1220 XCIV,

130 1235 163 1279 3,
182 1235 305 1283 legere
324 1248 413 1279 nos,
437 1237 512 1270 nisi
529 1243 656 1269 tamen
679 1248 749 1269 me.

179 1296 212 1337 I,
238 1307 294 1340 12,
319 1308 349 1330 1.
371 1298 488 1331 Vetas
509 1308 569 1329 me
591 1294 787 1337 dubitare,
810 1294 872 1330 vir
896 1293 1143 1338 doctissime,
1173 1309 1252 1343 quo
1274 1297 1442 1342 jactura>
1469 1311 1539 1346 ap-

124 1353 280 1401 pellatio
297 1355 496 1404 respiciat,
515 1368 635 1403 quum
653 1355 788 1391 doceat
806 1356 887 1403 ipse
903 1355 1048 1391 Plinius
1061 1357 1112 1399 II,
1132 1370 1165 1401 1,
1183 1370 1241 1392 10.
1259 1362 1307 1393 At
1323 1358 1452 1408 ipsum
1466 1361 1540 1396 hoc

127 1429 259 1464 nempe
281 1416 507 1453 dubitabam
527 1429 598 1465 ego
612 1444 621 1458 ,
644 1424 775 1452 utrum
794 1417 1021 1452 consolandi
1039 1426 1311 1466 argumentum
1329 1419 1444 1455 initio
1465 1433 1538 1470 po-

126 1490 214 1513 nere
235 1477 425 1522 voluerit,
446 1486 483 1513 et
502 1477 543 1513 in
564 1479 670 1514 luctu
690 1478 878 1514 desinere.

177 1540 216 1583 I,
238 1551 299 1583 20,
319 1553 352 1586 7.
374 1540 432 1575 Ad
451 1539 738 1587 subscriptiones
759 1541 951 1575 censorias
973 1539 1035 1574 hic
1056 1540 1192 1587 respici
1214 1548 1352 1587 putas;
1378 1555 1448 1577 nec
1477 1542 1539 1577 in-

125 1601 302 1646 tercedo,
333 1614 455 1650 quum
482 1601 521 1635 in
548 1602 622 1636 hoc
641 1600 846 1637 conveniat
876 1608 913 1635 et
942 1602 1200 1646 accusatoris,
1223 1604 1316 1643 Sin-m
1343 1609 1540 1653 γράφοντος,

123 1663 363 1710 subscriptio,
384 1670 421 1697 et
439 1663 630 1706 censoria,
651 1670 694 1697 ut
716 1674 850 1698 caussa
869 1661 928 1696 vel
948 1661 1094 1697 crimen
1111 1662 1283 1697 breviter
1307 1663 1537 1711 designetur.

178 1724 214 1767 I,
238 1736 301 1767 20,
325 1737 382 1759 10.
406 1725 604 1759 Orationis
625 1723 871 1759 retinendum
892 1735 1046 1767 censes,
1068 1723 1136 1757 ubi
1159 1736 1229 1770 ego
1256 1726 1418 1758 oratoris
1438 1737 1540 1772 prae-

124 1786 209 1820 tuli.
229 1787 364 1833 Neque
385 1785 563 1833 profecto
586 1792 750 1821 temere:
773 1797 909 1831 nempe
933 1784 970 1818 li.
989 1785 1014 1818 l.
1034 1785 1136 1818 actio
1154 1797 1233 1820 non
1255 1785 1540 1827 consideratur,

123 1846 195 1890 ais,
216 1854 407 1897 quatenus
426 1847 474 1882 ab
492 1855 639 1882 oratore
659 1847 822 1894 pendet,
843 1846 910 1881 sed
927 1853 1119 1894 quatenus
1138 1846 1185 1880 ab
1203 1847 1393 1880 oracione:
1407 1847 1539 1882 defen-

122 1907 304 1956 diturque
323 1920 345 1943 a
361 1907 483 1944 Plinio
498 1936 507 1951 ,
527 1919 729 1956 nunquam
750 1908 882 1942 bonam
905 1907 1113 1941 orationem
1135 1919 1219 1942 esse
1243 1908 1320 1942 sine
1349 1908 1446 1943 hona
1473 1921 1540 1943 ac-

123 1970 249 2012 tione;
270 1977 306 2005 et
327 1971 357 2005 si
372 1970 476 2005 bona
495 1970 617 2005 oratio
644 1969 692 2004 sit
718 1968 821 2004 bona
842 1969 993 2004 actione
1013 1968 1223 2012 destituta,
1250 1977 1413 2016 propter
1445 1979 1538 2006 tem-

121 2030 226 2077 poris
246 2030 295 2066 ad
317 2031 507 2080 agendum
531 2030 611 2066 dati
632 2031 849 2079 augusfiae,
873 2030 1017 2078 quihus
1042 2031 1144 2065 actio
1168 2031 1385 2080 frangatur,
1417 2046 1539 2080 quum

123 2091 257 2126 timeat
275 2100 422 2135 orator,
439 2105 486 2128 ne
504 2101 653 2139 tempus
671 2093 929 2128 constitutum
950 2091 1133 2133 excedat,
1155 2106 1232 2129 non
1257 2106 1337 2129 esse
1358 2096 1540 2130 oracionis

123 2152 295 2200 culpam,
316 2166 441 2201 neque
459 2161 668 2201 propterea
691 2153 811 2197 illud,
838 2153 945 2201 quod
964 2162 1149 2202 posuerat
1169 2155 1216 2190 de
1238 2156 1406 2191 naturali
1426 2157 1538 2192 bouae

122 2214 301 2248 oracionis
322 2227 356 2251 et
374 2215 530 2250 actionis
544 2215 817 2262 conjunctione
836 2216 1080 2264 negandum;
1103 2215 1169 2251 sed
1181 2216 1337 2261 judicis.
1358 2218 1539 2253 Praeclare

123 2275 205 2311 ista.
221 2275 296 2311 Sed
309 2275 397 2310 vide
409 2302 418 2316 ,
434 2278 458 2313 ὦ
474 2284 600 2325 φιλότης
612 2307 622 2323 ,
637 2290 713 2324 qua
730 2284 833 2324 parte
853 2289 923 2324 ego
941 2277 1276 2313 consideraverim.
1294 2280 1539 2327 Imaginahar

122 2336 220 2372 hanc
233 2337 394 2385 speciem
412 2365 421 2380 ,
440 2337 596 2374 brevem
610 2339 723 2374 nimis
738 2339 839 2374 diem
857 2339 1106 2374 constitutam
1121 2340 1291 2381 oratori,
1312 2353 1389 2374 non
1406 2341 1537 2376 datum

122 2411 204 2434 esse
234 2407 383 2446 tempus
409 2399 515 2434 domi
543 2400 667 2436 otiose
692 2400 980 2436 commentandi
1009 2409 1045 2435 et
1073 2399 1268 2436 scribendi
1301 2402 1535 2444 orationem,

121 2460 224 2495 unde
245 2460 462 2496 necessario
483 2459 513 2495 ei
535 2460 580 2495 sit
602 2473 645 2495 ex
673 2469 844 2508 tempore
859 2460 1053 2509 agendum
1075 2474 1082 2495 ε
1105 2474 1182 2509 qua
1202 2474 1241 2494 re
1260 2460 1344 2503 fiat,
1369 2469 1409 2496 ut
1439 2464 1537 2497 acti-7

123 2522 231 2565 talis,
253 2522 387 2558 similis
407 2535 488 2558 esse
508 2523 677 2557 orationi
693 2523 911 2569 cuicunque
939 2522 1106 2569 scriptae,
1135 2522 1266 2557 animo
1295 2530 1396 2557 certe
1429 2532 1535 2558 autea

124 2583 419 2631 comprehensae,
437 2597 515 2620 non
534 2584 668 2632 possit.
682 2585 765 2620 Hoc
782 2596 874 2633 crgo
888 2591 968 2619 tum
986 2597 1064 2619 non
1079 2583 1218 2618 accidit·
1236 2584 1346 2630 culpa
1359 2588 1535 2627 orator-³15,

1273 2648 1307 2685 (ἶ
1326 2683 1331 2688 ,
