1742 2989
584 232 632 274 C.
672 231 896 275 PLINII
929 232 1056 275 LIB.
1093 233 1191 276 III.

146 335 166 365 9
191 313 308 372 piam
332 329 355 355 a
374 328 526 366 socru,
549 313 672 373 cujus
697 328 797 357 arca
815 329 904 356 non
926 329 1047 357 secus
1070 329 1119 357 ac
1139 328 1232 356 mea
1260 321 1371 355 utor.
1395 312 1584 355 Proinde

191 384 276 427 hoc
302 395 343 427 te
371 401 461 428 non
486 395 682 441 moveat,
703 387 738 429 si
769 396 923 430 caetera
950 403 1039 429 non
1066 385 1364 446 refragantur,
1387 400 1482 445 quae
1508 401 1584 428 ve-

190 456 264 500 lim
291 474 423 518 quam
448 457 773 518 diligentissime
804 458 1022 502 examines
1045 475 1053 502 z
1083 475 1185 501 nam
1211 474 1347 518 quum
1374 457 1419 499 in
1445 457 1584 500 omni-

188 530 269 574 bus
309 531 466 585 rebus,
493 541 585 574 tuin
626 532 670 574 in
711 530 991 591 disponendis
1028 530 1309 574 facultatibus
1345 528 1583 589 plurimum

200 228 285 290 196

189 603 267 646 tibi
294 612 336 646 et
364 620 467 647 usus
493 613 535 646 et
564 603 846 664 providentiae
866 613 1076 663 superest.
1097 602 1220 647 Vale.

186 738 242 770 bat
260 749 340 770 cum
360 739 510 777 caeteris;
530 750 593 770 nec
612 750 675 782 ego
694 737 849 770 dubitavi

184 802 264 822 cum
279 791 416 835 Bipont.
436 798 467 823 et
480 789 633 835 Gierigio
650 789 737 823 illud
751 802 851 835 repo·

184 855 278 876 nere.
301 844 426 876 Sensus
450 851 499 876 est
517 855 525 875 :
545 855 665 876 omnes
683 855 776 876 meas
799 842 850 875 fa-

184 895 327 928 cultates
350 896 515 929 collocavi
547 894 685 941 quidem
710 896 747 928 in
769 908 851 940 prae-

184 947 268 987 diis,
290 948 441 992 aliquam
468 956 582 981 tamen
610 948 793 994 pecuniam
814 948 849 979 in

916 737 1044 769 foenore
1076 736 1277 769 collocatam
1307 734 1430 768 haheo.
1459 734 1586 768 Gesne-

915 801 993 829 rus,
1020 789 1047 822 si
1062 790 1191 832 foenore
1217 787 1427 821 servandum
1454 788 1514 827 sit,
1538 787 1584 820 ita

915 840 1233 887 interpungendum
1247 841 1406 873 censebat
1425 851 1433 872 ε
1451 840 1583 885 aliquid

916 903 1030 928 tamen
1048 895 1176 927 foenore
1191 919 1199 934 ‚
1220 896 1298 936 (nec
1319 893 1503 926 molestum
1521 893 1585 924 erit

917 947 1082 991 mutuari)
1102 947 1265 991 accipiam
1280 959 1299 979 a
1318 958 1419 979 socru
1435 970 1442 986 ‚
1463 953 1528 977 etc.
1548 945 1582 977 S.

200 1082 313 1093 ωιννι
320 1078 1565 1093 szmxmsmmmmmmxssvvtnxzzzxzmxmntus§mxxzxmmmussu

813 1216 958 1271 XX.

184 1405 225 1436 ln
249 1399 408 1435 comitiis
432 1398 587 1434 moduni
611 1409 679 1446 per
702 1394 857 1432 tabellas
877 1394 1111 1444 suffragandi
1133 1393 1345 1429 restitutum
1368 1401 1516 1437 narrat,
1537 1406 1582 1428 ex

235 1477 310 1512 quo
337 1461 577 1498 incommoda
601 1460 727 1496 futura
749 1466 965 1508 auguratur.
988 1457 1157 1507 Epistola
1180 1469 1255 1494 non
1283 1456 1578 1500 contemnenda,

238 1541 320 1576 quae
339 1535 485 1576 partem
507 1524 741 1573 antiquitatis
760 1535 924 1558 romanae
946 1522 1117 1557 illustrat.
1140 1524 1208 1558 En.

497 1664 535 1692 C.
574 1662 806 1692 PLINIUS
841 1661 1074 1689 MAXIMO
1112 1660 1212 1689 SUO
1249 1661 1282 1687 S.

246 1786 585 1834 MEMINISTlNE,
625 1790 666 1822 te
704 1795 815 1839 saepe
855 1777 1027 1838 legisse,
1061 1787 1246 1838 quantas
1279 1778 1580 1820 contentiones

182 1857 381 1902 excitarit
401 1855 468 1899 lex
484 1852 728 1905 tabellaria,
745 1861 1047 1911 quantumque
1068 1850 1149 1911 ipsi
1170 1849 1315 1903 latori,
1328 1848 1392 1892 vel
1413 1848 1580 1909 gloriae,

140 1955 155 1975 2
181 1930 248 1974 vel
275 1926 625 1990 reprehensionis
645 1923 877 1968 adtulerit?
907 1925 965 1967 At
987 1940 1105 1966 nunc
1126 1924 1171 1965 in
1196 1932 1348 1966 senatu
1374 1924 1465 1966 sine
1492 1921 1579 1965 ulla

182 2004 449 2048 dissensione
482 2001 567 2043 hoc
606 1997 808 2059 quidem,
839 2007 888 2041 ut
922 1997 1161 2057 optimum,
1197 1995 1372 2056 placuit.
1412 1996 1578 2038 Omnes

139 2092 158 2123 3
183 2076 462 2121 comitiorum
482 2072 553 2115 die
570 2070 747 2114 tabellas
765 2069 1106 2131 postulaverunt.
1124 2070 1456 2111 Excesseramus
1476 2082 1577 2110 sane

229 2208 304 2240 XX.
323 2207 432 2239 Inscr.
452 2205 551 2236 Rom.
572 2206 672 2235 Mesio
692 2207 785 2235 Max.
801 2202 845 2235 H.

232 2272 262 2293 1.
285 2264 353 2291 Lex
375 2259 556 2290 tabellaria.
576 2257 625 2288 De
650 2255 821 2301 suffragiis
837 2278 846 2295 ,

182 2312 321 2347 invidiae
334 2309 481 2344 vitandae
497 2321 617 2342 caussa
632 2334 640 2348 ‚
655 2321 725 2341 non
738 2320 823 2341 voce
837 2332 846 2347 ‚

182 2365 242 2399 sed
260 2363 386 2398 tabella
404 2361 555 2395 ferendis
566 2386 574 2401 ,
589 2360 630 2394 de
644 2373 713 2406 qua
731 2360 848 2394 lauda—

182 2427 236 2451 tus
248 2418 303 2451 hic
315 2430 334 2450 a
344 2416 424 2448 viris
432 2414 541 2447 doctis
554 2415 625 2447 Cic.
636 2413 678 2445 de
691 2414 760 2446 LL.
773 2414 846 2452 III,

189 2473 248 2511 15,
270 2483 321 2515 sq.
342 2469 392 2502 De
420 2469 492 2513 ipsa
518 2467 650 2500 ratione
680 2466 847 2511 suffragia

181 2522 314 2557 ferendi
327 2547 335 2562 ‚
351 2520 550 2566 fraudisque
563 2527 596 2552 et
607 2518 798 2558 nectendae,
815 2526 847 2551 et

183 2573 500 2621 ‹lcprehcndendae‚
526 2570 682 2618 quaedam
709 2584 727 2603 a
748 2571 845 2604 nobis

183 2628 353 2673 disputata
382 2634 461 2659 sunt
488 2624 532 2659 ad
544 2626 647 2657 Varr.
669 2623 710 2655 dc
738 2625 775 2656 R.
803 2625 841 2656 n.

184 2681 233 2713 ΠΙ
250 2705 257 2718 ‚
274 2680 312 2719 5,
332 2681 370 2713 18
385 2705 393 2719 ‚
414 2692 446 2724 p.
470 2678 533 2713 335
549 2703 557 2717 ‚
575 2690 625 2721 sq.
644 2676 688 2708 G.

231 2745 260 2766 α.
282 2736 320 2764 In
346 2742 466 2765 senatu.
491 2729 542 2762 Ad
562 2742 661 2775 quein
685 2732 812 2760 comma
829 2743 843 2759 e

913 2216 1024 2245 campo
1045 2204 1201 2234 translata.
1217 2201 1289 2246 J'am
1308 2198 1437 2232 Tiberii
1457 2207 1554 2232 aetate
1567 2225 1577 2240 ‚

913 2263 995 2288 teste
1013 2254 1133 2287 Tacito
1148 2254 1240 2285 Anu.
1257 2254 1272 2285 I
1287 2277 1295 2293 ‚
1317 2253 1354 2286 15
1366 2277 1374 2292 ,
1399 2264 1430 2292 1,
1447 2252 1505 2285 ubi
1520 2252 1578 2284 Li-

913 2309 1007 2353 psius
1042 2306 1209 2353 peculiari
1250 2317 1393 2338 excursu
1408 2329 1416 2345 ,
1451 2305 1577 2350 quibus

911 2360 997 2393 illud
1011 2359 1187 2406 gradibus,
1197 2358 1294 2392 initio
1310 2370 1329 2390 a
1341 2357 1433 2390 Julio
1443 2357 1576 2389 Caesare

913 2413 1003 2446 facto
1017 2438 1025 2453 ‚
1050 2411 1253 2457 contigerit,
1281 2410 1444 2443 declarat.
1465 2408 1507 2441 G.
1530 2429 1575 2433 —

913 2469 982 2497 Hoc
1019 2468 1154 2508 quidem.
1189 2463 1314 2496 Melius
1346 2460 1482 2494 Cortius
1516 2462 1575 2492 hoc

912 2521 995 2550 idem
1007 2531 1045 2551 ex
1058 2518 1155 2550 libris
1170 2516 1238 2549 suis
1252 2515 1478 2558 aliorumque.
1490 2512 1572 2545 Vid.

912 2570 1059 2603 eundem
1071 2569 1116 2603 ad
1125 2569 1282 2603 Ciceron.
1294 2567 1434 2612 ep.VII‚
1450 2576 1503 2608 17,
1521 2576 1571 2597 10.

911 2624 964 2657 Sic
983 2631 1014 2656 et
1040 2622 1121 2655 alibi
1145 2621 1273 2653 librarii
1294 2619 1379 2663 lapsi
1405 2624 1495 2650 sunt.
1516 2617 1570 2649 Cf.

911 2676 1084 2708 Drakenb.
1101 2674 1144 2707 ad
1159 2674 1233 2706 Liv.
1246 2674 1295 2704 VI
1311 2697 1318 2708 .
1337 2684 1376 2703 20
1390 2696 1397 2709 ‚
1419 2683 1471 2703 12.
1491 2669 1524 2703 S.

958 2729 989 2761 3.
1007 2732 1096 2759 Scine.
1127 2727 1289 2760 Nostrum
1300 2724 1447 2767 j}·‹3,rl1'cl1.
1475 2723 1506 2755 S.
1529 2742 1571 2746 --
