1757 2880
613 89 650 129 J.
688 88 747 129 M.
784 87 1102 130 GESNERI.
1452 102 1556 130 xxm<

157 169 352 230 exempla
384 176 639 228 sequentem
670 184 772 210 mox
804 167 1033 211 colluviem
1064 184 1114 210 eo
1146 167 1358 210 sustinere
1393 167 1562 211 facilius

154 254 406 307 potuerunt.
435 245 658 287 Suavitate
685 254 852 300 tecum,
878 243 1169 288 Illustrissime
1195 245 1379 299 Comes,
1405 244 1562 303 agendi

155 331 386 382 provectus
411 319 591 363 modum
617 318 810 380 epistolae
831 321 922 380 jam
945 335 1141 380 egressus
1167 336 1276 363 sum.
1308 319 1392 363 Sed
1418 335 1560 380 neque

153 396 385 440 intercedit
413 405 488 439 tua
526 396 799 450 humanitas,
826 412 912 456 quo
947 395 1092 438 minus
1127 394 1295 455 reliqua
1332 395 1560 455 adjiciam,

152 489 248 532 quae
274 473 318 515 in
346 472 488 515 fronte
514 471 645 531 hujus
671 470 770 514 libri
798 471 981 516 dicenda
1011 470 1173 527 habeo,
1201 488 1384 531 quaeque
1408 488 1460 514 eo
1490 470 1560 514 lu-

152 547 326 591 bentius
353 556 619 608 cognoscent
649 546 831 591 lectores
859 547 1041 608 reliqui,
1067 548 1099 590 si
1126 557 1167 590 te
1192 564 1280 590 una
1300 556 1558 607 praesentem

151 624 274 684 quasi
310 624 458 666 animo
496 640 574 666 suo
609 623 860 668 habuerint.
897 622 1048 680 Quid?
1072 623 1190 684 quod
1216 640 1393 684 possum
1426 624 1557 667 etiam

147 701 194 742 in
214 698 475 760 quibusdam
499 698 554 742 ad
576 700 887 743 conscientiam
908 709 1027 743 tuam
1049 715 1312 759 provocare,
1335 709 1379 742 et
1400 709 1556 743 testem

151 785 219 829 te,
242 776 453 835 majorem
477 777 756 836 exceptione,
777 776 981 819 exhibere
1010 793 1018 818 :
1048 785 1097 820 ut
1122 777 1167 818 in
1193 791 1268 831 eo,
1295 792 1428 836 quam
1447 792 1558 836 saepe

150 853 339 912 optarim
355 887 366 907 ,
383 852 701 913 Panegyricum
718 887 729 907 ,
750 862 797 896 ut
824 869 943 896 nunc
963 868 1169 895 vocamus
1182 888 1193 907 ,
1211 853 1298 896 sive
1317 852 1559 912 gratiarum

150 928 368 971 actionem
391 927 521 972 Plinii
545 929 704 985 nostri,
740 929 980 989 pretiosum
1006 928 1114 972 illud
1141 929 1263 972 istius
1291 929 1370 972 aevi
1398 945 1557 972 monu-

151 1014 376 1060 mentum,
408 1003 679 1047 celeberrimi
717 1005 951 1048 Schwarzii
982 1004 1126 1048 studio
1162 1004 1427 1065 expolitum,
1457 1012 1558 1048 ante

149 1079 348 1138 prodire,
383 1096 517 1139 quam
555 1078 700 1123 denuo
736 1080 867 1133 mihi,
903 1089 1003 1140 post
1034 1096 1215 1140 parvam
1248 1079 1365 1123 illam
1399 1079 1559 1124 editio-

147 1170 275 1206 nem,
298 1171 385 1198 una
408 1171 507 1198 cum
534 1154 748 1215 epistolis,
773 1157 864 1198 sine
891 1172 942 1198 eo
967 1156 1113 1199 minus
1140 1156 1289 1216 gratiae
1314 1156 1556 1213 habituris,

150 1230 436 1290 proferendus
463 1240 583 1274 esset.
609 1230 687 1274 Illa
712 1231 795 1273 viri
822 1230 1061 1275 doctissimi
1088 1232 1312 1275 cunctatio
1340 1231 1433 1292 (sed
1458 1249 1560 1275 cun-

149 1315 291 1350 ctator
306 1307 387 1350 fuit
408 1307 539 1350 etiam
554 1306 732 1366 Fabius)
756 1306 881 1363 facit,
905 1316 953 1350 ut
967 1307 1019 1350 de
1035 1307 1134 1351 fatis
1148 1307 1301 1364 Plinii,
1316 1308 1370 1352 ab
1391 1324 1443 1351 eo
1459 1308 1559 1351 inde

148 1391 368 1443 tempore,
395 1399 483 1442 quo
515 1381 702 1442 publicis
734 1384 848 1443 typis
883 1384 1100 1427 committi
1132 1385 1264 1444 coepit
1293 1385 1559 1446 (conjuncta

150 1458 266 1501 enim
290 1458 379 1501 fere
405 1457 687 1518 epistolarum
713 1467 756 1501 et
780 1459 1038 1519 Panegyrici
1063 1476 1154 1502 sors
1178 1457 1278 1518 fuit)
1307 1459 1447 1520 deque
1471 1477 1560 1503 ma-

150 1535 409 1595 nuscriptis,
431 1535 504 1594 qui
528 1533 671 1577 adhuc
691 1543 885 1590 exstant,
907 1535 1213 1594 supersedeam
1233 1536 1400 1591 dicere,
1421 1553 1559 1596 quum

150 1610 273 1654 facile
303 1610 589 1671 praevideam,
617 1609 814 1670 pleniora
845 1612 993 1654 omnia
1025 1621 1069 1656 et
1101 1612 1289 1655 certiora
1321 1611 1443 1655 illum
1472 1614 1559 1656 suis

151 1703 202 1730 ex
236 1687 450 1731 thesauris
481 1687 583 1731 dare
610 1704 747 1747 posse.
776 1688 887 1744 Quae
923 1688 1075 1731 eadem
1106 1705 1253 1732 caussa
1292 1690 1397 1744 fuit,
1425 1699 1474 1732 ut
1507 1707 1559 1732 eo

150 1762 319 1807 facilius
352 1762 601 1823 bibliopolae
637 1763 818 1807 consilio
855 1763 1036 1824 obsequi
1068 1765 1112 1807 in
1143 1765 1226 1808 hac
1255 1764 1446 1808 editione
1482 1765 1556 1809 de-

150 1841 371 1884 creverim.
406 1842 483 1883 Est
511 1849 685 1894 autem,
718 1849 766 1882 ut
801 1839 944 1883 obiter
980 1857 1080 1884 eum
1113 1840 1193 1883 tihi
1214 1876 1224 1894 ,
1262 1840 1559 1885 Illustrissime

151 1917 329 1970 Comes,
352 1915 655 1959 commendem
672 1951 682 1969 ,
705 1916 885 1977 Caspal·
899 1917 1165 1972 Frilsclzizcs,
1189 1916 1321 1960 frater
1352 1920 1392 1960 T
1388 1918 1558 1971 lzomae,

152 1989 304 2048 (quem
334 1989 577 2048 principem
613 1989 679 2032 sui
709 1990 880 2048 generis
912 1989 1136 2032 hominem
1164 1989 1294 2033 fuisse
1324 1988 1557 2050 accepisti}

152 2057 249 2101 talis
276 2059 366 2113 vir,
396 2076 484 2119 quo
517 2077 645 2104 nemo
681 2062 820 2121 magis
851 2061 1057 2122 intelligit
1090 2064 1402 2123 negotiationis
1438 2065 1560 2107 istius

154 2129 339 2173 librariae
365 2133 577 2187 rationes,
599 2149 728 2176 nemo
756 2135 1009 2193 generosius
1032 2134 1123 2178 illas
1144 2135 1455 2197 liberaliusque
1480 2146 1561 2179 tra-

154 2212 267 2253 ctat,
296 2203 499 2264 indignus
530 2205 714 2266 proinde
742 2207 927 2266 injuria,
953 2225 1040 2268 qua
1069 2209 1243 2252 afficere
1270 2209 1391 2252 illum
1419 2226 1561 2269 nuper

154 2275 310 2336 aliquis
342 2277 457 2321 circa
485 2280 721 2339 scriptores
751 2281 813 2322 rei
843 2282 1038 2337 rusticae,
1069 2282 1204 2341 ipsius
1233 2292 1437 2342 sumptu,
1466 2299 1563 2326 mea

154 2349 465 2410 qualicumque
491 2368 648 2411 opera,
671 2353 809 2396 editos
824 2390 835 2408 ,
858 2364 1040 2398 conatus
1066 2365 1130 2398 est
1152 2372 1163 2411 3
1184 2365 1366 2399 conatus
1389 2365 1454 2399 est
1470 2390 1481 2410 ,
1502 2356 1564 2399 in-

154 2438 306 2481 quam,
338 2439 427 2465 non
471 2423 628 2468 affecit.
659 2427 743 2468 Per
781 2427 923 2486 ipsum
961 2427 1158 2487 profecto
1194 2439 1237 2471 et
1273 2429 1433 2489 ipsius,
1458 2429 1564 2472 dum

156 2494 345 2550 viveret,
368 2494 545 2539 fratrem
571 2513 659 2539 non
688 2500 831 2555 stetit,
858 2516 945 2559 quo
973 2501 1117 2544 minus
1141 2501 1353 2560 quidquid
1379 2518 1564 2561 usquam

158 2577 270 2610 esset
301 2568 603 2627 praesidiorum
634 2583 964 2631 compararetur
991 2574 1042 2617 ad
1070 2573 1344 2617 exornandos
1377 2573 1471 2617 illos
1500 2591 1558 2617 ru
