1742 2989
564 205 910 249 EPISTOLA
940 208 1077 249 XIV.
1438 227 1525 272 ¹09

123 286 210 329 huc
228 296 481 342 transeunt,
505 295 595 329 tam
625 286 914 330 irreverenter
942 297 984 331 et
1004 296 1167 331 temere
1183 323 1194 343 ,
1221 298 1270 332 ut
1291 290 1397 333 mihi
1418 293 1530 336 Atti-

123 358 207 403 lius
228 369 376 404 noster
395 374 593 420 expresse
616 359 773 403 dixisse
794 360 994 404 videatur
1010 397 1021 417 ,
1047 363 1107 406 sic
1133 362 1178 404 in
1200 361 1294 405 foro
1315 376 1474 423 pueros
1505 382 1530 409 a

122 432 509 476 centumviralibus
535 433 695 476 caussis
721 434 960 493 auspicari,
986 443 1035 478 ut
1053 434 1106 477 ab
1128 437 1322 478 Homero
1343 436 1387 479 111
1408 437 1530 481 scho-

123 504 172 548 lis
196 521 206 549 :
228 521 330 548 nam
356 505 428 549 hic
453 522 654 566 quoque,
677 515 728 549 ut
756 504 865 561 illic,
894 508 1087 567 primum
1119 508 1250 568 coepit
1276 524 1390 563 esse,
1413 510 1532 570 quod

121 578 361 621 maximum
392 588 468 622 est.
501 580 560 622 At
593 578 797 634 hercule,
833 589 933 623 ante
970 582 1226 624 memoriam
1257 598 1420 637 meam,
1445 584 1532 645 (ita
1558 586 1576 618 3

121 650 307 710 majores
334 661 442 695 natu
469 650 610 695 solent
645 651 817 713 dicere)
845 669 898 696 ne
922 653 1200 698 nobilissimis
1224 655 1400 715 quidem
1431 657 1533 701 ado-

120 723 382 768 lescentibus
401 724 522 770 locus
547 735 664 779 erat,
690 726 774 768 nisi
802 726 949 787 aliquo
977 727 1199 771 consulari
1228 729 1498 788 producente
1521 749 1530 774 :

122 806 243 840 tanta
268 798 549 842 veneratione
575 797 925 859 pulcherrimum
953 816 1064 861 opus
1097 800 1343 846 colebatur!
1368 805 1524 857 Nunc,
1553 810 1572 846 4

120 869 315 914 refractis
329 870 509 931 pudoris
530 881 571 914 et
588 872 842 915 reverentiae
863 871 1061 917 claustris
1074 909 1085 928 ,
1100 875 1249 918 omnia
1264 886 1415 936 patent
1433 894 1531 921 om-

120 943 271 1000 nibus3
295 960 375 987 nec
405 944 702 1000 inducuntur,
731 944 806 988 sed
837 944 1102 1006 irrumpunt.
1129 948 1384 1008 Sequuntur
1409 949 1531 993 audi-

121 1025 237 1060 tores
251 1017 472 1061 actoribus
485 1017 662 1074 similes,
679 1017 885 1062 conducti
900 1028 943 1062 et
956 1019 1171 1081 redempti
1185 1035 1194 1063 ε
1208 1037 1415 1083 manceps
1429 1039 1531 1066 con-

121 1144 179 1174 Ad
197 1145 441 1175 declamandum
465 1145 526 1175 lzuc
552 1153 735 1182 transeunt,
755 1150 793 1176 ut

121 1194 239 1239 plures
249 1195 327 1227 libri
339 1221 346 1235 ‚
362 1204 465 1229 recte.
480 1196 524 1229 H.
539 1217 585 1221 —-
604 1200 791 1228 Transeunt.

122 1247 261 1281 Cortius
280 1251 477 1281 transierunt
489 1274 498 1289 ,
515 1248 610 1294 quod
628 1262 699 1282 non
721 1248 795 1281 imi-

122 1306 185 1332 ter.
201 1300 235 1333 S.
255 1321 301 1325 ——
323 1304 450 1333 Atlilius
470 1311 586 1333 noster.
605 1303 704 1334 Rom.
723 1303 795 1334 Aci-

123 1353 182 1383 lius
196 1362 312 1391 noster,
329 1366 400 1385 non
420 1356 565 1386 Attilitzs.
586 1353 680 1386 Illud
696 1354 731 1387 in
747 1353 795 1386 la-

122 1403 258 1449 pidibus
276 1412 309 1438 et
327 1406 478 1439 nummis
496 1414 558 1439 est.
579 1406 623 1439 Η.
639 1427 685 1431 --
702 1406 794 1440 Vide

121 1456 252 1490 Duker.
277 1456 322 1490 ad
345 1458 440 1492 Flor.
463 1460 501 1499 Ι,
523 1472 587 1499 20,
611 1460 725 1500 1311,
747 1472 763 1492 2
781 1484 791 1500 ‚

128 1521 181 1553 17.
200 1510 235 1543 S.
253 1529 299 1534 ——
314 1513 494 1554 Edunt-essm
520 1515 706 1558 ἐμφατικῶς
721 1539 729 1555 ,
756 1520 795 1545 ut

122 1573 195 1594 rem
206 1562 317 1607 ipsam
326 1562 521 1597 luculenter
531 1564 736 1598 declararet.
748 1565 792 1599 G.

171 1615 204 1647 3.
220 1619 273 1646 Ita
285 1617 424 1659 majores
438 1627 517 1649 natu
530 1632 556 1650 s.
571 1620 604 1650 d.
620 1618 694 1651 Hoc
705 1618 794 1659 vult,

126 1667 204 1699 Non
218 1666 279 1700 diu
291 1676 341 1701 est
352 1693 361 1708 ‚
376 1676 454 1702 utor
470 1670 561 1702 enim
576 1695 585 1711 ,
597 1671 649 1704 vir
659 1671 796 1716 juvenis

125 1718 260 1760 adhuc,
279 1733 320 1754 ea
337 1721 505 1761 formula,
524 1735 594 1768 qua
614 1724 663 1756 uti
686 1723 797 1756 solent

126 1784 224 1805 senes
235 1797 244 1812 ‚
256 1786 364 1818 quum
375 1781 509 1820 teinpus
522 1789 593 1809 non
607 1775 666 1808 diu
681 1785 798 1821 praete-

124 1825 229 1858 ritum
245 1850 254 1865 ‚
276 1833 307 1858 et
328 1839 381 1860 res
400 1840 510 1872 nuper
528 1827 669 1861 demum
687 1829 722 1861 in
738 1828 799 1862 de-

125 1877 231 1910 terius
250 1887 400 1912 mutatas
419 1879 575 1913 indicare
594 1881 728 1914 volunt.
750 1882 793 1915 G.

126 1951 171 1955 —
201 1930 264 1963 Hic
297 1938 411 1964 tamen
438 1934 574 1966 monuit
599 1933 770 1980 Gierigius
788 1959 797 1975 ‚

125 1982 276 2016 Plinium
295 1996 365 2017 non
385 1986 549 2030 juvenem
570 1986 662 2019 hanc
678 1988 799 2033 episto-

125 2035 195 2069 lam
218 2036 410 2082 scripsisse,
432 2038 492 2071 sed
515 2047 610 2072 aetate
630 2041 702 2086 jam
722 2054 800 2086 pro-

127 2089 313 2122 vectiorem
325 2115 334 2130 ‚
349 2098 387 2123 ut
401 2104 419 2124 e
433 2093 462 2134 §.
483 2097 521 2133 14
534 2117 542 2132 ,
555 2101 689 2138 pateat3
706 2093 801 2126 dein-

128 2139 170 2173 de
189 2141 374 2177 formlssam
396 2154 470 2175 [ΖῘΙῙΕ
490 2147 676 2177 ΠΖΕῙῘῑΟῘ”ἱαῙῙὶ
696 2160 800 2178 ”leant

129 2192 265 2226 senibus
280 2208 351 2229 non
364 2196 467 2229 fuisse
478 2197 663 2242 propriam.
678 2201 800 2245 Itaque

129 2253 225 2290 putat
238 2246 366 2280 aPlinii
380 2261 487 2282 manu
498 2251 694 2295 profectum
707 2265 798 2286 esse:

129 2308 204 2329 (Inte
225 2302 410 2332 mentoriclnl
430 2315 534 2334 Πιθαῃι
557 2305 694 2347 nlajore's
716 2316 796 2337 Ῐίαἶα

130 2353 175 2383 ibi
188 2354 293 2383 dicere
305 2352 413 2398 (apud
427 2354 669 2389 Centumviros
687 2362 802 2404 agere)

128 2407 289 2443 solebant,
307 2415 338 2436 ec
348 2418 387 2436 ne
400 2409 617 2447 nobilissimis,
635 2417 700 2443 etc.
715 2411 803 2444 Mihi

130 2463 202 2489 tota
227 2456 287 2489 illa
306 2458 518 2502 parenthesis
535 2460 673 2494 videtur
689 2470 765 2496 orta
783 2477 803 2498 a

130 2520 237 2541 manu
260 2508 458 2554 glossatoris
475 2536 484 2551 ,
505 2512 565 2557 qui
588 2513 700 2547 verbis
727 2526 803 2547 ante

131 2563 317 2593 memoriam
342 2576 446 2595 meam
472 2564 667 2610 explicandi
691 2568 802 2612 gratia

132 2625 208 2646 eam
223 2613 465 2661 adscripscrat.
480 2617 520 2650 E.
537 2638 582 2642 ——
597 2618 718 2664 Neque
731 2619 804 2654 haec

132 2665 221 2699 ratio
233 2667 364 2712 placet,
380 2682 443 2703 nec
455 2669 665 2716 GierIgiana.
681 2672 805 2707 Paren-

135 2716 237 2750 thesis
263 2719 322 2754 illa
344 2734 414 2755 non
438 2723 588 2768 pertinet
607 2723 651 2757 ad
673 2733 806 2760 antece-

858 1142 975 1177 dentia
988 1169 997 1185 ,
1015 1155 1090 1176 ante
1113 1149 1300 1178 memoriam
1325 1161 1449 1187 meam,
1471 1149 1531 1182 sed

859 1195 903 1228 acl
917 1197 1095 1242 sequentia
1108 1223 1115 1238 ,
1128 1212 1167 1230 ne
1179 1201 1378 1232 nobilissimis
1389 1203 1528 1243 quidem,

858 1256 924 1281 etc.
948 1250 1062 1283 Refert
1081 1251 1209 1283 Plinius
1223 1276 1231 1290 ,
1252 1252 1347 1296 quod
1366 1266 1437 1286 non
1457 1255 1531 1299 ipse

858 1301 992 1335 viderat
1006 1329 1014 1344 ‚
1036 1302 1096 1336 sed
1116 1316 1136 1336 a
1154 1304 1344 1350 majoribus
1364 1314 1448 1338 natu
1468 1319 1522 1340 ac-

859 1363 1008 1400 ceperat.
1030 1357 1084 1390 Sic
1106 1364 1138 1389 et
1157 1357 1406 1403 Heusingerus.
1431 1360 1465 1392 S.
1486 1381 1530 1384 ——

857 1408 956 1441 Rom.
982 1425 995 1437 ιι
1010 1409 1053 1441 At
1078 1409 1278 1443 mehercule
1301 1419 1380 1444 ante
1403 1424 1532 1445 memo-

859 1459 946 1493 riam
966 1473 1094 1501 meam,
1109 1463 1256 1507 majores
1270 1472 1357 1496 natu
1371 1464 1528 1497 solebant

859 1512 985 1553 (licere,
998 1527 1042 1547 ne
1058 1515 1278 1549 nobilissimis
1294 1516 1435 1562 quidem
1451 1516 1532 1551 ado-

857 1566 1068 1600 lescentibus
1093 1567 1190 1601 locus
1216 1577 1301 1603 erat.
1319 1586 1332 1598 n
1358 1571 1460 1603 Recte
1486 1585 1534 1603 so-

860 1621 968 1651 lebant
981 1622 1087 1652 dicere
1098 1647 1106 1659 ,
1124 1621 1195 1654 sine
1211 1624 1274 1661 ita,
1291 1636 1362 1668 quo
1376 1623 1463 1656 nihil
1478 1624 1534 1656 hic

860 1683 946 1717 opus
960 1698 969 1713 ,
989 1672 1154 1718 quodque
1169 1675 1212 1707 ab
1230 1675 1303 1708 aliis
1317 1676 1410 1709 varie
1425 1683 1534 1709 trans-

859 1725 1014 1770 ponitur.
1046 1742 1059 1755 «
1074 1726 1162 1759 Ante
1192 1728 1393 1760 memoriam
1420 1740 1533 1761 meam

860 1789 904 1809 ne
930 1777 1149 1812 nobilissimis
1170 1780 1311 1825 quidem
1337 1780 1535 1815 adolescen-

861 1829 951 1861 tibus
965 1830 1061 1863 locus
1077 1839 1148 1864 erat
1160 1857 1168 1871 ‚
1182 1834 1278 1875 idque
1290 1834 1436 1879 majores
1451 1842 1533 1867 natu

862 1895 911 1913 me
935 1885 1170 1916 adolescentulo
1195 1885 1351 1918 solebant
1373 1885 1499 1919 dicere.
1514 1904 1526 1915 »

861 1936 903 1967 In
922 1935 1082 1979 pluribus
1101 1937 1166 1969 fuit
1183 1940 1346 1977 solebant,
1365 1938 1471 1984 idque
1486 1939 1535 1972 in—

861 1987 934 2020 vito
955 1988 1074 2022 Cortio
1094 1989 1360 2024 restituendum.
1380 1991 1510 2025 Plinius
1523 2017 1533 2034 7

862 2053 971 2086 quum
984 2040 1057 2075 haec
1072 2042 1248 2083 scriberet,
1258 2045 1329 2089 jam
1346 2051 1443 2078 aetate
1459 2058 1536 2090 pro-

863 2102 1032 2135 cesserat,
1058 2096 1202 2141 propior
1227 2097 1296 2129 illis
1317 2098 1418 2131 annis
1432 2123 1440 2139 ‚
1462 2098 1536 2144 qui-

862 2146 926 2180 bus
942 2147 1017 2180 foro
1032 2149 1231 2182 renuntiare
1245 2150 1413 2184 solebant.
1430 2151 1475 2184 H.

913 2205 946 2241 4.
963 2204 1114 2245 sllanceps
1130 2206 1323 2236 convenitur.
1340 2204 1457 2237 Lectio
1473 2205 1536 2238 Co-

866 2251 950 2285 dicis
963 2252 1111 2287 Medicei
1125 2267 1145 2288 a
1159 2256 1278 2289 Cortio
1290 2257 1433 2302 prolata.
1443 2261 1537 2289 Man-

866 2318 936 2348 ceps
947 2313 1010 2346 est,
1019 2307 1078 2352 qui
1088 2308 1197 2353 pretio
1209 2318 1348 2354 accepto
1358 2311 1535 2356 negotium

867 2358 928 2390 sibi
938 2359 1067 2404 imponi
1080 2373 1201 2406 passus
1216 2371 1266 2395 est
1281 2364 1325 2395 ab
1339 2371 1488 2403 oratore,
1500 2370 1537 2395 ut

867 2411 1017 2444 nummis
1037 2413 1211 2447 conducat
1226 2415 1255 2448 ci
1279 2415 1477 2448 laudatores
1505 2423 1537 2448 et

866 2463 1055 2508 I)lausores-
1070 2466 1134 2499 Hic
1147 2482 1295 2511 nzanceps
1309 2471 1492 2501 convellitur
1504 2471 1536 2500 ill

868 2519 974 2549 media
991 2521 1136 2552 basilica.
1155 2521 1271 2562 Quum
1289 2521 1380 2554 cuim
1401 2522 1451 2554 IV
1467 2522 1537 2554 fere

865 2568 996 2614 judicia
1022 2571 1143 2606 eodem
1171 2581 1325 2619 tempore
1354 2573 1472 2614 haberi
1501 2573 1537 2606 111

869 2622 1009 2657 basilica
1022 2625 1112 2659 Julia
1127 2626 1275 2659 solerent
1289 2626 1372 2669 (vid.
1389 2638 1493 2672 supra
1507 2626 1537 2664 I,

874 2676 914 2708 18
929 2701 938 2717 ,
959 2677 993 2722 3)
1008 2689 1016 2717 ;
1032 2690 1193 2724 manceps
1210 2679 1246 2711 in
1261 2678 1376 2712 medio
1390 2691 1540 2712 commo-

871 2727 1010 2762 dissime
1033 2730 1132 2775 fungi
1154 2739 1263 2776 potest
1287 2744 1429 2765 muner(-
1455 2743 1539 2763 <¹10-
