1742 2989
612 226 963 268 EPISTOLA
996 225 1135 266 XIX.

1490 222 1571 284 195

176 323 249 367 pes
273 323 281 349 ε
310 322 409 349 nam
446 321 525 350 nec
548 306 638 366 ipse
664 322 847 366 usquam
874 306 1042 349 vinctos
1073 304 1214 347 habeo
1232 338 1242 358 ‚
1274 319 1353 346 nec
1376 303 1451 369 *ibi
1475 306 1575 365 qui-

175 395 342 440 squam.
375 380 609 438 Superest,
637 388 686 421 ut
715 379 822 422 scias
839 414 850 434 ,
880 378 1034 439 quanti
1062 376 1292 420 videantur
1315 392 1440 436 posse
1466 378 1575 426 emi;

175 449 373 494 sestertio
409 449 554 493 tricies
582 467 591 493 z

619 466 709 493 non
749 452 853 511 quia
892 468 980 495 non
1021 448 1257 511 aliquando
1286 449 1575 510 quinquagies

173 521 359 576 fuerint,
396 538 547 565 verum
577 532 620 566 et
656 523 738 566 hac
775 525 963 584 penuria
992 522 1248 567 colonorum
1283 531 1325 564 et
1351 522 1575 564 communi

174 597 384 657 temporis
417 596 671 656 iniquitate,
696 606 744 640 ut
771 597 937 641 reditus
967 611 1197 657 agrorum,
1226 595 1286 638 sic
1313 594 1445 638 etiam
1475 609 1576 654 pre-

174 669 282 712 tium
304 679 422 712 retro
447 670 568 712 abiit.
594 670 785 726 Quaeris,
814 687 869 713 an
894 671 979 713 hoc
1004 670 1146 729 ipsum
1173 668 1318 711 tricies
1339 666 1462 710 facilc
1484 665 1576 710 col-

173 740 306 801 ligere
342 740 582 802 possimus?
613 744 718 786 Sum
760 742 936 803 quidem
970 758 1108 802 prope
1143 750 1260 784 totus
1293 740 1339 783 in
1375 739 1572 801 praediis.

172 812 338 874 aliquid
363 823 511 857 tamen
533 813 722 870 foenore;
745 831 826 859 nec
856 814 1089 858 molestum
1115 814 1198 857 erit
1222 814 1426 857 mutuari.
1451 813 1572 856 Acci-

172 939 261 972 lonis
287 940 563 981 cunctatoribus‚
589 940 840 987 venditosque3

175 1003 341 1036 quorsum
360 993 543 1026 utebamur
561 993 692 1039 aliquot
708 994 842 1039 legibus

172 1044 312 1077 Codicis
344 1057 384 1078 ex
413 1047 453 1078 L.
475 1047 508 1078 II
523 1071 532 1086 ‚
550 1046 603 1078 tit.
628 1046 781 1090 47—52
796 1071 804 1086 ,
824 1058 842 1078 e

176 1097 303 1142 quibus
318 1105 479 1142 apparet,
494 1098 599 1130 fuisse
613 1105 687 1130 tum
702 1098 843 1131 colonos

176 1149 306 1182 servilis
325 1149 552 1190 conditionis,
574 1162 631 1182 eos
653 1157 742 1182 certe
756 1175 764 1189 ‚
782 1150 844 1195 qui

173 1200 382 1245 adscripticii
415 1209 584 1233 vocantur
600 1213 609 1242 3
639 1209 671 1233 et
698 1202 774 1234 loco
804 1214 843 1234 ex

172 1253 359 1298 Evangelio
368 1254 594 1295 Mat.leII,
605 1260 644 1294 24
652 1280 660 1294 ‚
668 1254 729 1287 ubi
739 1253 784 1286 ad
793 1267 844 1287 re-

171 1305 265 1350 liqua
278 1305 442 1339 solvenda
452 1306 761 1353 venderejubetur,
773 1307 843 1340 sive

176 1366 384 1403 procurator
405 1367 472 1398 est,
491 1359 561 1391 sive
583 1359 717 1392 villicus
731 1384 739 1399 ‚
762 1372 843 1391 uxo-

172 1423 245 1443 rem
258 1422 298 1443 ac
317 1410 462 1450 liberos;
483 1410 634 1456 itemque
654 1411 712 1443 illa
729 1410 843 1444 Nood-

171 1463 266 1496 tiana
284 1462 451 1496 sententia
464 1462 507 1496 de
521 1465 602 1509 jure
622 1463 745 1496 liberos
760 1475 842 1495 ven-

172 1514 277 1548 dendi
318 1514 362 1548 ad
396 1515 613 1548 Constantini
650 1528 759 1561 usque
790 1516 838 1547 M.

173 1575 308 1601 aetatem
334 1567 495 1600 durante.
516 1567 582 1601 Sed
604 1568 641 1600 in
664 1568 757 1600 viam
787 1581 842 1601 me

174 1619 312 1652 reduxit
324 1620 595 1652 consultissimus
610 1619 771 1665 idemque
779 1620 842 1653 hu-

172 1672 391 1705 manissimus
409 1671 610 1705 Gebauerus
634 1679 764 1712 noster,
781 1673 841 1717 qui

174 1737 230 1756 me
248 1724 387 1765 docuit,
408 1724 551 1757 colonos
575 1724 705 1757 servilis
724 1725 842 1758 condi-

173 1776 275 1809 tionis
294 1784 327 1809 et
346 1776 579 1822 adscripticios
602 1776 647 1809 ad
672 1777 841 1810 Constan-

172 1828 237 1860 tini
252 1827 394 1860 demum
408 1829 518 1861 serius
527 1841 635 1861 aevuin
648 1829 819 1874 pertinere
831 1855 839 1869 ‚

173 1887 206 1913 et
219 1892 238 1913 a
252 1880 408 1913 barbaris
429 1889 462 1914 et
477 1880 659 1914 Germanis
679 1880 791 1913 videri
805 1881 839 1914 in

172 1934 365 1966 Romanum
390 1933 577 1979 imperium
601 1933 840 1979 invectos3jus

173 1993 288 2018 autem
309 1985 397 2019 illud
420 1985 594 2019 vendendi
624 1986 748 2019 liberos
768 1989 841 2034 jam

173 2037 273 2069 Plinii
301 2045 397 2070 aetate
420 2038 467 2070 ita
494 2038 598 2071 fuisse
623 2039 838 2080 restrictum,

176 2097 290 2123 utnon
298 2090 363 2123 nisi
374 2103 482 2135 quum
491 2090 535 2123 ad
545 2099 691 2124 extrema
700 2099 840 2124 ventum

174 2150 285 2180 esset,
306 2143 357 2174 uti
384 2143 442 2175 illo
468 2143 595 2176 liceret.
622 2145 745 2189 Itaque
773 2156 842 2177 ma-

174 2193 330 2228 nendum
347 2194 486 2228 tandem
500 2196 618 2242 putavi
638 2197 671 2228 in
686 2209 724 2229 ea
735 2209 839 2242 quam

175 2258 277 2291 supra
314 2247 498 2292 proposui,
530 2250 743 2294 probataque
778 2249 843 2282 Ge-

173 2300 303 2332 bauero
314 2324 323 2337 ‚
336 2299 625 2344 interpretatione.
638 2302 681 2334 G.
692 2323 736 2327 --
744 2303 840 2334 Rom.

174 2354 253 2382 Sunt
271 2364 343 2394 ergo
363 2354 540 2384 instruendi
562 2366 597 2385 eo
612 2357 734 2397 pluris,
757 2357 846 2397 qnod

186 2405 257 2446 rugi
276 2406 456 2446 mancipiis.
486 2404 576 2448 [Ald.
595 2406 697 2438 etiam
724 2409 843 2438 manci-

172 2455 259 2500 piisJ.
280 2455 354 2488 Hoc
369 2464 438 2496 est,
457 2457 587 2501 priores
608 2470 689 2502 ergo
708 2458 840 2498 coloni,

175 2506 269 2552 quod
298 2508 387 2553 frugi
413 2517 515 2548 sunt,
544 2509 738 2542 instruendi
764 2518 843 2542 sunt

176 2559 356 2604 mancipiis
368 2585 376 2600 ‚
393 2560 464 2594 sive
476 2561 580 2594 servis
594 2564 720 2600 vinctis,
734 2575 842 2608 quum

177 2611 328 2655 ipsorum
352 2613 505 2657 paucitas
530 2614 639 2647 labori
659 2627 727 2647 non
747 2615 843 2648 suffi-

177 2663 264 2703 ciat,
293 2664 395 2710 idque
427 2680 462 2698 eo
486 2669 610 2710 pluris,
639 2666 674 2700 id
704 2676 776 2708 est,
804 2681 844 2701 eo

179 2717 309 2761 majore
344 2718 497 2764 impensa
514 2745 523 2761 ,
553 2718 648 2766 quod
682 2733 743 2753 nec
773 2721 845 2766 ipse

908 941 1042 973 vinctos
1057 940 1170 973 habeo
1181 964 1190 980 ‚
1210 951 1273 972 nec
1287 941 1346 977 ibi,
1365 938 1402 971 in
1420 938 1485 971 illis
1497 951 1580 984 prae-

909 992 995 1033 diis,
1019 992 1126 1037 aliqui
1143 1000 1234 1024 sunt.
1260 991 1360 1024 Hanc
1379 992 1580 1037 interpreta-

910 1044 1038 1078 tionem
1057 1044 1203 1077 causalis
1222 1043 1391 1089 particula
1411 1057 1486 1075 nam
1512 1045 1579 1076 exi-

909 1110 990 1142 gere
1004 1096 1140 1130 videtur
1155 1108 1161 1128 :
1177 1107 1253 1141 quae
1269 1095 1297 1127 si
1314 1095 1444 1128 abesset
1458 1099 1579 1138 ‚pluris

909 1162 980 1182 esse
998 1152 1106 1191 plures
1120 1149 1283 1181 dicerem.
1302 1148 1424 1192 Itaque
1443 1155 1475 1180 et
1493 1147 1579 1180 Gro-

908 1202 1029 1234 novius
1045 1200 1131 1234 illud
1147 1201 1291 1246 explicat
1305 1225 1313 1239 ‚
1331 1213 1367 1232 eo
1386 1202 1509 1243 majore
1518 1214 1578 1244 pe-

909 1256 1004 1285 cunia
1027 1267 1104 1297 opus
1133 1263 1178 1285 est
1206 1254 1253 1283 ad
1277 1265 1328 1284 eos
1357 1255 1555 1284 instruendos
1567 1279 1573 1288 ,

909 1307 968 1351 qui
981 1318 1061 1338 vero
1077 1307 1235 1348 mancipes
1254 1304 1389 1337 maluit.
1409 1304 1454 1337 H.

954 1379 1000 1383 -—
1024 1360 1150 1389 Vinctos
1178 1358 1251 1390 scil.
1278 1356 1516 1401 compedibus.
1550 1359 1578 1388 A

908 1410 1032 1443 talibus
1044 1410 1149 1443 servis
1164 1409 1262 1443 multi
1274 1409 1346 1454 agri
1359 1409 1575 1442 colebantur.
1601 1408 1602 1411 ¹

908 1463 972 1495 ΕΙ).
987 1483 1032 1487 —-
1048 1466 1116 1494 „vec
1140 1465 1185 1494 ibi
1215 1465 1395 1505 quisquam.
1421 1466 1574 1504 Superest.

907 1516 984 1548 Post
1002 1517 1171 1558 quisquam
1189 1515 1339 1560 intellige
1354 1542 1362 1556 ,
1379 1516 1506 1546 ‘vinctos
1522 1516 1578 1545 lta-

908 1570 967 1599 bet.
979 1568 1057 1600 Non
1071 1575 1119 1601 est
1131 1567 1311 1613 disciplina
1325 1567 1415 1600 illius
1425 1566 1555 1599 viciniae
1568 1593 1576 1605 ‚

906 1619 1034 1653 habere
1061 1620 1194 1653 vinctos
1221 1621 1258 1652 in
1289 1620 1379 1665 agris
1392 1645 1401 1660 ‚
1428 1632 1576 1664 quorum

907 1671 1103 1706 conducere
1117 1685 1239 1718 operas
1254 1685 1274 1705 a
1287 1672 1434 1705 dominis
1448 1673 1554 1717 possis
1568 1685 1575 1704 :

907 1724 967 1757 sed
985 1725 1116 1758 colonis
1135 1733 1280 1758 utuntur
1298 1737 1324 1757 s.
1346 1725 1575 1769 mancipibus.

907 1776 1058 1810 Debetur
1070 1778 1142 1811 haec
1151 1777 1326 1811 distinctio
1340 1777 1477 1822 ingenio
1487 1778 1577 1810 Gru-

906 1828 982 1862 teri.
998 1830 1115 1875 Vulgo
1135 1830 1332 1875 legebatur,
1358 1843 1415 1861 nec
1444 1832 1488 1861 ibi
1509 1832 1576 1873 qai-

906 1894 1019 1923 squam
1038 1892 1185 1925 superest.
1202 1882 1297 1915 Nihil
1315 1882 1504 1915 solemnius
1522 1883 1577 1915 Se-

906 1934 1022 1967 cundo
1042 1935 1101 1968 illa
1119 1935 1266 1968 formula
1281 1960 1290 1975 ‚
1309 1945 1448 1978 superest
1467 1946 1516 1971 ut.
1541 1949 1574 1968 v.

907 2001 940 2033 g.
962 1988 1154 2028 X‚5o‚3;
1173 1988 1444 2031 X‚93,3‚etc.
1467 1987 1510 2020 G.
1532 2008 1576 2012 -ψ

906 2042 1003 2072 Rom.
1029 2043 1183 2083 Superest.
1211 2041 1302 2084 Lege
1327 2052 1406 2072 cum
1433 2040 1574 2073 Cortioz

906 2096 1064 2136 Superest,
1082 2102 1117 2124 ut
1130 2095 1223 2124 scias.
1238 2092 1282 2124 H.

955 2147 987 2179 8.
1001 2149 1141 2177 Foenore.
1157 2145 1294 2178 Cortius
1313 2157 1351 2177 ex
1368 2143 1524 2178 Mediceo
1543 2152 1575 2177 et

909 2198 1053 2242 conject.
1078 2196 1186 2230 Lectii
1205 2199 1334 2241 foenero
1352 2196 1446 2241 legit.
1469 2197 1502 2230 Si
1513 2198 1575 2240 fcr-

907 2263 984 2281 nore
998 2248 1205 2283 servandum
1219 2274 1228 2289 ,
1244 2250 1291 2283 ita
1304 2249 1546 2294 interpungam
1566 2261 1572 2281 :

907 2301 1038 2346 aliquid
1048 2309 1161 2334 tamen
1170 2302 1298 2334 foenore
1308 2304 1384 2345 (nec
1392 2301 1575 2333 molestum

907 2354 970 2387 erit
992 2354 1167 2398 mutuari)
1181 2354 1349 2399 accipiam
1364 2366 1383 2386 a
1397 2365 1508 2385 socru.
1530 2352 1573 2385 G.

906 2427 951 2430 —-
969 2407 1066 2439 Rom.
1093 2409 1220 2449 aliquid
1245 2417 1351 2438 tamen
1369 2406 1513 2449 sz‘tzore,
1537 2413 1576 2438 ut

906 2458 1010 2504 vulgo
1026 2470 1034 2491 ι
1049 2458 1107 2492 sed
1124 2462 1236 2491 verior
1254 2459 1354 2492 lectio
1373 2465 1422 2489 est
1431 2459 1572 2500 stenem,

907 2511 1094 2554 velfenero.
1111 2511 1155 2545 H.
1170 2532 1215 2536 ———
1228 2510 1323 2544 Idem
1337 2510 1495 2556 placebat
1511 2511 1574 2542 Er-

906 2563 1014 2596 nestio
1026 2589 1034 2604 ,
1046 2564 1127 2609 qui,
1139 2571 1307 2609 expuncta
1317 2562 1459 2595 Gesneri
1472 2570 1551 2595 nota
1563 2587 1573 2604 ‚

906 2615 996 2649 hanc
1011 2624 1083 2649 erat
1099 2617 1318 2662 appositurus
1342 2627 1349 2646 :

910 2669 959 2701 lta
974 2669 1111 2703 Cortius
1125 2682 1164 2702 ex
1178 2668 1305 2702 Medic.
1322 2675 1353 2700 et
1373 2670 1575 2713 conjectura

911 2723 1034 2762 Lectii‚
1053 2724 1270 2768 proficuore,
1290 2719 1384 2766 quod
1404 2721 1492 2754 male
1511 2720 1578 2753 coi-

1302 2775 1375 2821 13.

1378 2632 1390 2643 1«
1401 2619 1539 2647 Foenero.
1554 2632 1566 2643 n
