1757 2880
168 145 185 154 ἰ
191 144 226 154 ιι
232 142 675 155 mmwuwvsmsxzxsns
681 143 834 154 21212425
840 143 979 153 ιΜαιιι
984 142 1076 152 xxxx·
1083 140 1243 152 §.m-,mxu
1249 139 1383 150 xxzssm
1389 139 1543 150 mstzxx
1554 140 1563 148 ι

308 329 857 410 LECTORI
952 280 1431 406 oPTIMo

763 494 806 537 S.
845 495 891 536 P.
930 493 985 536 D.

533 640 605 694 N.
654 641 717 695 E.
767 639 1210 694 LEMAIRE.

168 864 268 940 Ex
291 890 515 936 omnibus
534 907 639 953 quae
662 890 721 936 ad
740 890 870 935 hunc
894 889 1017 935 diem
1041 889 1324 953 prodierunt
1340 887 1478 933 Plinii
1503 892 1584 933 Ju-

161 974 313 1018 1110115
345 971 660 1027 editionibus,
690 989 749 1018 ,ea
779 989 922 1034 quam
963 971 1093 1016 dedit
1132 974 1382 1026 SCHAEFER,
1418 971 1586 1033 Lipsiae

172 1055 316 1111 1805,
350 1055 492 1117 digna
525 1054 666 1099 nobis
702 1055 798 1099 visa
828 1064 897 1099 est
928 1070 1072 1115 quam
1108 1053 1412 1116 eligeremus,
1437 1061 1490 1097 ut
1521 1051 1588 1096 illi

166 1138 300 1200 quasi
325 1136 665 1193 fundamento,
694 1147 910 1182 nostrum
940 1136 1177 1191 laborem,
1206 1136 1499 1197 quicumque
1527 1132 1590 1178 fo-

166 1230 239 1265 ret
255 1256 266 1275 ,
288 1229 743 1282 superstrueremus.
771 1219 854 1264 Ille
879 1220 1006 1264 enim
1030 1236 1130 1263 non
1161 1218 1316 1263 solum
1347 1233 1588 1262 commen—

164 1302 292 1346 tariis
325 1300 454 1346 hunc
485 1310 731 1346 auctorem
768 1299 1073 1363 amplificavit
1107 1308 1248 1344 acuto
1276 1314 1489 1359 sanoque
1511 1298 1588 1358 ju-

165 1382 287 1427 dicio
308 1381 669 1446 praestantibus,
689 1381 772 1428 sed
793 1383 933 1427 etiam
947 1418 957 1436 ,
978 1382 1015 1426 si
1033 1380 1149 1444 quid
1171 1382 1221 1425 in
1242 1380 1342 1425 aliis
1363 1380 1447 1441 qui
1466 1379 1590 1425 hanc

164 1465 407 1509 materiam
439 1474 548 1510 ante
579 1466 733 1528 ipsum
762 1473 1113 1520 tractaverunt,
1136 1462 1253 1508 boni
1281 1464 1460 1518 inerat,
1497 1460 1590 1506 hoe

165 1547 347 1610 selegit,
367 1556 412 1592 et
434 1548 529 1592 suis
548 1548 696 1610 ipsius
713 1544 1130 1592 lucubrationibus
1150 1544 1345 1589 addidit.
1366 1546 1589 1588 Attamen

164 1627 257 1673 hoc
287 1644 428 1691 opus,
459 1628 568 1674 licet
599 1629 780 1673 meritis
807 1626 1030 1672 laudibus
1061 1626 1336 1682 extollatur,
1365 1624 1589 1670 omnibus

166 1711 376 1755 numeris
420 1727 520 1755 non
560 1727 660 1756 esse
697 1710 973 1756 absolutum
1015 1709 1171 1755 dicere
1222 1710 1386 1754 ausim.
1424 1709 1588 1765 Quum

165 1792 342 1838 scilicet
370 1792 418 1837 id
453 1792 541 1837 sibi
570 1794 898 1856 proposuisset
931 1795 1176 1846 SCHAEFER,
1205 1801 1254 1836 ut
1291 1791 1452 1835 omnia
1485 1791 1590 1835 loca

165 1890 272 1936 quae
292 1874 340 1918 in
355 1874 504 1919 Plinio
521 1873 788 1919 difficiliora
803 1872 1140 1927 occurrebant,
1162 1872 1438 1928 illustraret,
1457 1882 1508 1916 ut
1528 1871 1587 1917 le-

165 1957 347 2001 ctiones
367 1957 672 2009 adulteratas,
696 1957 791 2001 sive
811 1956 978 2010 aetatis,
1003 1956 1100 2000 sive
1122 1953 1427 1999 librariorum
1449 1955 1585 2012 vitio,

166 2037 385 2082 codicum
407 2039 687 2083 auctoritate
710 2047 791 2082 aut
815 2037 912 2081 suis
935 2036 1080 2099 ipsius
1108 2037 1399 2099 argumentis
1425 2036 1585 2091 nixus,

166 2120 458 2176 restitueret,
495 2130 541 2165 et
577 2137 728 2165 novos
767 2118 976 2182 denique
1013 2135 1178 2164 sensus
1212 2127 1421 2174 notaret,
1463 2134 1585 2180 quos

166 2217 280 2245 usus
307 2202 365 2247 ab
391 2219 533 2248 aurea
558 2202 636 2247 illa
657 2202 899 2247 latinitatis
932 2201 1163 2264 elegantia
1192 2200 1451 2246 deflectens
1476 2217 1587 2262 pau-

166 2284 297 2328 latim
332 2284 488 2330 verbis
522 2284 1036 2346 atldiderat3q11aeda1n
1075 2283 1165 2329 alia
1203 2284 1426 2346 neglexit.
1458 2282 1586 2329 Nihil

166 2364 263 2412 fere
290 2366 418 2429 apud
444 2383 552 2411 eum
575 2369 802 2430 reperies,
826 2366 955 2429 quod
978 2367 1035 2411 ad
1060 2366 1164 2411 illos
1185 2367 1308 2411 viros
1328 2366 1584 2428 pertineat,

168 2446 345 2509 quibus
367 2448 590 2510 epistolas
617 2449 744 2493 misit
769 2447 967 2501 Plinius,
995 2464 1116 2510 quos
1144 2446 1226 2492 ubi
1248 2450 1418 2492 Lector
1438 2463 1584 2491 nove·

168 2531 252 2586 rit,
276 2530 532 2591 jucundius
556 2531 605 2574 in
633 2530 704 2576 his
728 2530 1094 2576 narratiunculis
1120 2540 1166 2575 et
1193 2528 1587 2575 confabulationi-

168 2610 260 2657 bus
276 2611 536 2664 detinetur,
559 2630 663 2676 quae
684 2614 878 2658 minime
893 2622 1140 2658 moverent
1158 2613 1288 2657 illum
1305 2648 1314 2666 ‚
1338 2614 1374 2657 si
1397 2613 1587 2675 ignotos
