1742 2989
228 219 315 264 282

646 223 694 264 C.
727 223 947 267 PLINII
980 225 1105 267 LIB.
1142 226 1197 267 V.

225 317 249 344 a
281 302 389 344 mari
418 313 688 346 recesserunt
716 320 724 345 :
755 304 860 363 quin
891 304 1020 347 etiam
1047 306 1302 366 Apennino,
1333 305 1617 350 saluberrimo

181 382 200 416 3
225 376 470 429 montium,
508 376 744 435 subjacent.
783 378 925 437 Atque
961 378 1100 432 adeo,
1132 388 1179 422 ut
1218 395 1391 422 omnem
1430 395 1510 439 pro
1547 395 1616 422 me

223 458 389 491 metum
422 465 583 508 ponas,
621 449 767 509 accipe
800 450 1052 509 temperiem
1088 450 1202 505 caeli,
1237 452 1426 511 regionis
1464 452 1616 505 situm,

223 521 332 564 villae
367 524 659 565 amoenitatem
693 539 702 564 :

736 538 830 582 quae
865 532 908 566 et
942 522 1019 566 tibi
1055 523 1226 576 auditu,
1259 533 1301 567 et
1336 524 1444 566 mihi
1479 522 1617 566 relatu

180 598 199 634 4
219 594 411 654 jucunda
447 605 586 638 erunt,
616 594 779 638 Caelum
814 604 876 637 est
910 595 1052 638 hieme
1086 595 1291 656 frigidum
1326 605 1368 639 et
1401 595 1613 655 gelidum:

223 677 408 727 1nyrtOS‚
425 666 561 719 oleas,
578 684 759 729 quaeque
781 667 862 710 alia
880 667 1052 711 assiduo
1073 678 1221 728 tepore
1243 668 1464 724 lentamur,
1479 684 1617 728 asper-

222 750 353 782 natur
379 757 427 783 ae
451 741 615 800 respuit
639 757 647 783 :
674 740 842 783 laurum
870 750 1013 784 tamen
1042 741 1225 801 patitur,
1245 752 1375 802 atque
1398 743 1527 785 etiam
1552 742 1617 783 ni-

223 812 477 856 tidissimam
506 813 694 873 profert:
716 813 934 856 interdum
952 849 963 867 ‚
990 813 1062 857 sed
1091 830 1179 856 non
1203 815 1356 875 saepius
1383 831 1511 874 quam
1536 813 1615 856 sub

180 898 198 930 5
225 887 332 929 urbe
362 896 536 941 nostra,
564 897 701 930 necat.
727 888 898 930 AEstatis
928 887 1038 930 mira
1068 886 1310 931 clementia.
1336 889 1516 947 Semper
1543 902 1617 928 aer

224 960 380 1019 spiritu
412 959 557 1019 aliquo
587 970 810 1015 movetur3
841 961 1110 1021 frequentius
1137 970 1284 1004 tamen
1310 977 1462 1015 auraS,
1485 976 1615 1020 quam

178 1046 197 1076 6
225 1043 374 1076 ventos
400 1033 543 1077 habet.
566 1035 680 1077 Hine
703 1051 826 1078 senes
851 1034 1010 1078 multos
1036 1034 1199 1088 videas,
1219 1050 1322 1078 avos
1345 1049 1618 1094 proavosque

217 1106 309 1165 jam
328 1106 566 1166 juvenumg
592 1107 740 1150 audias
763 1107 930 1151 fabulas
951 1117 1136 1161 veteres,
1158 1123 1463 1167 sermonesque
1483 1105 1617 1165 majo-

223 1196 319 1222 rum
344 1196 353 1222 :
374 1196 598 1240 quumque
626 1181 794 1223 veneris
820 1180 918 1235 illo,
940 1190 1064 1241 putes
1092 1179 1175 1223 alio
1201 1189 1242 1223 te
1267 1178 1422 1223 saeculo
1447 1188 1613 1222 natum.

178 1266 195 1298 7
223 1253 428 1312 Regionis
463 1253 601 1296 forma
632 1253 938 1314 pulcl‘ierrima.
972 1254 1216 1314 Imaginare
1248 1252 1617 1313 amphitheatrum

222 1326 397 1386 aliquod
426 1327 706 1379 immensum,
727 1337 769 1370 et
791 1327 917 1387 quale
942 1326 1030 1370 sola
1056 1343 1200 1369 rerum
1221 1335 1377 1369 natura
1402 1325 1535 1385 possit
1555 1323 1618 1366 ef-

224 1398 401 1459 fingere.
419 1402 525 1443 Lata
542 1409 582 1442 et
599 1399 755 1443 diffusa
770 1399 969 1460 planities
983 1399 1205 1443 montibus
1223 1399 1434 1459 cingitur:
1451 1406 1619 1440 montes

178 1487 195 1516 8
222 1489 389 1516 summa
417 1474 480 1515 sui
502 1482 625 1532 parte
649 1489 828 1533 procera
852 1489 1030 1516 nemora
1056 1482 1098 1515 et
1121 1474 1300 1532 antiqua
1323 1471 1499 1514 habent.
1516 1472 1619 1513 Fre-

226 1619 289 1647 Ora
311 1615 400 1647 enim
423 1623 454 1647 et
475 1616 547 1646 licus
565 1626 634 1646 non
650 1622 727 1647 sunt
744 1626 892 1660 synony-

223 1681 278 1700 ma
297 1693 305 1707 ‚
327 1667 385 1699 sed
411 1666 496 1699 illud
523 1666 689 1712 quiddam
719 1666 866 1710 amplius
881 1690 889 1705 ‚

222 1721 434 1765 omninoque
461 1719 646 1751 terminum
663 1744 671 1759 ‚
699 1718 891 1752 extremita-

222 1781 288 1805 tem
302 1799 310 1812 ‚
327 1775 478 1817 ἐσχατιὰν
491 1800 499 1813 ,
522 1772 665 1805 indicat.
682 1771 891 1817 Pomponius

222 1825 313 1858 Mela
328 1838 468 1870 prooem.
482 1827 596 1857 deinde
610 1838 716 1856 rursus
735 1838 809 1856 oras
825 1838 890 1856 om-

223 1881 309 1909 nium
327 1888 357 1910 ec
375 1881 471 1910 litora
489 1877 706 1922 (expediam).
731 1877 798 1909 Ubi
816 1876 886 1909 vid.

222 1931 363 1975 interpr.
394 1931 549 1976 inprimis
572 1930 807 1963 Ciacconium.
833 1930 889 1962 Ci-

222 1996 302 2016 cero
324 1983 367 2016 de
387 1985 466 2016 Nat.
484 1984 524 2015 D.
547 1984 601 2022 II,
622 1983 683 2024 39,
704 1996 775 2025 qnoe
795 1996 890 2014 (lmoe-

223 2038 338 2067 m'tates
349 2049 477 2067 orarum
486 2046 515 2067 et
528 2039 673 2068 litorum:⁷
684 2034 796 2080 sEgid.
809 2036 888 2068 For-

223 2089 366 2121 cellinus
383 2099 390 2119 ε
408 2105 420 2116 «
432 2089 501 2121 Ora
515 2088 628 2120 differt
642 2100 658 2120 a
675 2088 773 2120 litore
784 2112 792 2127 ⁷
810 2088 890 2132 quia

224 2154 282 2172 ora
293 2141 393 2173 latius
405 2149 495 2186 patet
510 2153 516 2172 ;
530 2140 609 2185 quia
620 2148 667 2172 est
679 2139 804 2172 alicubi
817 2153 887 2178 ora,

225 2193 283 2225 ubi
297 2201 410 2226 tamen
425 2196 496 2224 litus
512 2200 653 2225 nonest.
667 2209 679 2220 »
691 2192 724 2225 S.

271 2251 304 2287 4.
324 2250 463 2288 Quceqne
485 2248 570 2284 alia,
592 2254 655 2278 etc.
680 2246 774 2277 Rom.
797 2248 890 2286 Qum-

224 2312 284 2342 que
299 2301 367 2330 alia
383 2300 488 2329 (eseia-0
508 2308 646 2340 tempore.
663 2298 748 2342 [lege
768 2298 885 2342 tepore]

225 2355 390 2387 loetancur,
413 2361 618 2392 asperlzalar,
641 2360 673 2382 et
696 2353 822 2392 respuit.
843 2350 887 2382 H.

224 2425 269 2429 —-
281 2408 385 2445 Atque
406 2404 502 2434 etium
521 2405 741 2434 nitidissimam
755 2404 886 2445 profert.

225 2456 278 2490 Sic
294 2464 325 2488 et
341 2457 435 2488 Rom.
454 2455 493 2486 H.

274 2508 305 2541 5.
323 2512 403 2540 Aer.
416 2534 422 2540 .
435 2516 598 2539 amovetur.
620 2507 673 2540 Sic
689 2515 719 2539 et
734 2508 829 2538 Rom.
845 2506 887 2539 H.

224 2578 270 2588 0-
286 2565 408 2592 Auras.
425 2585 431 2592 .
450 2570 585 2592 awaus.
607 2563 693 2590 Aura
709 2572 765 2591 aer
782 2559 864 2591 lenis
880 2584 888 2598 ‚

224 2613 381 2658 inprimis
401 2626 419 2645 a
440 2612 525 2645 mari
547 2612 678 2656 spirans
697 2623 703 2642 ι
732 2610 886 2655 Euripid.

225 2665 309 2698 Hec.
326 2667 390 2705 443
406 2691 414 2705 ‚
432 2668 512 2712 αὔρα
530 2665 660 2703 *mv-:mig
672 2693 680 2701 ,
701 2664 757 2695 uhi
773 2664 885 2697 Schol.

227 2721 360 2765 αὔραμή
396 2721 426 2759 ἐξ
458 2721 548 2764 ὑγροῦ
576 2719 763 2765 ἐκφερομένη
794 2718 885 2753 πνοή.

955 1613 1152 1646 Aristoteles
1167 1612 1210 1646 de
1225 1612 1355 1645 mundo
1371 1625 1401 1644 c.
1424 1612 1488 1650 IV,
1508 1624 1541 1656 p.
1560 1612 1618 1649 88,

954 1666 1112 1700 ed.Vulc.
1127 1667 1170 1700 τὰ
1183 1665 1219 1700 δὲ
1238 1669 1266 1700 ἐν
1286 1668 1351 1712 ἀέρι
1370 1667 1509 1699 πνέοντα
1530 1665 1618 1697 πνεύ-

955 1733 1067 1766 ματα,
1096 1724 1249 1765 καλοῦμεν
1280 1721 1421 1764 ἀνέμους“
1447 1719 1542 1762 αὔρας
1562 1714 1617 1751 δὲ,

955 1773 1012 1811 τὰς
1031 1773 1061 1812 ἐξ
1077 1774 1170 1819 ὑγροῦ
1188 1774 1360 1818 φερομένας
1377 1771 1524 1809 ἐκπνοοὶς,
1537 1769 1619 1802 3.-

954 1826 1087 1867 Spiritus
1108 1836 1233 1858 nomen
1255 1824 1408 1869 generis,
1430 1823 1529 1867 cujus
1548 1833 1621 1866 spe·

955 1877 1022 1910 cies
1035 1885 1131 1916 sunt,
1144 1887 1274 1915 ventus,
1288 1874 1522 1909 vehementior
1533 1874 1620 1906 aeris

955 1937 1080 1969 motus,
1091 1937 1224 1967 etam-11,
1235 1941 1293 1962 aer
1301 1926 1547 1961 leniterfluens.
1556 1926 1618 1958 En.

1001 1985 1033 2015 6.
1055 1986 1139 2014 Hinc
1161 1995 1248 2014 senes
1276 1983 1408 2016 multos,
1437 1986 1501 2011 etc.
1521 1980 1618 2010 Rom.

957 2035 1062 2068 «Hinc
1072 2047 1168 2068 senes
1178 2033 1301 2066 multos
1310 2030 1424 2063 videas
1432 2042 1512 2063 avos
1523 2042 1620 2074 proa-

955 2099 1092 2132 vosque.
1107 2088 1182 2118 Jam
1194 2087 1360 2131 juvenum
1379 2082 1499 2116 audias
1520 2083 1619 2115 fabu-

956 2140 1014 2173 las.
1030 2156 1043 2168 »
1062 2137 1351 2182 Interpunctionis
1373 2135 1476 2182 hujus
1499 2135 1619 2167 vitium

955 2192 1075 2225 merito
1088 2190 1232 2223 correxit
1251 2189 1476 2222 Casaubonus
1492 2199 1500 2220 z
1516 2187 1618 2219 verba

955 2245 1025 2289 ipsa
1042 2243 1164 2275 mutari
1183 2242 1265 2275 nihil
1283 2253 1419 2274 necesse
1437 2248 1497 2273 est.
1515 2239 1557 2272 H.
1574 2260 1617 2263 —

956 2300 1119 2339 Quumque
1127 2297 1249 2326 veneris
1258 2297 1323 2331 illo,
1335 2301 1399 2326 etc.
1410 2295 1504 2325 Rom.
1517 2295 1618 2333 Quum

953 2352 1077 2381 ‘veneris
1100 2351 1170 2385 illo,
1182 2357 1275 2390 putes
1294 2357 1323 2378 te
1341 2348 1408 2378 alio
1426 2347 1542 2377 saeculo
1557 2357 1617 2375 na-

954 2411 1031 2433 tum.
1050 2401 1092 2432 H.

1001 2454 1033 2485 8.
1055 2458 1192 2484 Procera
1208 2464 1338 2482 nemora
1357 2460 1388 2481 ec
1403 2450 1540 2491 atztt'qua
1555 2449 1614 2478 Ιια-

956 2509 1036 2538 bent.
1054 2507 1176 2549 Ceerlm's
1192 2503 1282 2536 silvis
1298 2509 1517 2548 opponuntur
1531 2502 1615 2531 anti-

956 2572 1046 2602 quae,
1064 2557 1188 2602 quibus
1208 2557 1258 2589 vel
1278 2556 1322 2587 ob
1339 2554 1541 2599 religionem
1566 2552 1612 2583 ali

952 2624 1056 2656 quam
1077 2610 1227 2655 parcitur
1240 2635 1248 2650 ,
1271 2608 1321 2640 vel
1340 2606 1433 2652 quod
1455 2605 1615 2638 remotio-

952 2675 1005 2696 res
1034 2670 1111 2695 suut
1139 2662 1182 2695 ab
1210 2659 1474 2693 habitationibus
1506 2656 1614 2689 homi-

952 2728 1049 2748 num.
1068 2715 1110 2746 G.
