1742 2989
587 240 930 284 EPISTOLA
963 239 1046 282 VI.

145 377 257 388 susm
263 371 1500 388 ΜΜΜΜΜΜΜΜΜΜἏΜΜΜΜΜἏὶΜΜΜΜ

773 504 875 559 VI.

126 653 358 702 Apollinari,
385 652 450 701 qui
480 651 622 696 Plinio,
651 652 688 687 in
719 651 848 688 Tuscis
880 658 1045 686 aestatem
1078 658 1231 695 acturo,
1262 650 1457 696 timuerat,
1484 657 1521 685 et

269 715 523 753 salubritatem
543 715 653 764 hujus
676 715 793 760 villae,
817 723 853 750 et
876 714 1182 751 commoditatem
1204 714 1370 763 exponit.

341 855 379 883 C.
415 853 650 882 PLINIUS
684 852 1040 880 APOLLINARI

1075 837 1094 855 4

1128 851 1228 880 SUO
1264 852 1297 881 S.

188 975 366 1017 AMAVI
401 988 552 1015 curam
585 980 628 1014 et
662 969 997 1013 sollicitudinem
1032 979 1180 1023 tuam,
1209 969 1351 1030 quod,
1385 986 1522 1030 quum

127 1045 316 1089 audisses
344 1061 413 1087 me
448 1053 592 1087 aestate
621 1046 783 1087 Tuscos
814 1059 932 1086 meos
961 1043 1225 1102 petiturum,
1251 1060 1304 1086 ne
1334 1043 1521 1086 facerem

125 1118 316 1173 suasisti,
337 1117 440 1161 dum
464 1126 590 1178 putas
611 1115 862 1159 insalubres.
891 1117 946 1159 Et
972 1132 1073 1159 sane
1095 1116 1236 1176 gravis
1257 1125 1300 1159 et
1319 1115 1522 1176 pestilens
1551 1131 1556 1136 ·

126 1208 203 1235 ora
228 1194 498 1247 Tuscorum,
529 1206 623 1250 quae
652 1206 730 1250 per
760 1188 862 1232 litus
894 1189 1153 1232 extenditur.
1184 1189 1268 1233 Sed
1297 1189 1341 1232 hi
1369 1187 1523 1250 procul

171 1329 253 1361 XL*
265 1329 314 1361 De
324 1331 508 1371 Apollinari
519 1341 552 1361 v.
568 1327 611 1361 ad
622 1329 656 1361 ΙῙ
667 1353 676 1368 ,
689 1341 742 1373 ep.
755 1340 788 1371 9.

124 1381 191 1413 En.
207 1401 253 1406 --
269 1381 378 1413 Habet
397 1381 467 1413 haee
487 1381 628 1425 epistola
655 1381 792 1424 elegan-

124 1441 193 1466 tem
206 1433 291 1465 villae
308 1434 342 1466 in
354 1434 475 1466 Tuscis
491 1433 651 1466 Plinianae
667 1432 792 1465 descri-

123 1486 298 1531 ptionem,
319 1485 361 1519 de
382 1498 451 1531 qua
476 1485 595 1519 eadem
623 1485 680 1518 hic
703 1485 793 1518 dicta

124 1537 267 1583 intelligi
276 1538 447 1578 volumus,
461 1550 535 1583 quae
545 1551 647 1583 supra
654 1536 697 1571 ad
708 1539 794 1569 Lau-

124 1590 297 1623 rentinam
326 1591 361 1622 II
373 1616 380 1630 ,
412 1603 466 1635 17,
490 1592 671 1624 observata
701 1597 791 1622 sunt.

125 1643 203 1675 Non
219 1642 361 1676 difficile
375 1652 462 1676 esset
479 1643 533 1676 hic
551 1644 652 1676 etiam
668 1643 716 1675 ire
736 1655 794 1687 per

125 1695 259 1740 singula
277 1720 285 1735 ,
318 1704 350 1728 et
379 1703 548 1741 quantum
576 1696 770 1728 Felibeuius
784 1720 792 1734 ‚

125 1756 293 1792 quantum
310 1748 477 1781 Castellus
489 1773 497 1787 ,
516 1761 535 1780 a
550 1748 659 1780 verbis
674 1755 705 1780 et
720 1760 795 1779 sen-

124 1800 229 1832 tentia
246 1800 346 1832 Plinii
365 1800 596 1833 aberraverint
612 1825 620 1839 ‚
638 1798 795 1832 ostende-

125 1864 174 1884 re.
184 1851 249 1885 Sed
260 1865 368 1897 quum
379 1853 540 1897 pictorem
553 1860 585 1885 et
597 1851 794 1895 chalcogra-

125 1904 234 1948 plium
252 1905 304 1936 vix
322 1905 479 1938 admittat
498 1905 570 1937 haec
590 1903 691 1937 editio
704 1928 711 1942 ‚
732 1916 794 1938 nec

126 1956 275 1989 multum
291 1958 417 1990 referat
437 1957 585 1990 aliorum
599 1969 732 1989 errores
748 1969 797 1989 re-

127 2007 313 2054 darguere,
337 2009 400 2042 nisi
423 2010 564 2042 meliora
587 2009 661 2054 ipse
678 2008 798 2041 substi-

125 2069 203 2094 tuas
236 2073 244 2093 ι
274 2062 355 2094 satis
389 2061 424 2095 in
460 2062 639 2106 praesentia
674 2061 775 2093 fuerit
788 2085 795 2099 ,

126 2126 256 2146 novum
283 2115 381 2159 quasi
403 2126 490 2159 opus
518 2113 693 2145 nuntiasse
718 2112 797 2144 viris

129 2166 280 2211 alioquin
300 2166 560 2212 elegantissimis
572 2191 580 2206 ‚
595 2178 636 2198 ne
657 2164 797 2197 illorum

128 2217 371 2252 aedificationes
395 2218 560 2251 Plinianis
587 2218 735 2263 epistolis
764 2217 798 2249 in

128 2278 305 2316 posterum
324 2270 494 2304 officiant.
511 2272 679 2304 Caeterum
698 2269 797 2302 xideo

128 2334 290 2356 recusum
312 2335 382 2355 esse
406 2323 570 2356 Felibenii
591 2322 798 2367 opusculum

129 2373 197 2408 hoc
222 2375 321 2407 titulo
347 2387 353 2407 :
378 2377 498 2407 De'lices
520 2377 573 2406 des
600 2378 739 2407 maisons
762 2376 800 2405 de

131 2440 308 2471 campagne
320 2429 462 2470 appele'es
479 2430 506 2458 le
525 2429 700 2458 Laurentia
720 2436 750 2458 ec
768 2429 799 2457 la

132 2482 253 2511 maison
269 2482 308 2511 de
324 2483 472 2512 Toscane.
488 2480 596 2511 Amst.
616 2480 700 2522 1736
715 2504 724 2517 ‚
746 2491 796 2511 12.

131 2532 173 2564 Et
186 2532 284 2564 Plinii
301 2540 332 2564 et
351 2532 513 2565 Felibenii
531 2531 659 2564 mentio
677 2529 799 2563 fraude

133 2584 247 2617 nescio
257 2586 355 2630 cujus
366 2585 502 2617 omissa.
514 2583 799 2616 G.——Theotisce

132 2637 231 2669 vertit
249 2645 282 2669 et
306 2637 547 2682 interpretatus
575 2644 622 2669 est
643 2637 683 2668 A.
707 2635 800 2669 Rode

133 2688 168 2721 in
179 2689 360 2722 vernacula
367 2689 517 2723 Vitruvii
528 2688 684 2723 versione
697 2689 739 2722 T.
749 2689 798 2729 II,

133 2752 170 2785 p.
188 2743 250 2782 54,
264 2753 338 2787 sqq.
351 2742 384 2776 S.

905 1341 935 1361 1.
953 1331 1070 1360 Amavi
1087 1343 1196 1361 curam
1224 1339 1255 1360 ec
1278 1331 1525 1361 sollicitudinem

856 1390 953 1413 tuam.
969 1381 1090 1414 Cicero
1114 1395 1168 1427 ep.
1188 1394 1207 1425 9
1224 1407 1232 1421 ,
1257 1384 1295 1414 16
1308 1407 1315 1421 ‚
1333 1381 1406 1414 init.
1432 1399 1445 1410 «
1462 1382 1526 1413 De-

856 1432 1068 1465 lectaverunt
1087 1446 1141 1465 me
1158 1441 1222 1465 tuae
1241 1433 1343 1466 litei-ze
1370 1445 1377 1465 :
1404 1433 1439 1465 in
1454 1432 1529 1478 qui-

857 1485 921 1518 bus
935 1485 1086 1530 primum
1107 1486 1221 1518 amavi
1237 1498 1388 1518 amorem
1408 1494 1506 1517 tuum
1517 1510 1526 1524 ‚

857 1538 938 1583 qui,
957 1545 1021 1571 ete.
1039 1554 1052 1566 υ
1073 1538 1134 1570 ubi
1151 1537 1227 1570 vide
1242 1538 1408 1570 Cortium.
1432 1538 1465 1571 S.
1484 1558 1528 1562 —-

861 1592 964 1632 Quod,
978 1604 1073 1633 quum
1084 1593 1235 1623 audisses.
1250 1591 1347 1623 Rom.
1362 1593 1423 1632 Qui
1433 1603 1530 1632 quum

859 1645 1000 1674 audisses
1014 1657 1025 1674 .·
1035 1642 1114 1675 Ald.
1128 1645 1330 1686 quodquam.
1343 1642 1384 1674 H.
1394 1642 1532 1674 -Prae-

860 1695 932 1728 fero
947 1697 1004 1738 qui
1015 1702 1051 1727 ut
1066 1695 1276 1740 exquisitius.
1289 1696 1410 1728 Cicero
1425 1707 1478 1739 ep.
1492 1695 1508 1726 1
1518 1720 1528 1733 ‚

859 1758 894 1789 9,
912 1747 949 1779 31
966 1759 973 1779 :
993 1746 1103 1779 «Illud
1117 1746 1257 1792 quidem
1271 1754 1360 1780 certe
1374 1754 1532 1779 nostrum

859 1798 1042 1831 consilium
1055 1800 1133 1844 jure
1151 1798 1364 1831 laudandum
1381 1806 1430 1831 est
1444 1823 1452 1837 ‚
1471 1798 1533 1842 qui

860 1863 952 1884 meos
969 1851 1076 1884 cives.
1093 1875 1099 1881 .
1116 1875 1122 1881 .
1139 1875 1146 1882 .
1157 1851 1260 1883 servis
1279 1851 1416 1883 armatis
1427 1849 1531 1896 objici

860 1903 1059 1935 noluerim.»
1083 1901 1165 1935 Vid.
1181 1903 1227 1935 ibi
1242 1903 1409 1936 Cortium.
1428 1903 1461 1935 S.

910 1968 940 1987 2.
962 1959 1005 1986 Et
1027 1968 1104 1986 sane
1127 1957 1245 1997 gravis.
1272 1956 1351 1987 Nou
1373 1967 1458 1999 opus
1485 1962 1534 1987 est

862 2007 970 2040 Cortii
983 2007 1183 2051 conjectura
1203 2007 1277 2046 uti,
1296 2016 1343 2038 est
1356 2020 1448 2043 sane,
1467 2014 1532 2040 etc.

860 2060 948 2092 Nam
967 2067 999 2092 et
1013 2060 1115 2092 simili
1130 2059 1233 2092 modo
1248 2060 1377 2092 Plinius
1398 2059 1431 2091 II
1447 2084 1454 2099 ‚
1479 2071 1533 2103 17,

863 2111 902 2144 25
918 2123 925 2143 :
941 2115 985 2143 Et
1008 2114 1137 2143 omuino
1155 2114 1255 2143 litoris
1278 2113 1362 2143 illius
1381 2114 1462 2143 mira
1477 2125 1534 2143 na-

861 2174 946 2197 tura.
979 2163 1045 2198 Sed
1083 2164 1264 2197 offendere
1298 2164 1423 2209 possit,
1456 2177 1514 2195 ora
1525 2190 1531 2194 .

862 2230 934 2259 qnae
939 2230 997 2259 per
1010 2219 1081 2248 litus
1094 2219 1288 2255 extenditur,
1302 2224 1466 2261 tanquam
1478 2215 1536 2248 ad-

863 2269 1006 2302 modum
1020 2269 1231 2315 pleouastice
1247 2267 1393 2301 dictum.
1412 2269 1535 2300 Nouuv

863 2323 973 2366 aptius
996 2329 1101 2361 esset,
1121 2322 1147 2354 si
1166 2322 1337 2367 legeretur
1353 2346 1361 2361 ,
1379 2323 1486 2364 gravis
1507 2330 1538 2351 et

860 2377 1007 2417 pestilens
1035 2388 1118 2407 aura
1152 2378 1319 2406 Tuscorum
1332 2399 1340 2411 ,
1371 2386 1435 2415 qua
1465 2375 1535 2404 litu>-

863 2429 1068 2459 emendicare
1080 2428 1158 2460 Haec
1177 2427 1260 2460 scita
1274 2427 1471 2472 conjectura
1488 2431 1535 2455 est

862 2479 925 2511 viri
938 2478 1030 2512 (loeti
1043 2504 1050 2519 ‚
1063 2480 1121 2525 qui
1131 2480 1167 2512 in
1178 2479 1323 2524 Ephem.
1337 2478 1386 2509 lit.
1399 2477 1536 2509 Jeuens.

862 2531 955 2564 hunc
969 2531 1085 2564 locum
1099 2533 1134 2564 in
1150 2543 1293 2565 censura
1310 2529 1391 2562 edit.
1407 2528 1534 2574 Gierig.

863 2592 1079 2617 tractaverat.
1096 2584 1136 2616 E.
1153 2605 1197 2608 —-
1213 2587 1271 2614 Est
1283 2594 1361 2614 same
1374 2581 1534 2613 Cortiana

862 2636 898 2669 in
920 2644 1013 2669 textu
1041 2637 1143 2669 hahet
1159 2661 1166 2675 ‚
1188 2634 1273 2667 nihil
1295 2635 1329 2666 in
1352 2634 1442 2666 notis
1462 2646 1535 2665 nio-

865 2702 949 2721 nens
969 2687 1011 2721 (lc
1029 2688 1184 2721 lectionis
1205 2687 1384 2720 varietate.
1405 2685 1535 2718 Caetera

863 2741 933 2773 noli
941 2748 1085 2774 tentare.
1097 2739 1220 2774 Nullus
1231 2739 1286 2772 hic
1302 2738 1531 2779 pleonasmus.
