1742 2989
537 205 886 249 EPISTOLA
922 206 1119 248 XVIII.

127 297 280 348 patus;
309 286 383 331 sed
410 287 580 331 occasio
611 286 830 330 scribendi
858 285 925 331 vel
952 303 1072 341 rara,
1098 285 1164 329 vel
1194 286 1347 330 nulla?
1374 289 1528 332 Exime

128 362 245 407 hunc
272 361 379 405 mihi
409 358 666 421 scrupulum
682 395 693 416 7
718 360 789 404 cui
815 376 895 421 par
921 376 1012 404 esse
1036 376 1126 403 non
1153 376 1346 420 possum.
1374 362 1529 405 Exime

127 445 272 478 autem
303 433 370 477 vel
397 432 498 477 data
529 450 662 494 opera
696 432 923 477 tabellario
957 433 1090 477 misso
1128 449 1137 476 :

127 524 208 568 ego
243 507 374 551 etiam
409 507 638 567 praemium
675 505 787 550 dabo
821 523 830 550 :
859 507 1034 550 nuntiet
1074 505 1182 549 mihi
1224 505 1382 561 modo,
1412 507 1531 567 quod

126 591 247 641 opto.
273 583 371 641 Ipse
391 579 515 624 valeo
531 615 543 635 ‚
572 580 607 623 si
633 579 777 624 valere
798 589 884 636 est,
907 595 1167 640 suspensum
1188 588 1230 622 et
1255 579 1435 623 anxium
1461 580 1527 623 vi·
1557 584 1563 611 ἵ

126 670 251 709 vere,
287 662 611 714 exspectantem
648 654 692 696 in
726 653 883 709 horas,
920 653 1235 712 timentemque
1269 669 1350 713 pro
1386 653 1530 714 capite

1445 207 1529 268 189

1174 448 1255 493 ego
1289 432 1497 477 viaticum
1518 469 1530 489 ‚

126 726 414 782 amicissimo,
442 726 657 788 quidquid
685 726 880 770 accidere
906 725 1075 769 homini
1100 734 1258 786 potest.
1276 724 1400 770 Vale.

126 859 265 892 Livium
278 861 314 900 Ι,
337 860 400 901 58,
422 867 454 893 et
472 859 556 893 alias
579 872 678 905 saepe.
700 860 795 901 Quin

124 911 205 945 Ter.
225 912 333 946 Andr.
347 914 413 953 IV,
436 915 456 946 6
471 938 479 953 ,
500 925 534 956 9.
555 915 642 954 Quid
654 926 714 944 νος
732 926 794 955 quo

120 975 221 1007 pacto
233 967 302 997 hic?
310 968 426 998 saci’ne
436 975 520 998 recte
528 971 544 997 f·
552 966 595 998 Et
603 966 778 999 NosterVI
785 990 793 1005 ,

127 1030 143 1050 2
157 1042 166 1058 ‚
190 1030 230 1051 10
243 1043 251 1059 ,
268 1021 398 1062 Ecquid
410 1021 519 1051 omnia
538 1021 570 1050 in
591 1028 647 1050 tua
662 1017 796 1064 (domo)

125 1080 208 1102 recte
215 1070 315 1103 PVid.
327 1070 469 1104 omnino
478 1070 629 1104 Brisson.
640 1070 683 1104 de
691 1072 779 1104 form
786 1098 793 1104 .

124 1122 236 1162 VIII,
255 1123 297 1157 65
313 1148 322 1163 ,
341 1136 418 1168 pag.
441 1131 506 1168 724
523 1148 530 1163 ‚
549 1136 689 1169 nupcrae
710 1123 793 1157 edit.

125 1174 296 1208 Caeterum
317 1175 412 1208 hunc
431 1177 547 1209 locum
574 1183 795 1221 repraesenta-

126 1227 239 1261 vimus
270 1241 309 1261 ex
339 1229 545 1274 conjecturis
577 1229 773 1262 Casauboni
786 1253 795 1269 ‚

125 1292 211 1324 quas
224 1280 366 1315 firmant
390 1280 491 1321 libri,
512 1282 573 1327 qui
599 1281 717 1315 Coi-tio
738 1294 797 1327 pa·

124 1333 383 1378 tuere.Vulgata
392 1335 594 1367 sententiam
603 1334 797 1374 nonhabet,

124 1385 190 1417 nisi
202 1385 285 1431 quid
300 1387 388 1419 forte
404 1386 572 1432 exsculpis
584 1412 592 1427 ‚
606 1387 714 1419 lector
727 1412 735 1427 ‚
757 1400 796 1420 ex

126 1437 198 1470 istis
215 1450 222 1471 :
240 1456 256 1467 «
268 1440 416 1472 Rectene
434 1439 569 1479 omnia,
590 1439 685 1484 quod
708 1441 795 1485 jam-

123 1491 257 1536 pridem
289 1492 437 1537 epistolae
464 1501 530 1526 tuae
561 1500 718 1533 cessant,
750 1505 794 1526 an

861 872 930 892 non
950 859 1067 893 omnia
1079 857 1194 892 recte?
1208 857 1274 892 Sed
1289 866 1478 904 occupatus
1496 871 1531 891 es

861 920 911 945 tu.
934 912 988 945 Au
1013 919 1050 944 tu
1075 911 1289 957 occupatus?
1306 911 1373 945 Sed
1397 912 1533 944 occasio

862 963 1036 999 scribendi
1056 964 1111 997 vel
1128 977 1206 997 rara
1220 989 1228 1004 ‚
1249 964 1305 997 vel
1326 964 1463 997 nulla.»
1486 963 1530 996 G.

862 1038 907 1043 —
919 1019 1017 1051 Rom.
1034 1019 1197 1051 «Rectene
1208 1017 1325 1050 onmia
1336 1042 1345 1057 ,
1359 1016 1451 1062 quod
1464 1019 1532 1063 jam

861 1070 996 1117 pridem
1025 1070 1174 1117 epistolae
1206 1078 1271 1103 tuae
1302 1070 1460 1104 cessant?
1488 1083 1532 1103 an

862 1136 931 1156 non
952 1125 1068 1157 onmia
1085 1131 1176 1157 recte
1188 1149 1196 1164 ‚
1218 1122 1276 1157 sed
1297 1130 1484 1168 occupatus
1499 1136 1534 1155 es

862 1184 898 1208 tu
907 1176 920 1208 Ρ
929 1177 981 1208 An
992 1189 1062 1209 non
1071 1184 1273 1221 occupatus,
1284 1175 1342 1209 sed
1350 1175 1507 1210 occasio?
1520 1192 1533 1205 υ

862 1229 941 1262 Haec
957 1242 975 1262 a
990 1241 1071 1262 vera
1088 1228 1237 1262 lectione
1250 1254 1258 1270 ‚
1273 1241 1380 1274 quam
1396 1228 1533 1262 Cortius

862 1281 1006 1314 restituit
1018 1306 1026 1321 ‚
1047 1294 1118 1314 non
1131 1281 1234 1326 longe
1249 1280 1428 1314 recedunt.
1450 1281 1493 1313 H.

911 1348 941 1367 2.
958 1336 1073 1366 Exime
1083 1336 1166 1365 hanc
1180 1335 1258 1365 milzi
1275 1336 1466 1376 scrupulum,
1482 1334 1533 1366 Ita

861 1387 962 1420 etiam
978 1388 1075 1420 Rom.
1088 1387 1132 1420 H.
1142 1387 1324 1418 ——Nmm‘ec
1334 1387 1414 1417 milli
1425 1388 1532 1424 modo,

862 1442 951 1482 quod
962 1449 1046 1482 opto.
1062 1441 1161 1473 Rom.
1177 1441 1302 1471 nunciet
1315 1440 1409 1470 modo
1423 1463 1430 1475 ‚
1447 1440 1537 1481 quod

861 1502 946 1535 Ol)ll).
964 1491 1006 1524 H·

125 1631 911 1648 ⁸“msm=·v==m=‡=“stusunssaethzstm
919 1636 1277 1648 §mzmxnmmxsz
1283 1635 1522 1646 mnmxtnvws

695 1788 941 1844 XVIII.

127 1953 366 2002 Panegyrici,
386 1953 541 1991 uberius
557 1984 566 2000 ‚
589 1968 703 2004 qnam
722 1955 759 1991 in
780 1963 913 1992 senatu
931 1954 1099 2000 dixerat,
1116 1954 1325 2001 elaborati,
1345 1955 1533 1991 recitatio-

179 2031 266 2054 nem
288 2032 374 2055 cum
398 2020 596 2070 voluptate
618 2029 814 2070 exceptam
836 2019 1025 2057 denarrat.
1047 2020 1178 2057 Altera
1196 2020 1383 2069 proefizlio
1410 2034 1532 2070 panc-

180 2082 299 2131 gyrici
317 2083 397 2121 haec
418 2084 577 2135 epistola
596 2093 661 2121 est.
687 2087 756 2122 En.

426 2232 739 2261 C.PL1N1US
775 2231 981 2260 SEVERO
1007 2213 1025 2232 ⁴⁶
1061 2230 1162 2260 SUO
1198 2231 1232 2258 s.

198 2358 316 2400 OFF
333 2372 345 2399 1
361 2372 385 2401 C
403 2372 415 2399 1
433 2373 462 2401 U
478 2374 514 2402 M
552 2358 802 2402 consulatus
839 2359 1029 2418 injunxit
1054 2359 1186 2413 mihi,
1209 2367 1256 2401 ut
1283 2354 1532 2417 reipublicae

132 2429 309 2473 nomine
325 2430 514 2491 principi
535 2432 695 2491 gratias
712 2448 901 2492 agerem.
918 2431 1051 2488 Quod
1065 2448 1146 2492 ego
1168 2431 1210 2473 in
1230 2438 1381 2473 senatu
1396 2444 1532 2487 quum

180 2560 331 2593 XV111.*
346 2563 478 2593 Catilius
491 2565 628 2600 Severus,
645 2561 687 2595 ad
697 2574 799 2608 quem

135 2612 171 2653 Ι,
188 2626 242 2658 ep.
266 2627 305 2646 22
318 2639 326 2654 ‚
346 2613 490 2659 scripsit.
509 2614 575 2646 En.

186 2677 199 2697 1
209 2666 341 2706 .Quum
355 2691 363 2705 ‚
378 2674 531 2713 tempore
546 2666 707 2711 Augusti,
721 2667 800 2698 novi

136 2721 277 2750 consules
303 2726 423 2765 sponte
447 2719 625 2764 coepissent
648 2731 711 2751 sno
739 2732 801 2751 no-

867 2564 959 2597 mine
980 2566 1104 2607 gratias
1127 2576 1221 2606 agere
1246 2560 1371 2593 Caesari
1387 2584 1395 2599 ‚
1414 2567 1532 2604 postea

866 2616 1168 2650 senatusconsulto
1204 2613 1427 2647 constitutum
1462 2619 1532 2650 est,

868 2676 903 2701 nt
926 2668 960 2701 id
980 2669 1130 2701 facerent
1155 2666 1254 2699 otiam
1280 2667 1408 2696 nomine
1434 2666 1534 2706 reipu-

868 2723 967 2752 micas.
990 2721 1052 2752 En.
