1757 2880
2 1690 7 1964 l

3 1965 8 2151 Β

586 85 622 124 J.
661 83 723 124 M.
764 80 1086 123 GESNERI.
1439 95 1542 121 xxxi

144 168 414 219 viderentur,
443 163 516 208 sed
545 162 641 206 illos
668 162 821 216 etiam,
847 163 892 204 in
918 161 1076 220 quibus
1105 159 1335 202 adhaesisse
1353 194 1363 214 ,
1391 177 1545 220 quam-

141 257 275 303 quam
302 237 500 282 facilibus
526 245 568 279 et
588 236 749 295 apertis
776 244 926 278 nostro
946 233 1138 293 judiciO,
1165 232 1270 275 alios
1296 232 1549 288 observaba-

144 331 255 358 mus.
284 311 481 371 Contigit
508 309 637 352 etiam
664 308 757 364 hic,
783 307 900 368 quod
926 321 1069 366 nuper
1098 306 1142 348 in
1166 304 1470 362 Quintiliano,
1501 316 1549 348 ut

144 385 326 429 dicenda
361 392 524 438 essent,
559 398 638 442 pro
678 381 866 424 instituti
894 380 1104 423 nimirum
1144 379 1331 435 ratione,
1360 395 1449 421 non
1476 395 1549 433 ea,

142 476 240 519 quae
273 459 363 519 ipse
391 457 558 517 primus
587 454 694 509 vidi,
725 470 819 514 quae
851 454 995 497 nescio
1022 468 1152 513 quam
1182 451 1319 494 multa
1344 452 1452 506 sint;
1477 451 1547 494 sed

145 549 241 593 quae
272 530 535 583 necessaria,
562 537 637 571 aut
665 526 895 570 commoda
924 535 1038 569 certe
1070 524 1325 579 lectoribus,
1357 522 1458 567 licet
1483 522 1548 565 di-

145 615 214 650 cta
236 605 290 648 ab
308 603 403 648 aliis
424 618 616 664 quoque,
637 600 897 644 arbitrabar.
920 600 1089 643 Morem
1114 598 1316 657 equidem
1343 596 1466 640 illum
1487 606 1549 641 te-

146 678 244 731 nui,
264 676 373 720 nihil
394 686 442 719 ut
462 691 690 735 ponerem,
704 673 787 716 nisi
803 672 921 733 quod
942 673 1002 716 ita
1019 688 1062 715 se
1078 672 1257 727 habere,
1271 671 1378 714 meis
1396 669 1551 725 oculis,

147 768 243 795 meo
273 751 442 803 animo,
471 748 794 810 cognovissem,
819 747 852 789 si
886 746 1003 806 quod
1032 746 1259 788 inventum
1288 760 1550 787 commemo-

147 834 242 867 ratu
266 823 448 883 dignum
469 820 715 872 videretur,
741 819 908 863 auctori
934 835 1011 862 suo
1035 817 1221 861 libenter
1241 818 1553 871 adscribe-rem,

147 897 348 940 Cortium
368 894 606 956 praesertim
629 892 1011 952 Schwarziumque
1038 890 1289 951 frequenter
1313 889 1551 933 laudarem.

211 972 305 1013 Hoc
333 969 468 1028 igitur
491 965 706 1027 quidquid
731 975 795 1009 est
825 982 966 1025 operae
996 980 1100 1007 meae
1131 963 1235 1019 tibi,
1264 961 1555 1005 illustrissime.

149 1059 315 1095 comes,
349 1042 542 1085 dicatum
569 1056 658 1083 esse
687 1038 786 1082 volo
818 1056 866 1082 ea
897 1038 989 1098 lege
1021 1047 1150 1097 atque
1189 1035 1466 1090 conditione,
1493 1035 1554 1077 uti

151 1115 381 1175 profitear,
407 1125 482 1158 tua
508 1114 639 1157 etiam
665 1112 961 1165 humanitate,
993 1121 1069 1154 tua
1095 1109 1369 1169 indulgentia
1396 1108 1557 1152 excita·
1599 1152 1604 1155 ‚

155 1198 246 1232 tum
273 1187 458 1232 libenter
484 1195 690 1230 tractasse
718 1184 936 1239 Plinium,
965 1183 1084 1243 quod
1109 1198 1443 1243 cognoscerem,
1470 1196 1560 1223 esse

148 1261 267 1321 apud
294 1271 334 1304 te
366 1261 410 1303 in
442 1260 609 1303 honore
640 1258 769 1301 hasce
800 1256 966 1312 literas,
990 1266 1118 1316 teque
1143 1254 1463 1315 sapientissima
1489 1268 1559 1296 ra-

152 1334 294 1388 tione,
321 1334 375 1376 ab
406 1332 583 1393 optimis
610 1330 837 1392 praeceptis
863 1340 905 1374 et
934 1340 1010 1373 tuo
1036 1329 1173 1390 ipsius
1199 1327 1561 1371 excellentissimo

152 1408 326 1467 ingenio
343 1406 534 1467 profecta
547 1442 557 1458 ,
572 1405 799 1460 arbitrari,
817 1404 908 1457 vix,
924 1413 973 1447 ut
996 1419 1063 1446 res
1084 1412 1186 1445 sunt
1205 1401 1336 1444 hodie
1350 1436 1360 1456 ,
1380 1399 1563 1444 feliciter

152 1480 328 1523 tractari
346 1490 521 1524 caeteras
542 1478 750 1522 doctrinae
766 1488 910 1538 partes
937 1493 1083 1538 posse,
1104 1476 1188 1519 nisi
1211 1475 1308 1535 quis
1329 1474 1382 1517 ab
1403 1474 1562 1517 horum

152 1553 364 1598 librorum
379 1570 460 1597 usu
478 1551 905 1613 diligentijudicium
916 1587 926 1607 ,
942 1560 983 1594 et
997 1549 1120 1610 quasi
1135 1558 1312 1610 gustum
1331 1547 1561 1608 quemdam

151 1625 444 1686 ‘veri,pulchri
459 1662 469 1681 ,
486 1635 527 1669 et
545 1625 740 1681 honesti,
757 1624 875 1685 quod
895 1634 987 1667 tum
1006 1624 1050 1666 in
1068 1622 1281 1675 oratione,
1301 1631 1394 1664 tum
1413 1621 1457 1663 in
1475 1620 1565 1663 vita

152 1708 194 1741 et
219 1698 534 1742 consuetudine
553 1698 786 1741 hominum
807 1696 1100 1758 conspicitur,
1124 1693 1336 1738 retulerit.

216 1773 421 1825 Exstant,
439 1780 481 1814 et
499 1787 577 1814 suo
598 1781 793 1830 tempore
812 1767 1276 1814 commemorabuntur
1293 1767 1410 1828 apud
1429 1775 1565 1827 poste-

154 1861 224 1888 ros
246 1844 399 1899 etiam,
420 1843 659 1903 singularia
684 1842 814 1903 plane
836 1842 1091 1886 excubantis
1112 1858 1192 1902 pro
1215 1850 1255 1884 te
1274 1840 1565 1884 Providentiae

153 1917 310 1960 divinae
338 1932 544 1967 munera,
577 1932 672 1975 quae
699 1915 932 1958 orbitatem
966 1924 1086 1957 tuam
1116 1916 1175 1957 ita
1201 1914 1487 1974 gubernavit,
1516 1921 1566 1955 ut

155 1989 310 2032 merito
331 1989 627 2049 suspicemur,
649 1987 886 2047 praeparari
908 1997 949 2030 te
968 1986 1253 2047 magnificum
1272 1985 1386 2030 illius
1404 1987 1563 2029 instru-

156 2072 352 2105 mentum
377 2061 431 2105 ad
454 2060 636 2105 salutem
659 2070 701 2104 et
720 2060 970 2104 felicitatem
996 2059 1289 2121 plurimorum
1314 2060 1565 2113 hominum,

159 2144 252 2178 tum
277 2136 351 2196 qui
380 2136 424 2178 in
450 2145 524 2178 tua
548 2134 714 2177 ditione
741 2144 868 2187 sunt,
898 2143 992 2177 tum
1018 2132 1205 2178 aliorum
1232 2149 1432 2194 quoque,
1462 2148 1561 2193 pro-

159 2208 412 2251 curandam.
437 2209 538 2252 Non
567 2217 675 2268 puto
701 2224 846 2251 errare
874 2224 967 2260 me,
993 2208 1027 2250 si
1054 2207 1168 2250 inter
1197 2205 1269 2249 illa
1296 2222 1478 2250 munera
1501 2205 1565 2249 lo-

156 2297 257 2324 cum
289 2281 479 2323 tribuam
507 2297 595 2324 non
623 2290 893 2340 postremum
924 2279 1009 2333 illi,
1034 2279 1153 2340 quod
1180 2279 1386 2322 comitem
1418 2279 1497 2322 tibi
1526 2288 1568 2322 et

160 2353 460 2397 adolescentiae
475 2363 558 2396 tuce
577 2364 788 2397 rectorem
805 2353 1052 2413 adsignavit
1071 2352 1569 2413 consultissimumjuris

159 2437 203 2470 et
223 2427 364 2470 omnis
385 2427 606 2487 sapientiae
629 2427 964 2471 Risenbeckium
991 2437 1118 2471 tuum
1133 2462 1144 2483 ,
1164 2427 1287 2486 cujus
1313 2443 1449 2487 quum
1473 2444 1570 2488 pru-

161 2499 353 2543 dentiam
376 2509 415 2543 et
437 2499 565 2543 fidem
588 2500 633 2542 in
654 2501 740 2544 suis
759 2500 1018 2561 pignoribus
1037 2502 1259 2561 cognitam
1281 2511 1568 2560 perspectam-

164 2589 248 2632 que
282 2572 462 2616 feliciter
502 2572 724 2616 habuisset
757 2573 1075 2617 illustrissimus
1112 2583 1232 2617 tutor
1272 2582 1371 2616 tuus
1413 2574 1569 2617 Henri-

168 2661 244 2687 cus
279 2647 432 2690 XXIV
466 2662 596 2706 quem
631 2655 732 2689 ante
764 2645 967 2701 laudavi,
1003 2664 1103 2691 eum
1136 2646 1216 2689 tibi
1251 2646 1474 2703 adjunxit,
1503 2648 1574 2689 cniv
