1742 2989
102 956 142 978 10

108 1322 142 1342 11

110 1617 149 1637 12

167 193 227 256 98
582 191 630 233 0.
666 186 893 232 PLINII
928 188 1056 230 LIB.
1093 189 1157 230 II.

167 273 462 335 strangulatus
489 273 533 315 in
561 286 748 315 carcere.
779 268 863 313 Sed
887 271 1165 312 Honoratum
1192 268 1433 329 cognitioni
1458 284 1576 312 sena-

168 358 236 391 tus
255 363 372 391 mors
392 354 642 406 opportuna
662 342 878 387 subtraxit
898 358 907 384 :
929 342 1175 385 Martianus
1196 341 1398 386 inductus
1419 351 1483 384 est
1506 341 1575 384 ab·

167 431 289 464 sente
313 421 476 464 Prisco.
507 420 661 477 Itaque
691 416 878 459 Tuccius
904 414 1094 459 Cerealis
1124 413 1362 458 consularis
1384 415 1482 474 jure
1508 430 1574 457 se-

167 494 340 538 natorio
370 490 640 553 postulavit,
678 498 727 532 ut
759 489 931 532 Priscus
967 488 1127 531 certior
1161 487 1285 531 fieret
1315 505 1323 531 :
1356 488 1445 531 sive
1473 487 1577 547 quia

165 565 554 619 miserabiliorem,
580 562 669 606 sive
702 562 807 622 quia
840 560 1167 604 invidiosiorem
1200 560 1296 605 fore
1329 560 1577 604 arbitraba-

167 651 259 696 tur,
285 641 319 684 si
350 654 539 700 praesens
570 636 753 691 fuisset3
787 635 874 679 sive
907 633 1046 695 (quod
1071 634 1259 677 maxime
1283 632 1444 694 credo)
1474 633 1580 693 quia

167 714 466 774 aequissimum
493 720 587 755 erat
616 725 851 755 commune
879 709 1046 752 crimen
1077 707 1132 751 ab
1161 717 1349 767 utroque
1380 705 1579 761 defendi,

168 797 211 831 et
227 788 261 831 si
288 786 396 830 dilui
416 801 507 829 non
531 785 747 845 potuisset
762 818 773 838 ,
797 783 843 825 in
860 792 1051 842 utroque
1073 782 1236 842 puniri.
1260 781 1409 825 Dilata
1428 797 1495 824 res
1515 789 1580 824 est

169 860 214 903 in
239 860 491 921 proximum
518 867 746 911 senatum3
774 857 898 916 cujus
925 856 1015 916 ipse
1041 865 1299 916 conspectus
1324 854 1577 916 augustissi-

168 950 265 977 mus
289 933 383 977 fuit.
410 933 617 993 Princeps
639 929 898 991 praesidebat
913 964 924 986 ,
949 939 1043 973 erat
1067 930 1185 972 enim
1211 928 1363 973 consul
1386 945 1395 971 z
1419 927 1474 971 ad
1495 927 1580 970 1100

167 1008 403 1052 Januarius
427 1006 587 1050 mensis
609 1022 745 1065 quum
767 1013 922 1048 caetera
936 1038 947 1055 ,
967 1012 1061 1046 tum
1086 1002 1306 1064 praecipue
1327 1010 1579 1045 senatorum

168 1080 415 1140 frequentia
435 1078 742 1123 celeberrimus
760 1094 769 1120 ε
785 1086 998 1137 praeterea
1019 1092 1178 1119 caussae
1199 1074 1459 1135 amplitudo,
1481 1090 1581 1117 auc-

169 1162 301 1213 taque
328 1152 538 1196 dilatione
565 1150 830 1212 exspectatio
858 1159 900 1193 et
927 1149 1064 1205 fama,
1086 1148 1354 1208 insitumque
1380 1145 1583 1191 mortali-

171 1226 252 1269 bus
269 1226 464 1270 studium
484 1241 647 1288 magna
668 1233 711 1268 et
737 1223 948 1267 inusitata
970 1222 1200 1278 noscendi,
1217 1238 1368 1266 omnes
1388 1219 1583 1281 undique

172 1300 405 1344 exciverat.
433 1299 702 1359 Imaginare,
744 1313 839 1357 quae
869 1295 1116 1340 sollicitudo
1144 1296 1290 1350 nobis,
1316 1295 1391 1356 qui
1421 1303 1584 1347 metus,

172 1373 333 1433 quibus
363 1388 493 1433 super
526 1381 649 1415 tanta
680 1387 751 1426 re,
788 1371 833 1412 in
870 1369 942 1413 illo
981 1380 1120 1424 coetu,
1148 1378 1361 1430 praesente
1389 1370 1584 1421 Caesare,

173 1446 409 1490 dicendum
435 1455 539 1488 erat.
565 1443 781 1504 Equidem
812 1443 857 1485 in
887 1452 1041 1486 senatu
1069 1459 1158 1485 non
1184 1440 1314 1485 semel
1341 1442 1408 1501 egi
1440 1457 1450 1483 :
1477 1441 1585 1501 quin

174 1520 263 1563 imo
284 1535 501 1579 nusquam
529 1517 672 1561 audiri
694 1516 925 1576 benignius
948 1515 1063 1559 soleo
1086 1531 1094 1558 :
1121 1525 1226 1557 tunc
1250 1530 1320 1557 me
1346 1523 1517 1568 tamen,
1536 1522 1586 1556 ut

176 1609 289 1636 nova
315 1592 462 1635 omnia
487 1607 601 1634 novo
626 1599 748 1634 metu
773 1589 1101 1650 permovebant.
1125 1587 1452 1632 Obversabatur
1472 1603 1586 1646 prae-

178 1763 340 1808 deinceps
367 1761 540 1808 sequstur,
563 1762 622 1795 ubi
651 1761 694 1794 cle
720 1760 851 1794 Tuccio

178 1817 313 1850 Cereali
327 1841 336 1856 ,
352 1828 411 1848 seu
426 1814 564 1848 Ceriali.
582 1816 616 1848 S.

229 1882 259 1911 9.
282 1870 423 1900 Tuccius.
439 1868 487 1899 Ex
502 1866 598 1899 omni
612 1866 777 1899 varietate
789 1866 853 1898 hu-

175 1923 232 1968 jus
250 1921 402 1954 nominis
422 1933 441 1953 a
459 1919 578 1953 Cortio
597 1918 771 1964 proposita
790 1923 852 1950 Tu-

181 1976 259 2011 tius,
283 1975 394 2005 Tucizts
406 1998 415 2011 ,
438 1973 572 2003 Duccius
586 1997 594 2009 ‚
619 1973 719 2003 Titius
734 1997 743 2010 ,
765 1971 853 2004 illud

180 2025 361 2059 videbatur
376 2022 642 2069 prrcserenduni.
658 2023 701 2055 G.
717 2044 761 2048 —
776 2028 852 2056 Jure

180 2079 354 2109 senatorio.
373 2077 452 2116 Quo
471 2083 604 2120 poterat
622 2083 701 2108 ante
719 2083 853 2108 senten-

182 2129 268 2162 tiam
284 2128 397 2161 dicere
414 2127 516 2161 etiam
534 2127 576 2160 de
593 2140 661 2172 qua
676 2140 713 2160 10
730 2128 833 2161 vellet
843 2154 852 2169 ,

184 2188 217 2215 et
234 2193 340 2226 quam
359 2179 420 2213 diu
436 2179 549 2212 vellet.
569 2181 644 2212 Jam
665 2179 854 2213 laudarunt

183 2234 240 2266 1110
257 2233 348 2266 Gell.
370 2233 435 2272 IV,
462 2244 515 2265 10.
541 2231 584 2264 G.
612 2253 657 2257 «-
684 2236 752 2264 Sive
777 2237 855 2276 qnia

184 2287 454 2319 miserabiliorem.
481 2285 559 2317 Nou
588 2291 667 2317 sunt
692 2284 764 2317 haec
789 2286 854 2319 tria

184 2338 289 2372 verba
307 2337 343 2370 in
361 2339 459 2369 Rom.
478 2334 522 2369 H.
537 2356 583 2360 —
597 2336 732 2370 Omissa
750 2339 855 2382 negli-

185 2390 301 2436 gentia
320 2397 379 2422 aut
396 2388 547 2428 librarii,
568 2397 626 2421 aut
645 2389 830 2434 typothetae
844 2416 853 2431 ,

186 2444 283 2488 cujus
293 2441 415 2474 oculus
428 2453 447 2473 a
459 2441 572 2487 primo
583 2443 644 2472 sive
657 2441 699 2474 ad
710 2442 856 2476 alterum

186 2496 389 2528 aberrasset.
404 2494 438 2527 S.
451 2514 495 2518 ——
508 2495 609 2526 Dilm'.
623 2494 736 2526 Oxon.
752 2497 855 2533 delui,-

186 2547 229 2580 (10
249 2559 319 2592 qua
334 2545 498 2579 varietate
518 2544 597 2578 vide
617 2546 789 2579 Drakenb.
811 2547 856 2580 ad

187 2599 260 2632 Liv.
277 2599 342 2639 IV,
363 2602 422 2638 14,
444 2599 475 2631 3.
494 2598 527 2632 S.

238 2664 287 2683 10.
319 2654 400 2682 Erat
430 2653 512 2682 enim
540 2653 659 2682 consul.
688 2650 721 2684 Si
743 2651 809 2683 hoc
838 2665 857 2684 a

186 2702 296 2735 Plinio
320 2710 392 2743 est,
414 2702 508 2747 quod
533 2701 664 2736 creditu
693 2702 856 2743 difficile,

917 1774 1025 1807 quum
1039 1773 1141 1794 nemo
1154 1759 1210 1793 illo
1226 1772 1318 1792 anno
1332 1759 1478 1792 nesciret
1490 1783 1498 1798 ,
1511 1758 1589 1802 quis

917 1808 1136 1841 consulatum
1150 1814 1282 1853 gereret
1296 1818 1303 1839 ε
1318 1806 1352 1838 id
1368 1819 1439 1838 non
1451 1804 1589 1838 Arriani

917 1874 1039 1894 caussa
1059 1861 1247 1906 ascriptum
1267 1859 1349 1899 fuit,
1371 1857 1430 1891 sed
1447 1870 1587 1897 eorum,

917 1914 977 1960 qui
999 1914 1114 1946 inultis
1142 1920 1218 1958 post
1242 1911 1341 1945 annis
1365 1911 1437 1944 haec
1466 1909 1589 1942 lecturi

919 1975 1044 2001 essent.
1054 1967 1099 2000 H.
1108 1966 1247 1998 —Tam
1258 1964 1352 1997 clara
1361 1965 1480 2002 νοθείας
1491 1961 1589 2006 signa

920 2028 1071 2060 exstant,
1088 2026 1124 2051 ut
1138 2031 1209 2051 non
1224 2017 1287 2049 sim
1300 2015 1588 2061 reprehensurus,

920 2074 947 2107 si
970 2073 1047 2118 quis
1068 2071 1212 2117 posthac
1235 2068 1337 2102 Plinii
1361 2067 1470 2101 editor
1496 2066 1591 2100 unci·

920 2139 983 2159 nos
1000 2126 1053 2158 his
1068 2124 1178 2158 verbis
1196 2121 1398 2155 admoverit.
1419 2120 1452 2153 S.
1473 2140 1519 2144 —
1534 2124 1590 2151 Ja-

920 2181 1052 2211 numius
1062 2200 1162 2211 .....
1171 2176 1399 2208 celeberrimus.
1423 2172 1511 2206 Novi
1533 2171 1591 2204 hic

921 2231 1139 2277 magistratus
1159 2254 1168 2269 ,
1203 2240 1353 2272 quorum
1395 2224 1591 2259 actionibus

919 2284 1029 2328 magis
1038 2283 1139 2316 etiam
1148 2281 1295 2326 probare
1302 2278 1514 2324 diligentiam
1523 2284 1592 2310 stu-

921 2336 1002 2369 dent
1015 2361 1023 2376 ,
1039 2342 1076 2368 111
1089 2333 1308 2379 magistratus
1320 2357 1328 2372 ,
1345 2332 1391 2364 ita
1405 2330 1529 2364 caeteri.
1545 2329 1590 2362 G.

919 2411 965 2415 ——
981 2393 1083 2431 Quum
1098 2397 1211 2419 ecetera
1221 2412 1229 2419 .
1245 2410 1252 2417 .
1268 2386 1474 2429 ‚frequentia
1490 2382 1544 2416 Sic
1559 2389 1592 2414 et

920 2444 1017 2475 Rom.
1030 2441 1074 2473 H.
1085 2461 1131 2464 —
1144 2442 1265 2471 Coetera
1277 2445 1327 2471 est
1339 2438 1452 2479 quoad
1461 2445 1589 2466 coetera.

921 2495 1116 2533 Falluntur,
1126 2492 1186 2538 qui
1195 2501 1313 2524 coetera
1325 2489 1427 2522 ablat.
1436 2487 1590 2520 feminin.

922 2548 1040 2592 legunt
1056 2559 1063 2579 :
1081 2558 1163 2579 nam
1179 2543 1333 2589 sequitur
1344 2567 1352 2581 ‚
1361 2551 1537 2585 praeterea.
1554 2564 1560 2571 .
1578 2563 1584 2570 .

922 2613 1028 2632 omnes
1043 2602 1182 2643 undique
1201 2599 1370 2630 exciverat.
1391 2596 1424 2629 S.

972 2665 986 2685 1
998 2665 1025 2685 1.
1039 2655 1137 2685 Caeca.
1158 2654 1270 2689 Coetus,
1287 2654 1476 2683 conventus
1494 2657 1591 2680 sena-

924 2714 1051 2738 torum.
1066 2705 1130 2738 En.
