1742 2989
646 212 961 256 C.PL1NII
996 213 1123 257 LIB.
1160 215 1214 256 V.

240 351 258 360 z
264 350 379 360 usust
386 349 602 360 mtmwmxmx
608 349 1626 363 tummwnmnmmwxuzxuwmmm§mxmuzsvtmm=

822 474 1040 530 XVII.

230 625 478 675 Calpurnium
496 624 593 661 bene
611 624 786 661 recitasse
803 624 970 669 nuntiat,
985 624 1186 674 fratrisque
1200 625 1299 661 illius
1316 625 1455 675 pietate
1472 624 1634 671 laudata,

282 691 429 728 nobiles
449 691 704 728 adolescentes
726 690 914 726 hortatur.
938 693 1027 727 Haec
1049 690 1208 740 epistola
1225 691 1392 727 animum
1413 703 1636 740 generosum

282 765 319 793 et
341 756 509 793 nobilem
532 757 662 806 spirat.
686 758 756 792 En.

485 895 525 923 c.
563 893 796 923 PLINIUS
832 894 1129 923 SPURINNAE
1157 878 1176 897 *
1211 894 1313 923 suo
1348 894 1384 923 s.

293 1017 425 1069 Solo,
450 1023 723 1074 quantopere
750 1014 876 1057 bonis
904 1013 1072 1057 artibus
1096 1013 1240 1056 faveas
1255 1048 1266 1068 ‚
1291 1022 1505 1073 quantum
1529 1029 1638 1073 gau-

230 1088 289 1132 dii
321 1088 486 1149 capias,
516 1089 550 1131 si
585 1086 753 1130 nobiles
784 1087 967 1147 juvenes
993 1086 1178 1147 dignum
1206 1085 1373 1146 aliquid
1400 1085 1639 1146 majoribus

229 1163 316 1207 suis
344 1163 507 1206 faciant
535 1178 543 1205 :
573 1178 660 1221 quo
690 1160 966 1204 festinantius
992 1161 1152 1203 nuntio
1181 1160 1283 1212 tibi,
1313 1159 1443 1203 fuisse
1469 1175 1538 1202 ine
1563 1159 1638 1202 ho-

229 1237 299 1280 die
317 1238 360 1280 in
375 1236 593 1280 auditorio
608 1235 840 1296 Calpurnii
857 1235 1041 1279 Pisonis.
1059 1234 1291 1278 Recitabat
1307 1240 1637 1294 καταστερισμῶν

228 1310 444 1354 eruditam
465 1326 568 1354 sane
585 1308 942 1369 luculentamque
958 1308 1198 1351 materiam.
1214 1307 1384 1368 Scripta
1401 1306 1532 1367 elegis
1546 1314 1640 1349 erat

230 1383 486 1437 fluentibus,
509 1393 553 1426 et
581 1383 742 1426 teneris
757 1418 768 1439 ‚
794 1392 837 1426 et
859 1382 1095 1436 enodibus‚
1121 1380 1381 1425 sublimibus
1411 1380 1567 1434 etiam,
1590 1387 1639 1421 ut

273 1518 407 1551 XVII.*
419 1519 466 1551 De
483 1520 634 1549 Vestricio
650 1519 810 1560 Spurinna
826 1515 898 1550 vid.

226 1572 278 1610 ΙΙ,
296 1585 352 1617 ep.
368 1583 402 1616 7,
422 1572 494 1612 ΙΙΙ,
510 1583 563 1615 ep.
590 1570 698 1602 [ΕΒ.

278 1636 306 1656 1.
322 1629 616 1670 Καταστερισμῶν.
634 1621 851 1655 Relationum
863 1621 899 1654 in

226 1677 338 1711 stellas
367 1691 427 1710 seu
455 1689 571 1710 rerum
591 1675 844 1720 hominumque
863 1674 899 1706 in

226 1731 339 1764 sidera
358 1731 544 1764 relatorum
563 1729 734 1762 historias.
757 1727 846 1769 Alii,
868 1734 900 1759 et

226 1786 364 1818 Cortius
392 1785 494 1817 etiam
510 1811 518 1825 ‚
547 1784 805 1829 ἐρωτοπαίγνιον.
833 1779 900 1814 Sed

225 1851 331 1883 quum
351 1840 509 1869 eruditam
529 1838 785 1876 luculentamque
804 1844 902 1865 mate-

225 1893 308 1923 riam
328 1899 424 1923 vocet
444 1887 643 1927 Secundus,
664 1886 759 1932 quod
783 1886 900 1919 nescio

225 1954 330 1987 quam
346 1943 434 1974 bene
447 1942 683 1988 ἐρωτοπαιγνίῳ
697 1939 898 1978 conveniat,

224 1996 316 2040 (quo
340 1994 438 2027 titulo
456 1994 608 2039 alioquin
628 1992 796 2025 habemus
816 1991 900 2036 lepi-

225 2047 310 2080 dum
331 2059 471 2080 carmen
492 2045 656 2089 Ausonii)
677 2058 716 2077 ac
736 2051 900 2089 praeterea

226 2112 353 2145 magna
372 2100 433 2141 sit,
454 2106 492 2131 ut
510 2099 582 2132 sere
594 2098 681 2131 solet
695 2098 730 2130 in
748 2097 876 2130 Graecis
889 2121 899 2137 ‚

223 2152 329 2199 hujus
350 2152 415 2185 loci
436 2152 471 2184 in
493 2151 588 2184 libris
604 2151 753 2184 varietas
768 2174 777 2188 ‚
791 2148 896 2182 redu-

226 2217 303 2239 cere
317 2218 421 2238 ausus
436 2216 511 2237 sum
527 2203 607 2236 Aldi
622 2216 662 2237 ac
679 2202 828 2236 Medicei
844 2214 900 2235 co-

226 2257 312 2291 dicis
341 2257 544 2296 lectionem,
565 2269 584 2289 a
610 2269 679 2301 qua
706 2268 776 2288 non
795 2254 900 2300 longe

225 2311 320 2344 abire
334 2312 547 2353 tactepigmon
561 2316 595 2341 et
608 2309 731 2341 similia
745 2315 899 2341 monstra

225 2363 413 2396 lectionum
426 2389 434 2404 ‚
453 2361 509 2394 ille
528 2360 623 2393 videt
638 2388 646 2403 ,
661 2361 721 2406 qui
739 2362 898 2394 observa-

226 2415 296 2456 vit,
312 2413 488 2461 quomodo
505 2415 540 2446 in
558 2414 684 2447 Graecis
703 2413 897 2459 exprimen-

227 2468 280 2502 dis
304 2468 433 2501 versari
457 2466 589 2500 soleant
614 2467 729 2499 Latini
752 2466 895 2498 librarii.

225 2522 340 2554 Potest
360 2521 479 2553 vocari
496 2521 623 2551 erudita
643 2521 778 2550 materia
793 2532 898 2552 κατα·

228 2580 406 2619 στερισμῶν
419 2600 429 2616 ,
448 2573 492 2606 de
513 2573 626 2606 relatis
645 2572 679 2604 in
702 2571 816 2604 sidera
839 2571 899 2603 ho·

227 2626 397 2668 minibus,
424 2625 650 2664 animalibus,
673 2625 774 2658 rebus
798 2624 871 2657 aliis
888 2636 896 2663 ;

227 2678 321 2723 quod
341 2678 499 2724 mythicae
508 2677 661 2711 'historiae
677 2677 805 2709 bonam
821 2689 899 2721 par-

228 2737 294 2763 tem
319 2731 567 2776 complectatur
586 2729 713 2763 scilicet
734 2741 740 2760 :
762 2732 897 2761 luculen-

965 1527 1032 1548 tam
1054 1527 1158 1548 nemo
1173 1514 1332 1560 negabit,
1350 1514 1416 1546 nisi
1441 1514 1502 1559 qui
1525 1513 1637 1546 lucem

965 1569 1076 1602 astris.
1092 1567 1257 1602 Nondum
1274 1567 1457 1600 observavi
1477 1580 1639 1600 καταστε-

964 1628 1082 1668 ρισμῶν
1106 1634 1233 1654 nomen
1256 1621 1361 1667 [conf.
1378 1619 1522 1653 Gesneri
1542 1619 1586 1652 ad
1606 1620 1635 1651 J.

965 1674 1007 1717 A,
1026 1675 1222 1708 Ernestium
1249 1673 1403 1719 epistola]
1430 1684 1438 1705 :
1460 1671 1519 1705 sed
1537 1671 1638 1704 dubi-

966 1733 1038 1759 tare
1054 1740 1118 1760 nos
1135 1726 1178 1760 de
1190 1727 1224 1760 vi
1236 1725 1326 1759 illius
1340 1734 1371 1759 et
1384 1724 1638 1771 significatione

965 1793 1035 1812 non
1055 1780 1133 1813 sinit
1150 1780 1204 1813 vel
1221 1793 1310 1813 unus
1323 1777 1528 1824 Apollodori
1542 1779 1637 1810 locus

966 1834 1039 1873 ΙΙΙ,
1057 1837 1074 1866 8
1088 1858 1096 1873 ,
1111 1841 1194 1866 extr.
1207 1845 1241 1878 p.
1262 1845 1337 1877 ¹90·
1349 1831 1447 1865 Galei
1459 1858 1467 1872 ‚
1481 1830 1524 1864 de
1533 1831 1616 1863 Jove
1627 1854 1636 1869 ,

965 1889 1021 1924 τὴν
1041 1885 1079 1920 δὲ
1099 1888 1272 1921 Καλλιστὼ
1299 1887 1537 1930 καταστερίσας
1565 1884 1638 1917 ἐκοί-

963 1945 1053 1974 λεσεν
1072 1934 1206 1986 Ᾰρκτον.
1221 1938 1275 1972 Sic
1288 1950 1398 1983 nuper
1410 1938 1635 1982 ἀπαστέρωσιν

965 1992 1111 2037 legimus
1127 1991 1170 2024 de
1185 1991 1293 2024 relata
1307 1990 1460 2023 carmine
1473 1990 1635 2022 Emman.

964 2044 1105 2077 Martini
1122 2045 1209 2077 inter
1223 2051 1311 2076 astra
1322 2043 1429 2088 ipsius
1447 2054 1540 2074 arca.
1550 2039 1635 2073 Vid.

965 2098 1109 2143 Gregor.
1130 2096 1303 2143 Mayansii
1321 2109 1374 2140 ep.
1395 2096 1428 2135 5,
1448 2107 1482 2139 7,
1500 2107 1534 2140 p.
1557 2107 1634 2138 290.

965 2151 1277 2183 G.-—Luculencam
1288 2148 1469 2181 materiam
1480 2146 1556 2192 quis
1566 2158 1637 2179 cre-

965 2202 1025 2236 dat
1043 2211 1183 2248 propter
1207 2202 1319 2235 lucem
1348 2208 1518 2234 astrorum
1541 2211 1636 2233 nunc

965 2255 1115 2288 dictam?
1134 2255 1307 2288 Gesnerus
1331 2252 1418 2286 illud
1443 2251 1556 2297 lepide
1568 2276 1577 2292 ‚
1598 2259 1635 2284 ut

964 2320 1218 2353 nonnunquam
1248 2307 1346 2341 solet.
1379 2308 1553 2337 Luculeuca
1586 2312 1636 2337 est

964 2361 1109 2405 insignis
1122 2387 1131 2402 ‚
1160 2360 1275 2406 ampla
1289 2385 1298 2400 ,
1324 2358 1472 2397 nobilis,
1495 2364 1634 2402 propter

963 2414 1012 2447 rei
1041 2413 1303 2447 sanctimoniam
1326 2419 1359 2444 et
1383 2409 1632 2444 auctoritatem.

963 2468 1005 2500 E.
1016 2487 1062 2493 --
1072 2469 1168 2500 Rom.
1182 2469 1351 2498 Recitabat
1359 2474 1432 2507 apte
1444 2463 1571 2496 πεινίον.
1586 2460 1631 2492 Η.

1011 2541 1055 2545 —
1072 2522 1199 2562 Scripta
1218 2521 1330 2562 elegis,
1347 2526 1412 2549 etc.
1427 2516 1525 2547 Rom.
1547 2515 1632 2545 Scri-

958 2583 1027 2616 ptoe
1057 2574 1132 2615 legis
1159 2581 1230 2603 erat
1244 2572 1439 2617 fluentibus,
1464 2569 1577 2598 teneris
1604 2576 1635 2598 ec

965 2627 1127 2657 enodibus.
1139 2625 1183 2657 H.
1193 2624 1430 2655 —Fluentibus
1440 2646 1448 2658 ‚
1461 2626 1526 2652 etc.
1545 2620 1634 2652 Con-

963 2677 1161 2710 cinnitatem
1174 2703 1182 2718 ‚
1198 2675 1416 2709 dulcedinem
1437 2680 1468 2705 et
1485 2672 1631 2705 nitorem

963 2730 1087 2773 cogita.
1109 2727 1174 2762 Sed
1190 2740 1326 2761 omnem
1344 2727 1437 2759 hunc
1453 2725 1567 2758 locum
1589 2723 1630 2756 de
