1742 2989
202 213 291 256 218
607 214 656 256 C.
694 214 920 258 PLINII
955 214 1080 258 LIB.
1118 218 1204 260 IV.

197 294 474 353 injunxerat,
511 304 559 337 ut
595 295 730 338 totius
766 295 1029 340 defensionis
1064 297 1350 341 fundamenta
1382 299 1605 359 jacerem3

197 366 389 411 dicerem
419 367 471 410 de
497 369 769 412 ornamentis
796 369 884 412 suis
901 404 912 425 ‚
935 386 1030 429 quae
1055 369 1115 413 illi
1142 380 1185 413 et
1210 386 1260 414 ex
1286 371 1455 431 generis
1477 371 1604 416 clari-

128 483 131 486 ,
154 448 173 482 5
198 450 309 495 tate,
332 451 374 484 et
403 457 454 484 ex
484 441 688 501 periculis
717 442 821 503 ipsis
852 459 1012 503 magna
1038 454 1185 497 erant3
1204 444 1393 488 dicerem
1421 445 1474 488 de
1499 463 1603 489 con-

150 1186 169 1218 Χ]

196 514 434 573 spiratione
470 513 740 571 delatorum,
766 532 897 575 quam
934 516 978 558 in
1011 527 1177 577 quaestu
1212 518 1457 573 habebant3
1486 519 1605 563 dice-

196 603 287 629 rem
321 604 518 641 caussas,
551 588 710 648 quibus
748 588 1099 633 factiosissimum
1130 608 1372 652 quemque,
1403 601 1452 635 ut
1484 592 1605 636 illum

196 661 534 721 Theophanem,
557 662 822 706 offendisset.
844 662 1043 706 Eundem
1065 680 1133 707 me
1159 663 1354 708 voluerat
1375 682 1605 709 occurrere

196 735 395 787 crimini,
421 752 508 796 quo
535 736 721 779 maxime
743 736 1024 796 premebatur
1054 754 1062 779 :
1094 737 1137 780 in
1164 736 1258 780 aliis
1284 738 1426 790 enim,
1452 754 1605 798 quam-

195 809 258 851 vis
287 809 437 852 auditu
473 810 770 869 gravioribus,
803 827 892 853 non
923 809 1243 854 absolutionem
1277 811 1428 864 modo,
1453 828 1605 855 verum

196 882 325 924 etiam
348 882 519 925 laudem
545 883 809 927 merebatur.
836 886 932 927 Hoc
958 883 1080 927 illum
1108 883 1212 927 alias
1234 885 1465 939 onerabat,
1487 885 1606 945 quod

194 952 326 995 homo
356 952 539 1013 simplex
571 964 613 997 et
646 955 848 998 incautus
882 956 1081 1016 quaedam
1113 972 1137 999 a
1168 957 1536 1016 provincialibus,
1558 968 1607 1002 ut

195 1025 371 1077 amicis,
392 1037 653 1086 acceperat:
678 1044 779 1071 nam
809 1028 952 1072 fuerat
977 1030 1020 1072 in
1050 1031 1274 1089 provincia
1305 1030 1456 1073 eadem
1487 1047 1605 1091 quae-

194 1108 296 1141 stor.
325 1101 427 1143 Haec
453 1110 726 1144 accusatores
752 1100 867 1145 furta
895 1118 944 1145 ac
972 1102 1171 1161 rapinas3
1198 1103 1292 1162 ipse
1320 1118 1502 1144 munera
1526 1117 1607 1144 vo·-

195 1173 324 1216 cabat
346 1190 353 1216 :
376 1173 449 1216 sed
477 1173 543 1217 lex
569 1191 752 1218 munera
779 1191 956 1236 quoque
983 1176 1122 1235 accipi
1146 1185 1277 1219 vetat.
1299 1176 1380 1218 Hic
1400 1191 1480 1235 ego
1502 1173 1608 1235 quid

194 1246 407 1307 agerem?
445 1248 565 1308 quod
602 1249 684 1292 iter
724 1248 990 1292 defensionis
1030 1247 1322 1309 ingrederer?
1354 1246 1608 1308 Negarem?

193 1404 352 1450 ctoritate
377 1404 477 1437 Plinii
498 1413 614 1437 tuetur
642 1405 791 1439 Cortius.
820 1405 865 1438 G.

192 1476 237 1481 -—
248 1457 298 1489 Ita
312 1466 343 1490 et
355 1459 468 1498 Rom.‚
482 1466 517 1490 ut
531 1457 657 1491 Medic.
671 1467 704 1491 et
715 1459 865 1504 optimus

192 1509 350 1554 quisque.
370 1510 415 1542 H.

241 1566 274 1602 4.
288 1564 497 1605 Ιηῂιηχεναῐ,
511 1574 546 1595 ut
555 1566 651 1595 tocius
663 1565 862 1607 defensionis.

193 1616 291 1647 Rom.
313 1618 505 1659 Iajmzirerac
516 1642 524 1654 ‚
541 1619 636 1648 totius
653 1618 862 1660 defensionis,

192 1667 265 1700 sine
297 1678 342 1700 ut.
369 1668 412 1700 H.
433 1689 477 1693 -—
498 1673 544 1700 De
569 1671 764 1701 ornamentis
789 1671 863 1701 suis,

194 1721 243 1754 De
266 1721 304 1753 iis
322 1722 424 1754 rebus
439 1747 446 1761 ,
467 1734 542 1766 quae
556 1722 668 1767 ipsum
691 1734 866 1755 commen-

193 1773 275 1806 dare
291 1800 298 1813 ,
320 1782 422 1819 atque
442 1787 604 1807 excusare
626 1782 658 1807 et
679 1773 866 1808 defendere

192 1827 324 1871 possint
345 1828 496 1872 [possent
512 1829 559 1873 S.]
578 1829 618 1860 E.

241 1879 273 1912 5.
305 1884 342 1911 ln
385 1891 505 1922 qaoestu
547 1882 716 1912 habebant.
760 1878 865 1920 Quod

193 1941 317 1979 quarta
347 1934 519 1965 bonorum
549 1935 622 1979 ejus
635 1958 643 1972 ,
671 1944 775 1978 quem
807 1932 866 1965 da-

192 1994 367 2018 mnassent
382 2011 390 2026 5
405 1998 485 2030 pars
507 1986 572 2018 illis
596 1985 732 2019 cederet
746 2012 753 2026 ,
773 1985 865 2018 unde

194 2041 461 2081 quadrzqilatores
493 2038 583 2071 dicti.
615 2038 658 2071 G.
690 2059 735 2063 —-
764 2040 862 2071 Rom.

196 2094 298 2131 Quam
316 2093 347 2127 in
367 2102 488 2133 quaestu
508 2093 678 2129 haberent,
701 2092 802 2124 bene.
818 2092 862 2124 H.

193 2161 238 2166 -—
252 2143 422 2175 Nimirum
438 2144 510 2176 haec
527 2156 565 2176 ex
583 2156 728 2188 persona
746 2145 840 2177 Bassi
855 2170 863 2185 ,

194 2208 262 2227 non
279 2196 397 2235 Plinii,
418 2196 643 2242 intelligenda
665 2210 672 2229 :
693 2205 729 2229 ut
749 2198 865 2231 nullus

194 2246 379 2281 indicativo
390 2248 484 2281 locus
494 2250 547 2282 sit.
560 2251 592 2283 S.
605 2271 648 2274 ——
657 2253 752 2282 Illum
763 2253 864 2293 ipsum

199 2302 433 2344 Theophanem.
449 2302 504 2336 Sic
518 2310 549 2336 et
562 2304 660 2336 Rom.
679 2303 723 2336 H.

241 2356 275 2386 6.
295 2358 365 2386 Hoc
383 2356 470 2386 illum
488 2357 569 2387 allas
584 2359 748 2388 onerabat.
764 2357 862 2389 Rom.

195 2409 264 2438 Hoc
293 2409 381 2438 illum
407 2411 581 2445 onerabat,
607 2409 733 2441 omisso
758 2411 861 2447 alias,

194 2458 289 2502 quod
328 2459 538 2504 ineptissime
578 2460 808 2504 interponitur
845 2474 864 2493 a

195 2511 330 2551 multis,
345 2512 521 2545 exclusum
538 2525 618 2545 vero
633 2521 681 2545 est
702 2521 734 2545 ct
750 2513 792 2545 ab
809 2514 864 2545 Al-

196 2562 254 2596 do.
282 2564 326 2596 H.
342 2585 387 2588 —
402 2565 485 2597 Jure
513 2565 646 2604 omisit,
675 2573 749 2610 post
778 2567 863 2598 Cor-

195 2616 281 2647 tinm
296 2641 304 2655 ‚
319 2616 502 2662 Gierigius.
515 2618 585 2650 Nec
597 2618 788 2650 Brummeri
801 2619 865 2650 Ex-

196 2676 313 2712 cerpta
337 2678 540 2714 agnoscunt.
560 2670 592 2703 S.
608 2690 653 2694 -—
672 2674 713 2701 Ut
734 2672 861 2708 amicis,

198 2732 373 2764 acciperat.
386 2724 484 2756 Rom.
500 2727 539 2755 Ut
552 2724 673 2755 amicus
686 2733 864 2766 acceperat.

932 1405 975 1438 H.
990 1427 1036 1432 —-
1050 1406 1195 1438 Praefero
1213 1407 1334 1437 amicis.
1351 1405 1579 1449 Interpretare
1596 1415 1604 1436 ε

934 1458 1004 1489 «Ut
1017 1471 1104 1503 quos
1120 1458 1248 1491 amicos
1265 1458 1328 1490 sibi
1343 1470 1415 1490 esse
1432 1458 1477 1489 ob
1492 1469 1606 1489 neces-

932 1510 1117 1544 situdinem
1136 1511 1219 1543 olim
1244 1518 1458 1543 contractam
1485 1508 1605 1542 crede·

931 1570 994 1596 ret.
1015 1564 1049 1597 S.

978 1636 1024 1640 —
1048 1619 1135 1648 Nam
1151 1617 1286 1660 fiterat,
1309 1624 1374 1649 etc.
1400 1616 1498 1648 Rom.
1518 1618 1604 1646 Nam

921 1670 1037 1713 fiterat
1050 1671 1081 1700 ιή
1094 1671 1205 1700 eadem
1212 1671 1381 1711 provincia
1398 1678 1545 1711 quaestor.
1558 1667 1601 1700 H.

978 1742 1022 1745 —
1043 1725 1121 1753 Hoec
1155 1731 1377 1759 accusatores,
1405 1728 1469 1753 etc.
1503 1722 1601 1753 Rom.

931 1777 1010 1805 Hcec
1027 1783 1230 1806 accusatores
1238 1775 1335 1817 farta
1352 1783 1384 1804 et
1398 1775 1542 1816 rapinas.
1558 1772 1602 1805 H.

930 1847 976 1850 —
989 1830 1060 1859 Lex
1074 1839 1207 1858 munera
1217 1851 1223 1857 .
1240 1851 1247 1857 .
1263 1851 1270 1858 .
1280 1827 1385 1868 accipi
1396 1835 1498 1857 vetat.
1515 1826 1603 1857 Lau-

931 1878 991 1911 dat
1018 1879 1074 1913 hie
1093 1878 1262 1912 Cellarius
1293 1880 1437 1910 Cinciam
1464 1878 1576 1922 legem
1593 1902 1603 1917 ‚

931 1934 1072 1963 Aciliam
1109 1932 1189 1964 item
1222 1939 1254 1965 et
1287 1933 1507 1974 Calpurniam.
1537 1929 1602 1963 Sed

930 1985 1046 2017 nescio
1058 2009 1066 2025 ,
1086 1996 1130 2017 an
1145 1984 1219 2031 ipsa
1232 2009 1240 2025 ‚
1257 1983 1299 2016 de
1313 1996 1382 2030 qua
1398 1983 1454 2016 hic
1469 1983 1582 2027 agitur
1595 2006 1604 2021 ,

932 2037 1060 2082 species
1092 2036 1127 2069 in
1154 2037 1227 2070 ulla
1255 2049 1372 2069 earum
1390 2060 1398 2075 ‚
1433 2042 1606 2080 quatenus

930 2098 1018 2122 notae
1031 2098 1109 2123 sunt
1120 2089 1224 2122 hodie
1236 2114 1244 2129 ‚
1257 2088 1392 2122 ostendi
1407 2087 1527 2133 possit.
1543 2087 1605 2120 Fa-

930 2142 1028 2175 cilius
1045 2143 1134 2175 forte
1153 2142 1255 2174 fuerit
1274 2142 1341 2175 hoc
1362 2140 1605 2173 demonstrare

930 2194 973 2227 de
997 2198 1146 2228 Cornelia
1172 2195 1323 2240 itemque
1346 2196 1435 2226 Julia
1460 2203 1606 2235 repetun-

930 2249 1055 2280 darum.
1083 2247 1149 2282 Sed
1173 2248 1240 2280 hoc
1261 2254 1367 2292 agunt
1387 2246 1475 2278 JCti.
1496 2245 1540 2278 G.
1559 2265 1605 2269 —

929 2302 979 2333 De
998 2300 1079 2346 ipsis
1102 2301 1155 2333 his
1178 2301 1309 2346 legibus
1330 2299 1402 2333 vid.
1425 2297 1521 2331 Clav.
1546 2294 1603 2330 Ci-

930 2366 997 2386 cer.
1016 2354 1056 2385 E.

979 2419 1010 2450 7.
1025 2410 1098 2437 lter.
1115 2405 1169 2437 Cf.
1185 2406 1333 2448 Interpr.
1348 2402 1392 2435 ad
1402 2399 1512 2434 Gratti
1527 2400 1600 2432 Fal.

930 2459 1102 2504 Cyneng.
1119 2460 1151 2490 5.
1163 2457 1271 2491 Simil.
1285 2457 1319 2488 in
1331 2456 1440 2488 Graec.
1456 2454 1522 2497 leg.
1538 2452 1603 2484 He-

929 2511 1042 2544 rodot.
1056 2524 1089 2555 p.
1105 2510 1186 2549 615,
1198 2512 1253 2550 46.
1269 2510 1306 2543 σὺ
1316 2509 1376 2554 γὰρ
1387 2510 1467 2551 ἔχεις
1481 2507 1600 2539 αὐτέων

930 2566 989 2604 τὰς
1004 2561 1168 2604 διεξόδους
1186 2568 1245 2597 τῶν
1262 2562 1499 2606 βουλευμάτων.
1516 2557 1602 2590 Vide

931 2618 1071 2650 Kuster.
1085 2615 1126 2648 ad
1140 2614 1315 2658 Aristoph.
1326 2612 1440 2657 Equit.
1458 2623 1515 2643 101
1527 2623 1556 2643 2.
1566 2611 1600 2644 S.

931 2690 976 2694 ——
987 2672 1157 2712 Negarem.
1171 2667 1332 2700 solemne
1342 2663 1538 2710 perfugium
1548 2675 1605 2708 pa-

934 2729 1113 2756 tronorum
1128 2720 1162 2753 in
1179 2717 1406 2752 defendendis
1419 2717 1496 2749 reis.
1517 2717 1576 2747 Pu,
