1742 2989
546 181 896 224 EPISTULA
931 184 1067 228 XVI.
1426 190 1514 238 353

110 268 232 312 suvio
246 272 395 308 monte
410 262 608 324 pluribus
626 261 730 305 locis
754 261 968 307 latissimae
984 265 1167 309 flammae
1181 266 1354 327 altaque
1370 272 1518 316 incen-

111 339 183 383 dia
205 337 482 390 relucebant,
509 351 697 395 quorum
728 334 872 395 fulgor
898 346 939 379 et
965 336 1138 381 claritas
1163 341 1519 388 tenebrisnoctis

113 412 398 456 excitabatur.
415 407 491 452 Ille
504 443 515 461 ,
530 407 766 468 agrestium
782 408 1073 469 trepidatione
1091 412 1181 470 igni
1200 412 1370 458 relictas
1384 416 1522 461 deser-

115 495 266 545 tasque
300 482 422 526 villas
448 499 526 541 per
561 480 841 525 solitudinem
868 482 1045 539 ardere⁷
1081 484 1124 526 in
1157 487 1395 530 remedium
1430 490 1518 533 for-

114 558 292 602 midinis
314 555 554 600 dictitabat.
570 556 682 598 Tum
707 571 749 598 se
776 555 913 614 quieti
938 555 1077 609 dedit,
1101 567 1143 600 et
1168 559 1331 618 quievit
1354 562 1523 605 verissj-

116 649 188 676 mo
215 630 392 692 quidem
418 645 584 672 somnO.
614 630 728 672 Nam
755 639 922 672 meatus
948 631 1125 683 animae,
1152 634 1226 691 qui
1254 631 1313 675 illi
1344 645 1524 695 propter

116 703 453 766 amplitudinem
481 703 678 762 corporis
704 703 878 762 gravior
904 713 944 746 et
971 705 1199 748 sonantior
1223 717 1338 763 erat,
1366 709 1419 751 ab
1449 711 1525 765 iis,

118 780 193 840 qui
220 777 359 821 limini
391 775 764 828 obversabantur,
795 775 1068 820 audiebatur.
1088 778 1173 821 Sed
1204 795 1332 835 area,
1358 798 1410 824 ex
1441 798 1527 842 qua

117 852 246 919 diaeta
268 850 492 904 adibatur,
519 850 578 891 ita
599 849 690 908 jain
716 849 883 903 cinere,
908 851 1139 910 mixtisque
1169 854 1418 911 pumicibus
1444 871 1526 915 op-

118 925 235 987 pleta
267 932 536 975 surrexerat,
565 932 633 977 ut,
662 921 696 965 si
727 920 900 983 longior
928 923 973 965 in
1003 924 1210 969 cubiculo
1241 943 1363 970 mora
1396 939 1529 985 esset,

120 999 260 1042 exitus
283 1006 531 1057 negaretur.
554 995 781 1038 Excitatus
805 995 1026 1055 procedit,
1050 1014 1180 1058 seque
1200 1001 1529 1061 Pomponiano,

120 1073 401 1131 caeterisque,
427 1071 501 1130 qui
530 1068 865 1130 pervigilarant,
895 1070 1049 1114 reddit.
1082 1074 1131 1115 In
1162 1090 1397 1118 commune
1426 1093 1528 1119 con-

123 1144 312 1197 sultant,
338 1145 453 1186 intra
493 1150 605 1184 tecta
641 1141 902 1193 subsistant,
939 1159 994 1186 an
1031 1145 1074 1186 in
1109 1155 1261 1205 aperto
1297 1159 1528 1208 vagentur.

121 1221 236 1263 Nam
256 1216 420 1261 crebris
440 1214 656 1274 vastisque
678 1215 942 1258 tremoribus
962 1225 1074 1259 tecta
1091 1218 1327 1273 nutabant,
1348 1231 1388 1263 et
1410 1223 1533 1281 quasi

124 1301 270 1336 emota
300 1289 474 1333 sedibus
504 1287 612 1337 suiS‚
638 1303 757 1330 nunc
788 1288 898 1340 huc,
928 1304 1046 1331 nunc
1075 1289 1177 1333 illuc
1208 1291 1329 1334 abire
1358 1303 1433 1335 aut
1463 1309 1533 1336 re-

124 1366 227 1410 ferri
252 1362 527 1407 videbantur.
555 1359 645 1403 Sub
673 1358 745 1402 dio
771 1376 920 1403 rursus
936 1396 946 1415 ,
968 1378 1234 1422 quamquam
1259 1363 1418 1408 levium
1443 1382 1536 1409 exe-

126 1452 363 1497 sorumque
394 1433 618 1494 pumicum
653 1448 781 1476 casus
815 1433 1107 1478 metuebatur.
1127 1436 1260 1491 Quod
1286 1447 1431 1481 tamen
1461 1456 1536 1499 pe-

179 1584 232 1617 13.
254 1583 372 1624 Fulgor
389 1588 420 1610 et
439 1579 591 1613 claritas,
613 1583 678 1609 etc.
701 1577 801 1609 Rom.
869 1577 1002 1622 vulgari
1021 1590 1028 1611 τ
1045 1579 1178 1612 cineres
1196 1580 1230 1612 in
1250 1593 1329 1615 area
1350 1581 1385 1615 in
1405 1590 1540 1616 tantuin

131 1639 249 1679 Fulgor
261 1643 292 1666 et
309 1634 440 1664 claritas
459 1632 603 1662 tenebras
622 1632 722 1661 noctis
733 1632 803 1672 pel·
870 1632 1038 1664 cumulati
1059 1640 1156 1664 erant
1171 1658 1179 1673 ‚
1195 1641 1231 1665 ut
1252 1642 1314 1667 etc.
1331 1636 1371 1668 E.
1390 1656 1432 1660 ἡ
1445 1639 1539 1667 Mora

131 1691 227 1720 lebat.
247 1687 291 1718 H.

871 1693 966 1722 esset,
987 1692 1051 1717 etc.
1074 1686 1171 1717 Rom.
1191 1689 1308 1725 fllora,
1325 1690 1429 1719 exitus
1443 1701 1538 1732 nega-

179 1761 223 1765 -
242 1739 468 1781 Trepidatione
493 1737 577 1777 igni,
610 1742 675 1767 etc.
703 1735 801 1767 Rom.

134 1812 147 1822 π
163 1790 409 1837 Trepidatione
428 1787 515 1833 ignis
534 1787 670 1820 relictas
688 1785 804 1820 deser·

134 1856 254 1890 tasque
265 1843 361 1875 villas
371 1853 431 1887 per
442 1839 662 1872 solitudinem
673 1838 805 1877 ardere,

135 1900 170 1932 in
180 1895 375 1932 remedium
388 1892 583 1927 formidinis
594 1892 806 1925 dictitabat.»

134 1952 235 1984 Recte
250 1950 436 1985 dictitabat,
456 1958 527 1978 non
547 1947 701 1977 dictabat.
715 1944 759 1977 H.

188 2011 240 2041 14.
258 2006 364 2039 Area,
389 2012 430 2031 ex
453 2012 519 2042 qua
547 2001 656 2030 diaeta.
681 1998 809 2030 Obser-

137 2063 217 2089 vent
229 2052 441 2098 antiquitatis
456 2050 620 2091 studiosi,
633 2049 728 2096 quod
739 2061 810 2083 non

139 2109 359 2142 observatum
377 2105 431 2138 his
445 2130 454 2145 ‚
474 2105 535 2150 qui
558 2103 730 2136 Plinianas
751 2102 812 2135 vil-

138 2162 189 2194 las
207 2159 447 2196 delinearunt,
469 2157 624 2190 membra
649 2156 811 2189 villarum

141 2225 211 2246 non
223 2224 294 2245 uno
310 2218 400 2244 tecto
417 2208 668 2255 comprehensa
682 2209 787 2240 fuisse
801 2232 809 2246 ‚

142 2264 202 2299 sed
226 2271 328 2310 prout
353 2276 406 2296 res
435 2263 560 2301 ferret,
586 2274 649 2307 per
672 2261 812 2294 lacinias

141 2316 309 2363 quasdam
326 2314 479 2360 dispersa
491 2339 499 2354 ‚
516 2322 552 2347 ut
569 2322 648 2346 sunt
662 2312 814 2346 aediculae

143 2369 455 2403 Carthusianorum
469 2392 478 2406 ‚
493 2375 558 2399 etc.
575 2367 649 2399 Hoc
665 2367 747 2399 item
770 2366 816 2398 vi-

144 2421 245 2455 detur
269 2421 437 2466 adparere
459 2431 499 2452 ex
523 2419 668 2452 Luciani
688 2418 815 2457 Asino,

143 2475 203 2509 uhi
215 2474 339 2519 passim
355 2471 530 2518 ὃωματίων
549 2472 675 2503 mentio
689 2495 698 2510 ,
714 2482 819 2502 mein-

145 2528 287 2560 brorum
299 2525 398 2558 unius
410 2525 489 2557 dom
496 2536 534 2556 us
547 2535 553 2556 :
566 2524 727 2555 balneum
736 2522 819 2554 item

146 2578 292 2612 Luciani
315 2576 548 2611 consideranti
574 2575 663 2608 idem
686 2574 822 2608 videba-

149 2641 218 2665 tur.
238 2631 282 2665 G.
294 2651 340 2656 ——-
351 2631 520 2663 Caeteruin
539 2642 617 2661 area
630 2631 735 2660 cinere
751 2641 821 2660 sm·-

150 2698 183 2715 re
193 2693 281 2716 cerac
297 2683 454 2716 Pliniano
473 2694 568 2715 more
586 2681 718 2716 dictum
733 2704 741 2719 ‚
761 2692 823 2726 pro

344 2742 381 2786 I.

871 1745 931 1767 tur.
948 1737 1047 1769 Deest
1067 1747 1156 1768 esset.
1170 1736 1214 1769 H.

924 1789 976 1820 15.
994 1791 1201 1827 Consultant,
1224 1792 1309 1821 intra
1337 1801 1420 1822 tecta
1448 1795 1542 1824 subsi-

871 1850 968 1872 stant.
989 1841 1042 1874 Sic
1062 1849 1094 1873 et
1107 1842 1202 1874 Rom.
1218 1850 1309 1875 recte
1324 1856 1367 1874 (ιη
1384 1844 1521 1877 excluso
1535 1870 1543 1884 ‚

874 1892 968 1938 quod
985 1893 1074 1925 mala
1090 1906 1212 1927 manus
1228 1894 1363 1941 adjecit.
1383 1895 1427 1929 H.

926 1948 975 1978 16.
990 1948 1086 1987 Quod
1100 1956 1205 1978 tamen
1216 1971 1338 1979 ......
1349 1951 1450 1992 elegit.
1465 1948 1544 1982 Seii.

876 2005 913 2030 ut
931 1998 1073 2031 mallent
1092 1998 1126 2031 in
1148 2006 1265 2043 aperto
1285 2001 1421 2045 vagari,
1442 2013 1548 2046 quam

875 2051 965 2083 intra
992 2058 1080 2083 tecta
1106 2052 1313 2086 subsistere:
1336 2066 1416 2085 nam
1437 2054 1471 2086 in
1491 2053 1549 2086 illo

877 2103 989 2135 minus
1013 2104 1157 2149 periculi
1177 2112 1269 2144 erat,
1290 2117 1394 2150 quam
1415 2106 1446 2138 in
1469 2106 1549 2139 hoc.

877 2155 956 2188 Haec
968 2168 1048 2200 ergo
1060 2163 1109 2188 est
1117 2159 1333 2199 periculorum
1347 2162 1489 2198 collatio,
1502 2172 1547 2192 sc.

878 2209 1101 2253 comparatio.
1113 2210 1226 2245 Locus
1235 2210 1436 2256 injunctura
1449 2223 1552 2244 mem-

879 2261 1020 2293 brorum
1042 2261 1171 2307 aliquid
1188 2262 1292 2295 habet
1312 2262 1415 2295 hiulci
1432 2272 1463 2295 et
1483 2276 1552 2297 nio·

881 2313 952 2344 lvsti
969 2340 976 2353 ‚
998 2315 1158 2359 quamvis
1181 2327 1300 2347 sensus
1320 2323 1448 2361 pateat.
1468 2317 1554 2349 Acu-

882 2376 981 2404 men,
1002 2365 1097 2411 quod
1125 2366 1254 2399 Plinius
1274 2367 1308 2398 h.
1336 2368 1358 2399 l.
1382 2369 1553 2413 captavit,

883 2418 916 2449 in
932 2430 1050 2451 caussa
1070 2426 1138 2457 est,
1162 2426 1197 2451 ut
1214 2419 1394 2452 obscurius
1411 2419 1553 2454 diceret.

884 2471 924 2502 1³..
939 2490 983 2494 -—
994 2471 1071 2503 Non
1083 2478 1166 2515 puto
1177 2472 1358 2504 obscurius
1374 2472 1445 2505 liaee
1464 2472 1556 2507 dicta

887 2535 979 2563 esse,
1006 2524 1222 2569 omninoque
1246 2536 1314 2556 non
1339 2524 1461 2565 video,
1487 2539 1557 2572 quo

885 2577 963 2621 jure
991 2575 1123 2608 Plinius
1151 2576 1208 2608 hic
1233 2588 1378 2608 acumen
1404 2586 1558 2623 captasse,

888 2636 1064 2673 arguatur.
1079 2628 1114 2661 S.
1128 2649 1171 2653 —
1182 2630 1279 2660 Rom.
1299 2645 1311 2656 -
1324 2629 1426 2669 Quod
1444 2638 1559 2665 tame—r.

889 2681 1059 2714 malorum
1079 2681 1217 2714 collatio
1237 2680 1351 2726 elegit.
1370 2699 1382 2710 υ
1399 2682 1429 2714 H

1310 2737 1366 2782 23
