1742 2989
162 181 244 227 150

557 187 603 229 C.
641 186 868 231 PLINII
902 188 1027 232 LIB.
1063 191 1155 233 III.

151 281 327 310 ΤΙΟΝΕ
361 281 644 319 EQUESTRI
680 282 813 312 UNUS.
850 270 1011 328 Hunc,
1052 288 1188 332 quum
1225 272 1453 332 praefectus
1488 272 1562 317 alae

151 336 385 395 militaret,
420 340 514 400 pari
556 340 732 400 ingenio
773 357 965 403 curaque
1007 346 1267 406 composuit.
1313 347 1392 390 DE
1431 362 1563 392 VITA

152 428 445 457 POMPONII
473 430 718 459 SECUNDI
745 430 879 469 DU03
905 433 929 460 a
954 434 1042 478 quo
1068 418 1348 480 singulariter
1375 429 1563 476 amatus,

151 485 236 528 hoc
264 487 485 530 memoriae
512 488 639 531 amici
667 489 789 548 quasi
818 489 1015 533 debitum
1041 508 1200 536 munus
1225 491 1419 537 exsolvit.
1443 495 1567 537 BEL-

107 559 129 599 4
152 574 351 603 LORUM
386 575 707 605 GERMANIAE
737 578 941 618 vlciNT13
970 565 1131 624 quibus
1161 566 1308 609 omnia
1341 583 1435 626 quae
1465 582 1566 610 cum

155 633 391 676 Germanis
411 634 621 694 gessimus
638 634 753 679 bella
773 635 960 698 collegit.
977 638 1227 696 Inchoavit⁷
1243 655 1380 699 quum
1398 640 1442 682 in
1458 640 1568 683 Ger-

152 706 298 749 mania
317 706 548 763 militaret,
567 709 739 752 somnio
762 710 955 754 monitus
973 728 981 754 :
1006 711 1173 755 adstitit
1193 713 1311 756 enim
1329 713 1568 773 quiescenti

152 779 289 822 Drusi
314 780 503 823 Neronis
525 779 710 841 effigies,
735 784 810 843 qui
836 785 1088 829 Germaniae
1114 784 1320 829 latissime
1346 787 1487 830 victor
1509 787 1569 830 ibi

153 851 284 911 periit
308 868 316 895 :
340 852 679 898 commendabat
702 857 958 900 memoriam
981 859 1069 914 sui,
1092 859 1353 920 orabatque,
1373 870 1422 903 ut
1444 876 1488 903 se
1513 860 1567 903 ab

154 924 314 984 injuria
341 925 574 971 oblivionis
601 927 834 973 adsereret.
863 933 1080 976 STUmoSI
1105 948 1241 985 riuis,
1267 934 1312 975 in
1343 949 1415 976 sex
1445 932 1569 976 volu-

155 1062 196 1097 42
215 1082 223 1095 ,
244 1070 294 1102 sq.
317 1059 371 1091 65.
392 1059 479 1099 Quae
500 1059 541 1091 sit
559 1061 717 1102 jaculatio
737 1074 828 1103 eque-

153 1112 242 1148 stris,
257 1123 328 1143 non
344 1119 494 1156 quaeret,
511 1113 571 1158 qui
586 1111 711 1145 viderit
723 1113 829 1146 hodie

155 1162 199 1194 ad
211 1171 313 1208 caput
324 1163 438 1197 Mauri
454 1190 462 1205 ,
478 1164 522 1198 ad
537 1165 706 1198 annulum
718 1191 726 1206 ‚
740 1174 804 1199 etc.
820 1191 827 1206 ‚

155 1228 193 1248 ex
208 1217 514 1264 equojaculantes.
533 1218 576 1251 G.

202 1289 247 1293 -
261 1273 334 1302 Alce
349 1273 513 1304 militaret.
530 1272 609 1304 Non
625 1273 714 1317 ejus,
730 1280 829 1317 puto,

157 1334 263 1367 quam
275 1323 376 1355 etiam
389 1323 494 1357 hodic
506 1325 553 1357 ita
563 1337 741 1365 vocamus,
754 1337 831 1370 quae

157 1374 242 1408 alias
260 1389 359 1407 cornu
379 1384 428 1409 est
448 1389 455 1409 2
479 1377 538 1410 sed
556 1376 703 1422 agminis
721 1378 831 1410 mino-

158 1427 204 1460 ris
224 1429 392 1474 equestris
406 1454 415 1469 ,
435 1431 492 1462 cui
513 1443 532 1462 a
552 1430 639 1463 CCC
657 1430 701 1463 ad
721 1431 757 1462 M
776 1443 831 1463 us-

159 1493 227 1526 que
253 1481 363 1526 capita
392 1483 497 1516 tribui
523 1482 663 1523 videas,
693 1482 736 1515 de
762 1496 831 1528 quo

158 1535 345 1579 praesertim
359 1535 403 1568 H.
419 1537 457 1570 R.
474 1535 631 1568 schelius
645 1535 690 1569 ad
702 1536 830 1582 Hygin.

158 1586 353 1621 Grammat.
370 1601 404 1633 p.
420 1591 476 1621 66.
494 1588 537 1621 G.

205 1644 431 1684 —Pomponii
440 1643 585 1673 Secundi.
598 1641 648 1673 De
661 1654 730 1686 quo
744 1640 833 1674 libro

159 1693 232 1738 ipse
250 1693 339 1726 Ptin.
367 1695 465 1734 XIV,
494 1699 513 1735 4
530 1720 538 1734 ,
566 1706 616 1738 sq.
639 1696 672 1727 6.
693 1694 834 1726 Poetam

159 1746 388 1780 Consularem
409 1754 511 1780 vocat
524 1747 610 1785 VII,
635 1758 674 1790 19
689 1772 698 1787 ‚
721 1749 751 1790 ς.
779 1747 832 1779 18.

159 1798 395 1844 principatum
428 1800 658 1845 Tragicorum
691 1798 835 1832 Latino-

160 1863 239 1884 rum
263 1851 314 1884 illi
333 1853 452 1886 tribuit
471 1853 621 1894 Quintil.
640 1853 692 1893 X,
717 1865 729 1884 1
745 1878 754 1893 ,
775 1853 833 1896 98.

162 1905 253 1938 Cum
272 1906 425 1939 Domitio
448 1907 532 1938 Afro
556 1913 779 1951 comparatur
800 1905 835 1938 in

161 1957 253 1990 Dial.
272 1957 315 1991 de
331 1972 423 1992 corr.
443 1960 533 2004 eloq.
552 1960 658 1999 XIII,
678 1964 710 1999 4.
731 1959 775 1992 G.
790 1979 837 1984 -—

162 2011 260 2043 Rom.
270 2015 317 2043 De
324 2015 397 2044 vita
407 2016 446 2054 Q.
456 2014 779 2055 PomponiiSecmzdi.
790 2011 834 2043 H.

162 2083 209 2088 --
221 2066 435 2107 Singulariter
451 2075 590 2097 amatus.
606 2066 704 2097 Rom.
722 2067 836 2108 Singu-

164 2119 278 2148 lariter
299 2128 347 2149 esc
370 2128 509 2150 amatus.
530 2117 613 2151 Dele
639 2127 694 2149 est.
721 2117 765 2149 H.
791 2138 837 2143 —·

164 2172 243 2207 Est,
270 2169 372 2202 etiam
394 2171 429 2202 in
452 2169 611 2203 Mediceo
635 2177 810 2215 repertum
826 2195 835 2211 ‚

164 2229 290 2256 temere
308 2223 433 2268 probat
453 2223 602 2256 Cortius.
625 2224 658 2256 S.

211 2279 244 2315 4.
278 2278 438 2307 Bellorum
475 2278 667 2308 Germanice.
704 2276 834 2309 Eorum

164 2327 376 2360 mentionem
402 2328 485 2362 facit
499 2328 640 2362 Tacitus
659 2329 699 2361 A.
718 2329 734 2361 I
747 2355 755 2369 ,
777 2332 834 2372 69.

162 2380 241 2412 Jam
252 2381 399 2414 rariores
407 2394 468 2414 sua
479 2389 577 2414 aetate
588 2381 691 2414 fuisse
704 2381 837 2415 indicat

163 2433 392 2478 Symmachus
401 2435 465 2474 IV,
483 2435 522 2467 18
539 2445 547 2466 x
564 2434 715 2474 «Enitar,
726 2435 753 2467 si
766 2435 836 2468 fors

164 2493 284 2519 votum
302 2489 401 2533 juvat
414 2513 423 2529 ‚
445 2487 547 2519 etiam
567 2486 667 2519 Plinii
685 2487 837 2520 Secundi

163 2537 254 2572 bella
267 2541 466 2584 germanica
483 2539 701 2585 conquirere.
715 2555 729 2568 ι
746 2540 787 2573 G.

210 2610 256 2614 —
286 2594 456 2625 Itzclzoavic
492 2606 589 2635 quum
605 2617 612 2629 ‚
642 2599 708 2624 etc.
734 2594 834 2626 Rom.

165 2645 331 2676 Inchoavic
346 2659 356 2676 :
372 2659 470 2688 qaum
484 2648 514 2678 in
529 2646 705 2677 Germania
720 2648 835 2678 milita-

166 2708 227 2730 rem
246 2721 254 2737 ,
275 2689 396 2730 „mintrio
422 2701 576 2737 minuitas,
599 2699 724 2730 adstitit
747 2701 834 2732 mihi.

897 1062 1075 1095 Librarius
1106 1064 1241 1108 putavit
1257 1089 1266 1104 ‚
1296 1064 1400 1097 Plinii
1426 1065 1572 1098 Minoris

898 1116 1002 1148 verba
1022 1128 1107 1148 esse.
1128 1115 1173 1149 H.

945 1189 990 1193 ——
1015 1173 1136 1201 Drusus
1165 1172 1268 1207 Nero,
1291 1169 1421 1203 Tiberii
1444 1171 1570 1216 Impcr.

899 1221 1018 1262 frater,
1032 1223 1179 1268 Augusti
1191 1222 1368 1269 privignus
1379 1249 1388 1264 ,
1406 1223 1467 1269 qui
1480 1236 1498 1256 a
1512 1223 1574 1256 Ba-

898 1275 985 1307 tavis
1001 1274 1081 1307 inde
1099 1288 1207 1321 usque
1227 1275 1272 1309 ad
1283 1277 1398 1309 Albim
1420 1285 1575 1322 penetra-

900 1328 968 1367 vit,
980 1328 1165 1374 multisque
1179 1329 1403 1362 Germaniam
1419 1330 1574 1363 Castellis

900 1382 1144 1421 communivit,
1155 1395 1304 1427 quorum
1318 1383 1419 1428 plura
1431 1383 1574 1415 urbibus

900 1433 1069 1478 originem
1095 1435 1221 1468 dedere
1238 1460 1247 1475 ‚
1269 1443 1369 1480 atque
1396 1436 1432 1468 in
1453 1435 1574 1468 eadem

901 1493 991 1519 terra
1005 1490 1190 1522 exstinctus
1200 1497 1261 1522 est.
1272 1490 1337 1522 En.
1350 1510 1396 1514 -
1409 1492 1576 1521 latissime

900 1541 1017 1572 victor.
1032 1542 1277 1588 UtVirg.AEn.
1293 1544 1308 1575 Ι
1321 1569 1329 1583 ,
1348 1543 1386 1577 25
1401 1568 1408 1582 ‚
1421 1545 1574 1585 populum

903 1595 967 1623 late
980 1606 1094 1637 regem.
1112 1595 1205 1628 Nihil
1219 1595 1325 1640 igitur
1339 1608 1467 1629 canssae
1482 1602 1572 1634 erat,

902 1656 965 1677 cur
985 1645 1184 1680 Harduinus
1205 1649 1308 1681 scribi
1326 1649 1464 1694 juberet
1485 1651 1575 1680 latis-

902 1699 1002 1730 sima'.
1014 1698 1106 1731 8.-
1114 1702 1212 1733 Rom.
1226 1703 1392 1733 Latissime
1402 1704 1516 1734 victor.
1530 1701 1574 1734 H.

904 1769 949 1774 --
960 1753 1141 1784 Latissima’
1151 1765 1221 1786 non
1232 1754 1344 1798 primo
1354 1754 1482 1798 placuit
1491 1754 1578 1787 Har-

904 1800 1026 1837 duino.
1045 1804 1242 1852 Habetjam
1260 1805 1449 1852 Grypliius.
1468 1806 1574 1839 Male.

904 1856 1187 1890 S.—Memoriam
1199 1861 1258 1892 sai.
1274 1860 1371 1892 Rom.
1387 1862 1577 1891 Memoriam

904 1921 1007 1942 suam.
1016 1909 1057 1942 H.
1067 1932 1112 1935 ——
1120 1912 1257 1945 Cortius
1268 1923 1276 1944 ἰ
1287 1929 1300 1941 ι
1312 1913 1365 1945 Sic
1379 1913 1576 1957 [memoriam

905 1965 1008 2009 suam]
1029 1965 1107 1998 libri
1122 1979 1240 1998 omnes
1255 1965 1372 2011 scripti
1386 1973 1419 1998 et
1433 1964 1546 1997 excusi
1565 1975 1573 1996 ζ

905 2029 949 2050 ne
971 2025 1003 2050 te
1027 2026 1164 2051 moveat
1188 2017 1275 2051 illud
1299 2020 1485 2050 memoriam
1505 2019 1572 2054 sui,

905 2070 1002 2115 quod
1015 2070 1174 2104 inficetus
1187 2078 1362 2104 corrector
1372 2071 1407 2103 in
1421 2069 1486 2102 Ed.
1503 2069 1578 2102 Cel-

905 2123 1076 2156 larianam
1109 2124 1258 2156 intrusit.
1294 2123 1450 2156 Alterum
1481 2135 1577 2167 aeque

905 2175 1069 2208 usitatum
1083 2189 1155 2209 esse
1169 2201 1177 2216 ‚
1194 2175 1450 2221 persuadebunt
1460 2183 1576 2208 nostra

906 2227 951 2260 ad
959 2229 1097 2262 Sallust.
1114 2229 1215 2262 Catil.
1229 2242 1306 2274 cap.
1321 2229 1437 2261 XXXI
1448 2253 1456 2268 ‚
1470 2236 1553 2261 extr.
1563 2244 1575 2256 »ι

905 2280 1079 2326 Gierigius
1098 2284 1285 2314 memoriam
1303 2295 1396 2313 suam
1417 2281 1504 2314 bene
1522 2293 1577 2313 re-

905 2334 1052 2366 vocavit.
1069 2335 1103 2368 S.
1119 2355 1158 2358 -
1173 2337 1354 2367 Adsererec.
1368 2334 1466 2366 Rom.
1477 2335 1578 2364 Adse-

905 2399 1018 2419 rerem.
1039 2386 1081 2419 H.

954 2439 986 2472 5.
1004 2442 1154 2472 Studiosi.
1173 2441 1251 2472 Jam
1265 2447 1339 2472 tum
1355 2440 1481 2470 studere
1498 2437 1577 2469 sim-

902 2492 1035 2536 pliciter
1065 2492 1108 2525 de
1140 2492 1245 2526 literis
1281 2491 1492 2525 adhibebant
1508 2514 1517 2529 ‚
1545 2497 1578 2522 et

902 2547 1061 2577 studiosus
1080 2552 1152 2577 erat
1172 2544 1374 2590 eloquentiae
1385 2568 1394 2583 ⁷
1406 2554 1481 2588 quae
1494 2554 1578 2586 apex

903 2604 977 2630 tum
1013 2597 1209 2631 studiorum
1223 2622 1232 2637 ‚
1263 2595 1422 2641 cupidus.
1454 2596 1578 2628 Noster

903 2649 1011 2689 VIII,
1034 2662 1045 2682 1
1057 2663 1072 2683 2
1087 2675 1095 2690 ‚
1115 2663 1126 2683 1
1146 2662 1153 2682 :
1172 2652 1255 2682 Colit
1269 2650 1395 2685 studia,
1419 2649 1576 2679 studiosos

904 2713 995 2734 amat
1008 2728 1017 2743 ,,
1049 2710 1111 2736 etc.
1145 2702 1238 2735 Fecit
1264 2701 1365 2747 igitur
1392 2700 1487 2745 operi
1516 2710 1578 2732 suo
