1742 2989
209 236 295 281 180
608 239 658 281 C.
696 238 1203 282 PLINIILIB.111.

154 335 173 368 3
199 329 346 364 tamen
365 321 416 365 C.
438 321 586 365 Caesar
605 320 664 363 ita
684 319 996 380 reprehendit,
1017 331 1066 365 ut
1085 320 1246 365 laudet.
1274 321 1436 365 Scribit
1458 323 1575 366 enim
1595 357 1606 377 ,

197 409 291 448 eos,
311 393 470 454 quibus
490 393 644 437 obvius
671 392 839 449 fuerat,
864 411 1001 455 quum
1027 405 1161 455 caput
1184 395 1292 438 ebrii
1324 396 1604 452 retexissent,

195 467 419 511 erubuisse
442 483 452 511 ε
475 466 632 510 deinde
652 466 829 527 adjicit,
850 478 1040 530 putares
1057 485 1148 513 non
1170 469 1228 513 ab
1251 467 1340 514 illis
1364 470 1576 514 Catonem
1591 505 1602 524 ,

190 540 275 584 sed
293 541 395 584 illos
413 556 445 585 a
467 541 635 584 Catone
652 540 958 602 deprehensos.
986 543 1192 587 Potuitne
1212 542 1309 604 plus
1332 544 1605 588 auctoritatis

193 614 329 657 tribui
367 614 554 669 Catoni,
589 630 723 674 quam
759 614 793 658 si
831 614 977 659 ebrius
1013 632 1188 677 quoque
1222 625 1311 659 tam
1345 615 1604 659 venerabilis

147 705 166 740 s,
193 685 316 730 erat?
335 688 507 731 Nostrae
528 696 677 731 tamen
703 704 837 731 coenae
868 697 918 732 ut
949 699 1186 750 apparatus
1210 699 1253 733 et
1279 689 1516 750 impendii,
1542 690 1604 733 sic

192 760 402 820 temporis
427 759 585 803 modus
607 769 791 804 constet.
810 762 964 821 Neque
983 762 1100 805 enim
1121 762 1150 805 ii
1170 779 1319 806 sumus
1333 798 1343 817 ,
1364 780 1474 823 quos
1494 763 1603 806 vitu-

189 850 343 894 perare
363 850 417 877 ne
444 833 611 877 inimici
636 833 814 894 quidem
843 835 1035 895 possint,
1064 835 1147 879 nisi
1173 845 1222 879 ut
1253 835 1380 879 simul
1406 835 1599 880 laudent.

188 905 316 951 Vale.

185 1015 255 1049 vid.
274 1028 361 1061 quos
381 1014 501 1049 laudat
527 1015 708 1049 Fabricius
728 1014 773 1048 ad
796 1017 865 1049 Au·
931 1017 1058 1051 tionem
1078 1025 1182 1062 atque
1202 1017 1456 1051 ordinationem
1475 1018 1603 1063 signifi-

184 1069 276 1115 gusti
296 1069 421 1114 fragm.
446 1081 483 1114 p.
504 1069 569 1102 168
581 1094 590 1109 ‚
612 1069 671 1101 ubi
696 1068 739 1101 de
762 1069 865 1102 simili
931 1077 998 1103 cat.
1013 1070 1056 1103 G.
1070 1072 1226 1103 -Rom.
1242 1073 1399 1103 Describit
1413 1073 1512 1109 enim,
1528 1084 1597 1109 eos,

184 1122 331 1168 Augusti
353 1134 459 1168 opere
471 1147 480 1162 ‚
501 1124 673 1165 Rescriplis
698 1126 798 1154 Bruto
824 1124 863 1153 de
927 1119 1167 1162 qllib115⁶30bvl⁸lls
1176 1119 1293 1162 sileri!-
1309 1117 1351 1150 H.
1366 1138 1411 1142 —-
1427 1120 1546 1161 caput.
1562 1142 1571 1150 .
1586 1143 1592 1150 .

185 1178 325 1214 Catone,
343 1176 426 1221 agit.
440 1174 484 1208 G.
926 1172 1123 1203 retexissent.
1144 1171 1248 1211 Quod
1273 1176 1352 1215 toga
1370 1168 1521 1204 adducta
1539 1171 1600 1203 ob-

230 1249 276 1254 ,-
291 1231 369 1260 Cato
384 1227 587 1273 intelligitur
600 1227 789 1268 Uticensis,
799 1228 859 1273 qui
925 1222 1079 1256 volverat
1093 1222 1220 1257 scilicet
1233 1248 1242 1263 ‚
1262 1235 1306 1256 ne
1321 1231 1534 1256 nosceretur.
1552 1223 1597 1256 G.

181 1282 261 1314 vino
275 1281 526 1315 delectabatur,
544 1281 610 1314 En,
924 1279 1198 1320 —Deprelcensos‚
1208 1276 1243 1308 in
1252 1275 1395 1309 crimine
1403 1288 1595 1321 oppressos.

229 1335 261 1368 3.
282 1336 396 1366 Scribit
414 1337 508 1367 enim.
529 1334 666 1367 Retinui
692 1333 855 1368 emenda·
914 1335 1045 1364 —Plus
1059 1332 1274 1363 auctoritatis.
1289 1330 1509 1364 Reverentiae.
1529 1330 1598 1363 Ita-

179 1387 309 1420 tionem
337 1387 557 1426 casauboni,
583 1400 603 1420 a
630 1387 779 1420 Cellario
804 1399 855 1419 as·
915 1397 983 1430 que
997 1384 1267 1429 SenecaTranq.
1286 1383 1463 1429 15,quum
1474 1383 1597 1417 Catoni

178 1448 366 1484 sumptam.
389 1441 583 1485 Vulgatum
598 1439 684 1473 illud
706 1442 857 1472 describit
915 1437 1118 1471 ebrietatem
1147 1437 1321 1482 objectam
1348 1444 1595 1475 memorasset,

178 1492 308 1526 frustra
322 1492 520 1526 defenditur
535 1505 575 1526 ex
587 1494 673 1526 Tae.
689 1494 779 1525 Ann.
793 1493 855 1532 VI,
910 1492 1047 1535 facilius
1061 1492 1192 1536 (fficiet,
1210 1489 1319 1534 inquit
1331 1513 1340 1528 ,
1356 1491 1498 1531 quisquis
1512 1491 1595 1532 obje-

182 1550 234 1586 24.
257 1548 424 1588 Descripta
440 1545 530 1578 enim
546 1545 595 1578 ibi
612 1557 683 1578 non
696 1558 759 1590 pro
776 1545 856 1578 sim-
921 1546 1019 1581 cerie,
1047 1545 1106 1575 lzoc
1136 1544 1253 1574 crimen
1285 1543 1469 1580 honestum,
1498 1555 1595 1584 quam

179 1598 257 1643 plici
276 1601 397 1642 scripta
417 1599 558 1645 ponitur
571 1623 580 1640 ‚
602 1598 664 1632 sed
682 1597 857 1644 dispensa·
922 1608 1045 1639 turpem
1067 1598 1231 1628 Catonem.
1247 1594 1287 1626 E.

180 1714 486 1725 ωωινιινιινὶ
493 1715 545 1725 ἰιὶ
551 1712 1036 1725 ςἏπνὶιιῑιιῑςἏιἋς-ιῑιικ
1043 1711 1220 1722 ιιὶανιω
1226 1710 1585 1722 ιιὶιι-κινιυιιςνὶικι

792 1843 974 1899 XIII.

179 1981 472 2030 Panegyricum,
497 1979 662 2028 Trajano
684 1978 849 2024 dictum,
873 1976 1154 2013 emendandum
1173 1976 1299 2013 mittit.
1325 1979 1415 2013 Haec
1438 1984 1493 2012 est
1516 1991 1589 2014 una

230 2057 275 2080 cx
295 2043 442 2080 duabus
458 2043 531 2079 illis
549 2042 736 2092 epistolis,
751 2056 852 2091 quae,
879 2050 1057 2091 tanquam
1070 2040 1344 2089 praefationes,
1359 2043 1589 2089 panegyrico

229 2108 408 2159 praemitti
428 2115 597 2157 possunt.
620 2110 690 2143 En.

457 2235 497 2263 C.
537 2234 772 2265 PLINIUS
808 2233 1047 2263 ROMANO
1074 2216 1094 2235 *
1131 2231 1234 2261 SUO
1270 2233 1304 2260 S,

240 2346 427 2388 Limum
443 2376 454 2396 ,
473 2358 560 2402 quo
586 2359 729 2402 nuper
748 2343 916 2402 optimo
937 2341 1127 2402 principi
1147 2339 1298 2383 consul
1318 2341 1477 2400 gratias
1495 2343 1584 2402 egi,

177 2417 276 2461 misi
312 2415 502 2476 exigenti
534 2415 612 2458 tibi
635 2432 643 2459 :
667 2417 906 2471 missurus,
935 2414 1015 2458 etsi
1043 2430 1133 2457 non
1169 2414 1392 2473 exegisses.
1424 2417 1474 2458 In
1500 2415 1585 2459 hoc

178 2488 425 2534 consideres
444 2486 596 2544 veliin,
622 2497 671 2532 ut
689 2487 1063 2550 pulchritudinem
1086 2486 1298 2540 materiae,
1325 2487 1381 2528 ita
1403 2485 1584 2531 difficul-

224 2603 344 2636 XIII.*
370 2606 526 2634 Romano.
554 2602 656 2634 Intel.
691 2605 847 2635 Voconius
913 2611 1081 2648 terpunge
1106 2613 1113 2634 ε
1142 2604 1173 2633 in
1206 2603 1266 2633 hoc
1292 2610 1388 2639 nota,
1419 2604 1555 2644 ‘vulgata
1570 2628 1578 2641 ‚

178 2661 338 2689 Romanus
354 2654 397 2687 de
410 2667 480 2701 quo
497 2654 541 2687 ad
556 2655 572 2687 I
584 2679 592 2694 ,
608 2667 662 2700 ep.
678 2656 710 2688 5.
728 2655 792 2687 En.
913 2658 1001 2687 dicta
1015 2665 1087 2687 sunt
1100 2656 1218 2687 omnia.
1232 2653 1387 2698 Respexit
1401 2653 1445 2686 ad
1457 2654 1579 2700 Virgil.

227 2722 258 2741 2.
280 2713 318 2740 In
344 2710 403 2740 hoc
426 2709 614 2740 consideres.
649 2710 768 2739 Tamen
788 2709 847 2739 hoc
912 2708 975 2741 lib.
989 2709 1040 2740 III
1054 2733 1061 2747 ‚
1073 2710 1152 2740 [ΕΠ.
1172 2707 1287 2751 [immo
1299 2706 1484 2751 Georg.S-]
1499 2720 1530 2740 v.
1545 2708 1576 2740 3.
1609 2746 1613 2749 ⁴

176 2763 373 2799 consideres,
395 2759 515 2795 vitiose
531 2761 628 2793 Rom.
644 2759 774 2793 Deinde
795 2759 845 2792 in-
917 2761 1066 2795 «Caetera
1081 2773 1156 2805 quae
1168 2771 1294 2795 vacuas
1307 2759 1495 2794 tenuissent
1508 2770 1579 2793 car-
