1742 2989
247 176 339 227 412
644 176 694 218 C.
732 174 949 217 PLINII
984 174 1108 217 LIB.
1146 173 1264 217 VII.

197 266 219 306 4
246 255 384 309 Nam,
407 270 545 314 quum
566 255 835 314 suspicarer,
860 253 1058 297 futurum
1073 290 1083 309 ,
1102 263 1149 297 ut
1165 254 1244 297 tibi
1266 252 1477 298 tumidius
1496 255 1657 301 videre-

245 336 338 381 tur,
359 327 475 387 quod
491 337 552 371 est
572 328 798 371 sonantius
818 336 860 370 et
877 326 1054 379 elatius3
1074 343 1161 370 non
1182 326 1373 370 alienum
1392 327 1656 383 existimavi,

243 416 298 442 ne
319 410 361 443 te
383 410 631 461 torqueres,
652 400 811 444 addere
830 401 973 443 statim
997 402 1184 460 pressius
1202 400 1408 461 quiddam
1428 411 1469 444 et
1486 401 1655 458 exilius,

243 473 309 516 vel
328 475 473 534 potius
494 473 703 517 humilius
724 483 764 516 et
788 473 934 534 pejus⁷
961 483 1103 517 vestro
1127 483 1270 517 tamen
1292 473 1458 534 judicio
1482 475 1653 518 rectius.

197 559 216 592 5
244 547 336 589 Cur
362 547 478 588 enim
503 563 593 590 non
617 563 932 607 usquequaque
959 547 1215 590 tenuitatem
1239 557 1425 591 vestram
1450 547 1655 607 insequar

243 629 285 661 et
305 619 552 680 exagitem?
578 622 705 674 Haec,
729 629 776 662 ut
798 620 912 663 inter
932 621 1034 663 istas
1056 620 1367 680 occupationes
1388 620 1553 681 aliquid
1574 619 1652 663 ali-

197 723 217 755 6
243 693 421 753 quando
438 693 626 737 rideres:
644 692 751 737 illud
767 694 892 736 serio.
908 692 1043 747 Vide,
1063 703 1111 736 ut
1128 693 1235 735 mihi
1254 694 1458 736 viaticum
1478 692 1653 749 reddas,

242 765 360 826 quod
384 766 601 827 impendi,
624 766 724 810 data
751 783 885 827 opera
908 783 1085 810 cursore
1109 765 1301 809 dimisso.
1327 768 1402 810 Nae
1425 776 1494 821 tu,
1517 782 1655 826 quum

240 839 326 882 hoc
348 838 525 899 legeris,
544 856 634 883 non
649 849 794 900 partes
810 839 942 883 libelli
957 876 968 895 ‚
988 840 1060 883 sed
1077 850 1217 883 totum
1232 839 1424 883 libellum
1440 840 1656 900 improba-

242 912 329 968 bis,
356 914 624 974 negabisque
648 913 780 957 ullius
801 914 930 974 pretii
955 930 1045 958 esse
1062 949 1073 970 ⁷
1097 914 1164 974 cuj
1175 930 1221 956 us
1243 913 1433 973 pretium
1456 928 1653 972 reposce-

242 987 314 1029 ris.
343 986 466 1030 Vale.

241 1120 418 1153 conferam
430 1146 439 1162 ‚
454 1129 486 1154 et
500 1129 666 1167 tanquam
681 1133 756 1154 mea
771 1122 911 1167 scripta,

240 1173 297 1206 vel
325 1175 389 1206 suh
416 1187 494 1207 ineo
520 1175 661 1208 nomine
674 1200 682 1214 ‚
712 1173 811 1207 edam
823 1200 831 1214 ‚
859 1174 914 1208 vel

241 1226 322 1268 alii,
344 1235 380 1259 ut
404 1240 466 1272 pro
490 1228 558 1260 suis
578 1235 713 1266 utatur,
730 1226 819 1259 (labo
841 1238 848 1259 1
870 1227 914 1259 ab

240 1279 370 1324 iisque,
391 1293 467 1325 quae
492 1288 529 1312 tu
552 1279 754 1320 fasddiexis,
774 1279 914 1312 laudem

240 1343 453 1378 consequar:
466 1332 761 1377 quemadmodum
774 1340 915 1377 propter

240 1383 337 1417 illum
357 1385 471 1430 ipsum
487 1385 599 1417 locum
620 1384 790 1418 laudabor
804 1385 848 1417 ab
864 1385 914 1417 in-

240 1436 473 1482 telligentibus
490 1463 497 1478 ‚
528 1451 632 1483 quem
663 1437 821 1471 adnotavi
839 1463 848 1477 ,
882 1445 914 1470 et

240 1490 351 1522 verbis
379 1491 451 1523 aliis
480 1491 514 1523 in
543 1491 724 1524 interstitio
751 1503 913 1524 versuum

242 1542 373 1587 scriptis
391 1543 539 1576 reddidi.
556 1547 640 1576 Nam
657 1558 768 1587 quam,
787 1552 851 1577 etc.
868 1544 911 1577 G.

289 1597 321 1627 6.
338 1598 433 1634 Vide,
450 1607 485 1628 nt
494 1598 573 1628 mihi
585 1599 753 1629 viaticum.
767 1597 830 1630 Hic
846 1610 914 1630 ma-

980 1121 1028 1167 gis
1050 1121 1153 1155 etiam
1172 1132 1277 1167 quam
1298 1128 1377 1153 ante
1394 1120 1532 1165 jocatur
1547 1119 1599 1152 vir
1619 1119 1655 1151 li-

979 1175 1214 1207 beralissimus
1228 1199 1236 1213 ‚
1253 1181 1285 1206 et
1304 1173 1412 1206 multa
1433 1172 1540 1205 millia
1557 1184 1655 1204 nuin-

980 1240 1076 1260 muni
1097 1227 1226 1259 donare
1250 1225 1381 1258 solitus.
1413 1226 1583 1258 Caeterum
1608 1226 1655 1255 di-

980 1283 1090 1313 missus
1103 1283 1183 1312 data
1197 1293 1294 1322 opera
1305 1292 1415 1310 cursor
1424 1278 1486 1310 illis
1493 1276 1655 1322 placebit,

981 1334 1109 1380 quibus
1135 1333 1221 1365 forte
1248 1345 1335 1378 opus
1358 1331 1461 1364 suerit
1479 1330 1584 1363 latine
1604 1327 1653 1361 di-

979 1399 1076 1427 cere,
1111 1399 1214 1431 quem
1242 1385 1420 1418 romanica
1449 1383 1567 1428 lingua
1590 1385 1657 1412 Ex-

972 1453 1118 1483 pressum
1132 1451 1255 1472 vocare
1269 1438 1365 1471 solet.
1379 1436 1528 1468 Videtur
1541 1441 1654 1467 autem

980 1504 1119 1525 cursore
1128 1491 1270 1523 dimisso
1279 1501 1501 1535 compensare
1510 1487 1655 1520 voluisse

980 1544 1175 1577 tarditatem
1191 1569 1200 1584 ,
1219 1543 1263 1576 de
1277 1556 1346 1589 qua
1363 1550 1412 1576 est
1429 1543 1463 1574 in
1482 1539 1655 1586 principio

980 1597 1140 1642 epistolae.

241 1737 253 1745 ι
260 1735 297 1746 §2
304 1735 358 1746 ms
364 1735 605 1746 nmuzmmmtxm
613 1736 665 1746 nxz
671 1735 970 1747 xmwvwxssszxstts
977 1733 1521 1746 “sssznmxxmuwsmxmsttsm
1527 1731 1642 1743 ιὶιιηιι

827 1868 1037 1938 ,ὶςΙΙΙ.

560 2031 727 2064 FERoms
748 2024 957 2073 elegantem
980 2024 1177 2074 epistolam
1197 2023 1337 2060 laudat.

547 2168 585 2196 c.
623 2167 855 2196 PLINIUS
892 2166 1094 2195 FEROCI
1130 2149 1147 2167 *
1185 2164 1284 2192 suo
1320 2163 1352 2190 s.

307 2288 344 2329 E
359 2301 500 2330 ADEM
527 2285 710 2345 epistola
731 2295 774 2328 et
794 2284 969 2328 studere
991 2293 1033 2326 te
1053 2292 1096 2325 et
1119 2298 1207 2325 non
1230 2279 1403 2324 studere
1424 2278 1652 2340 significat.

247 2359 494 2419 AEnigmata
536 2357 707 2418 loquor.
748 2361 813 2402 Ita
850 2357 1011 2417 plane,
1055 2356 1195 2399 donec
1228 2354 1506 2407 distinctius,
1536 2350 1655 2412 quod

203 2461 219 2480 2
246 2432 408 2488 sentio,
446 2431 684 2474 enuntiem.
723 2433 866 2491 Negat
907 2431 1022 2473 enim
1055 2439 1096 2472 te
1129 2428 1325 2483 studere,
1363 2426 1435 2470 sed
1472 2435 1534 2468 est
1565 2433 1651 2466 tam

1034 2584 1046 2602 1
1055 2598 1061 2603 .
1077 2574 1119 2603 Ec
1127 2572 1251 2602 studere
1265 2579 1294 2601 te
1304 2578 1334 2600 et
1346 2580 1408 2599 mm
1420 2566 1652 2598 studere.C‹)rt.

983 2632 1015 2658 et
1034 2623 1129 2657 Gier.
1148 2623 1300 2668 genuino
1318 2619 1439 2653 ordine
1451 2618 1652 2651 vorborum:

982 2688 1014 2710 et
1033 2690 1096 2709 non
1117 2678 1242 2709 studere
1260 2684 1288 2707 te
1309 2684 1340 2707 et
1355 2674 1489 2705 studere.
1508 2673 1542 2706 S.

292 2574 518 2607 XIII.*Ferox
526 2572 623 2607 haud
633 2572 735 2605 dubie
744 2576 847 2605 Julius
860 2578 915 2604 Fe-

247 2640 326 2665 rox,
349 2625 392 2659 dc
405 2638 474 2671 quo
490 2627 524 2658 II
538 2651 546 2666 ‚
565 2639 617 2671 ep.
639 2637 694 2666 11,
710 2626 727 2659 5
744 2634 775 2659 et
795 2626 839 2666 X,
860 2638 913 2670 ep.

252 2690 300 2721 ις),
320 2678 349 2711 3.
367 2679 431 2711 En.
