1742 2989
507 183 849 225 EplsTOLA
888 183 1126 226 XXXIV.

1427 179 1487 241 39
1499 197 1507 223 1

118 274 343 317 constans,
370 263 442 307 sed
469 263 626 307 durum
657 264 886 308 videretur.
925 263 1033 307 Illud
1063 280 1237 324 quoquc
1266 264 1513 324 egregium,

117 338 236 398 quod
263 347 350 381 tam
380 335 542 391 facilis,
568 346 654 380 tam
683 336 871 381 liberalis
896 336 1128 396 inglendo
1149 336 1279 380 fuisti.
1301 338 1414 380 Nam
1440 353 1516 397 per
1565 334 1572 346 '

117 412 207 455 haec
235 412 362 454 etiam
390 427 575 471 magnus
607 411 779 454 animus
805 410 1062 454 ostenditur.
1084 409 1252 454 Vellem
1280 410 1515 464 Africanae,

114 500 221 543 quas
238 499 456 528 coemeras
474 482 698 543 plurimas,
714 484 766 527 ad
787 484 1051 544 praefinitum
1072 483 1188 527 diem
1207 478 1513 535 occurrissent3

115 556 189 598 sed
215 555 315 600 licet
339 557 600 600 cessaverint
630 556 710 600 illae
727 593 738 609 ἢ
769 566 1025 617 tempestate
1056 556 1264 612 detentae,
1291 566 1339 600 tu
1370 566 1513 600 tamen

113 628 333 681 meruisti,
362 638 407 671 ut
440 639 667 689 acceptum
700 630 778 673 tihi
804 629 950 683 fieret,
974 629 1092 690 quod
1118 647 1205 690 quo
1232 630 1375 673 minus
1401 630 1515 673 exhi-

112 700 259 755 beres,
281 716 367 744 non
392 718 470 761 per
490 712 531 745 te
555 703 685 746 stetit.
700 701 822 745 Vale.

111 832 274 866 debeatur
293 834 373 879 [pro
392 836 598 879 debebaturj.
616 835 781 868 Praeterea

111 894 205 919 tanto
231 899 440 920 consensu.»
463 887 513 919 Ex
539 887 680 932 vulgata
709 886 781 919 haec

110 939 157 972 ita
175 939 333 984 supplere
349 939 427 972 licet
443 953 450 972 :
468 941 588 985 «cujus
608 939 781 972 memoriae

111 1004 129 1024 a
141 999 172 1024 te
185 1004 270 1036 opus
284 991 426 1038 aliquod
438 1017 446 1031 ‚
460 999 518 1024 aut
529 991 778 1036 spectaculum,

112 1043 256 1077 maxime
270 1044 414 1077 funebre
424 1068 432 1083 ‚
447 1043 650 1077 debebatur.
665 1061 678 1073 »
688 1044 732 1076 H.

159 1109 189 1128 2.
219 1099 294 1128 Non
324 1106 482 1129 constans.
509 1095 656 1129 Videtur
687 1097 779 1129 enim

110 1148 240 1193 alioqui
253 1149 442 1181 constantis
463 1149 526 1181 viri
547 1162 618 1182 esse
630 1174 639 1190 ⁷
656 1161 780 1195 negare

108 1202 236 1246 populo
255 1201 428 1234 crudelem
450 1202 537 1234 adeo
550 1202 758 1247 voluptatem
771 1227 779 1241 ‚

110 1254 144 1285 in
164 1266 232 1299 qua
246 1253 332 1286 nihil
350 1255 411 1294 sit,
433 1253 528 1299 quod
542 1253 713 1287 delectare
733 1255 780 1287 vi-

108 1317 186 1338 rum
203 1306 392 1351 sapientem
410 1306 531 1352 possit.
545 1305 636 1338 Vide
653 1305 780 1352 sapien-

108 1357 273 1391 tissimam
291 1358 466 1392 Ciceronis
483 1357 527 1391 ad
543 1358 692 1391 Marium
711 1359 779 1404 epi-

108 1411 230 1444 stolam
246 1412 329 1444 fam.
346 1412 415 1443 VII
426 1436 434 1451 ‚
455 1424 467 1444 1
478 1437 484 1444 .
499 1411 543 1444 G.

154 1484 198 1487 —
216 1466 305 1495 Illud
331 1477 457 1507 quoque
484 1466 650 1507 egregium.
677 1465 775 1496 Rom.

108 1518 196 1548 Illud
215 1530 341 1559 quoqne
366 1519 505 1560 egregie,
526 1524 563 1549 ut
583 1516 619 1548 in
644 1516 778 1560 scriptis

107 1575 168 1601 est.
183 1568 226 1601 H.
237 1569 427 1614 —Recepit
439 1569 593 1602 Cortius:
607 1568 687 1601 item
700 1568 777 1601 Gie-

106 1620 223 1666 rigius.
239 1621 345 1655 Bene.
362 1623 524 1654 Nostrum
545 1633 564 1654 a
579 1621 776 1666 glossatoris

107 1684 213 1705 manu
235 1674 443 1720 profectum.
466 1675 499 1707 S.
515 1694 558 1698 -
573 1676 726 1705 Liberalis
745 1677 775 1705 ιή

106 1727 238 1758 edendo.
272 1726 316 1758 Ut
345 1727 511 1771 Pancgyr.
540 1726 714 1765 XXXIII,
744 1740 773 1757 2

856 836 995 875 «Quam
1018 835 1141 868 dein-'Ic
1159 835 1194 867 111
1215 835 1350 868 edendo
1369 836 1516 869 liberali·

848 895 969 920 tatem.
987 913 991 918 .
1009 888 1199 928 .exhil›uit,
1218 896 1281 921 etc.
1295 905 1307 916 υ
1329 888 1373 921 G.

894 943 1079 983 -chcgmzs
1089 943 1213 972 animus
1225 942 1409 973 ostenditur.
1418 942 1512 973 Rom.

847 995 981 1024 Animus
994 1006 1127 1036 magnus
1139 995 1327 1026 ostenditur.
1342 993 1384 1026 H.

895 1046 926 1078 3.
938 1046 1115 1088 Africanoe.
1134 1045 1330 1085 Panthcrae,
1346 1058 1385 1078 cx
1399 1046 1514 1078 Africa

846 1097 996 1130 advectae
1021 1097 1064 1130 ad
1084 1098 1341 1142 spectaculum:
1360 1098 1431 1131 vid.
1448 1099 1515 1131 Ρ11-

845 1150 942 1182 nium
957 1150 1002 1183 H.
1026 1151 1068 1182 N.
1089 1150 1175 1182 VIII
1189 1175 1198 1189 ‚
1220 1152 1272 1184 18.
1292 1151 1333 1183 E.
1351 1171 1396 1175 —-
1410 1151 1511 1184 Conf.

845 1201 1020 1235 Ciceronis
1039 1202 1215 1247 epistolam
1234 1202 1278 1234 ad
1297 1202 1442 1235 Coelium
1460 1203 1514 1241 ΙΙ,

850 1267 901 1287 11.
921 1255 1053 1287 Livium
1074 1255 1202 1295 XLIV,
1220 1256 1260 1287 18
1274 1279 1282 1295 ‚
1307 1256 1340 1288 8.
1361 1256 1424 1287 «Et
1441 1255 1513 1300 jam

845 1306 1102 1352 magnificentia
1144 1315 1320 1340 crescente
1356 1315 1513 1340 notatum

845 1368 914 1400 est,
940 1359 1029 1393 ludis
1057 1360 1267 1393 circensibus
1293 1361 1329 1392 P.
1363 1360 1514 1393 Cornelii

843 1413 1012 1458 Scipionis
1034 1413 1166 1446 Nasicae
1180 1422 1211 1445 et
1225 1414 1262 1445 P.
1278 1413 1416 1446 Lentuli
1433 1413 1513 1446 aedi-

843 1464 927 1497 lium
943 1465 1135 1505 curulium,
1151 1466 1324 1511 sexaginta
1345 1474 1412 1498 tres
1427 1466 1514 1498 Afri·

844 1529 967 1557 canas,
988 1526 1020 1550 et
1035 1518 1265 1564 quadraginta
1284 1531 1383 1551 ursos
1401 1525 1433 1551 et
1450 1519 1514 1552 ele-

844 1569 990 1614 phantos
1004 1570 1153 1603 lusisse.»
1164 1571 1232 1603 Ubi
1245 1570 1313 1604 vid.
1324 1571 1466 1616 interpr.
1477 1572 1510 1604 S.

842 1643 887 1647 -—
904 1625 1162 1668 .-l(lproefi1-1ic1‹1n
1188 1625 1270 1655 (ilem
1295 1626 1510 1657 occurrissent.

843 1676 940 1706 Rom.
964 1678 1020 1706 Ad
1033 1677 1230 1719 praefinitum
1255 1678 1336 1707 diem
1359 1678 1511 1708 accurris—

843 1736 919 1758 SCIII.
938 1726 978 1758 H.
