1742 2989
580 233 921 275 EPISTULA
967 231 1125 275 XLVli.

152 314 205 355 sit
232 329 240 355 :
270 322 317 355 ut
341 314 549 371 peractis,
576 329 670 373 quae
698 314 863 372 agenda
886 314 1070 367 fuerint,
1102 311 1217 356 salvo
1246 313 1332 372 jam
1361 323 1403 356 et
1430 331 1549 358 con]-

1469 250 1549 295 τις)

156 387 295 444 posito
326 384 393 427 die
412 420 422 439 ‚
452 386 587 445 possis
616 385 674 428 ibi
704 402 894 429 manere.
920 385 1079 429 Aditur
1108 401 1195 428 non
1219 401 1305 428 una
1327 387 1395 428 via
1417 403 1425 429 :
1450 403 1550 430 nam

153 468 195 501 et
222 459 490 501 Laurentina
512 469 554 502 et
579 460 792 502 Ostiensis
817 459 968 503 eodem
988 459 1158 515 ferunt,
1186 458 1259 502 sed
1282 461 1553 504 Laurentina

153 548 176 574 a
191 531 516 591 quartodecimo
531 531 673 592 lapide
688 567 699 585 ⁷
718 534 929 577 Ostiensis
947 534 1001 577 ab
1019 534 1250 577 undecimo
1270 532 1553 593 relinquenda

152 615 229 649 est.
254 606 473 666 Utrinque
495 607 655 666 excipit
678 607 758 650 iter
784 606 927 667 aliqua
949 624 998 650 ex
1027 617 1150 667 parte
1176 623 1427 658 arenosum,
1448 608 1552 666 jun-

152 678 231 721 ctis
254 677 401 739 paullo
430 680 603 739 gravius
627 688 670 722 et
696 679 891 740 longius,
912 697 1025 740 equo
1045 680 1175 724 breve
1197 690 1239 723 et
1256 679 1398 724 molle.
1420 682 1553 724 Varia
1582 694 1587 699 ’

152 750 254 794 hinc
290 761 419 811 atque
453 751 553 795 inde
583 751 737 804 facies3
768 769 869 796 nam
904 753 1035 797 inodo
1073 753 1405 797 occurrentibus
1439 753 1555 798 silvis

150 824 219 866 via
244 834 492 868 coarctatur
509 860 520 879 ⁷
547 825 675 868 inodo
706 825 921 870 latissimis
954 828 1090 887 pratis
1116 825 1377 869 diffunditur
1409 836 1450 869 et
1475 843 1555 887 pa-

151 899 276 941 tescit
302 916 310 941 :
344 897 470 941 multi
504 915 656 959 greges
686 901 858 953 ovium,
892 900 1031 944 inulta
1060 900 1119 943 ibi
1151 916 1365 960 equorum
1395 900 1556 942 boum·

150 987 235 1030 que
266 981 462 1014 armenta
493 989 500 1013 :
531 989 626 1031 quae
658 973 881 1017 montibus
917 974 1060 1016 hieme
1091 973 1294 1034 depulsa,
1328 973 1473 1016 herbis
1513 983 1554 1015 et

150 1053 299 1103 tepore
335 1061 469 1087 verno
510 1045 742 1089 nitescunt.
779 1046 892 1090 Villa
929 1047 1076 1089 usibus
1108 1063 1270 1106 capax,
1312 1063 1400 1089 non
1435 1063 1552 1089 suin-

152 1165 237 1194 Rode
255 1163 289 1195 in
304 1164 490 1196 vernacula
500 1164 649 1196 Vitruvii
664 1165 817 1197 versione

149 1215 250 1248 Tom.
271 1218 324 1255 II,
345 1228 379 1261 p.
397 1219 439 1253 46
453 1241 462 1256 ‚
480 1229 555 1261 sqq.
573 1218 606 1249 S.

198 1282 229 1301 2.
250 1272 341 1301 Salvo
360 1272 448 1312 jam.
467 1294 472 1299 .
490 1294 497 1300 .
514 1271 592 1300 Alie.
615 1269 708 1302 Sicut
721 1271 819 1311 periit

150 1323 236 1359 dies,
266 1334 336 1366 quo
360 1320 447 1353 nihil
471 1328 586 1353 aetum
612 1328 663 1353 est
682 1320 817 1353 honesti

150 1373 278 1418 negotii
295 1398 304 1413 ⁷
322 1385 392 1418 quo
406 1373 462 1405 vel
475 1373 541 1418 ipsi
560 1372 719 1405 meliores
738 1374 818 1405 facti

149 1438 267 1458 sumus
278 1426 351 1466 ‚vel
365 1425 423 1458 alii
441 1436 448 1457 ε
470 1425 515 1457 ita
534 1428 637 1457 salvus
657 1432 708 1457 est
725 1424 797 1458 dies
808 1451 816 1466 ‚

149 1491 218 1523 quo
234 1478 344 1512 functi
362 1490 481 1510 sumus
498 1477 614 1510 officio
634 1485 699 1510 etc.
720 1477 818 1510 Idem

149 1533 338 1575 compositas
355 1539 404 1564 est
415 1556 423 1571 ,
439 1531 506 1563 hoc
522 1537 571 1563 est
585 1556 593 1570 ‚
615 1529 793 1563 ordinatus
809 1556 817 1569 ‚

149 1585 185 1616 in
205 1598 266 1618 sua
288 1584 404 1618 officia
422 1583 624 1616 distributus
640 1608 648 1622 ‚
669 1591 700 1616 et
716 1584 818 1616 rebus

149 1637 290 1683 agendis
304 1636 496 1677 adhibitus,
515 1643 552 1669 ut
564 1661 572 1676 ‚
591 1635 685 1681 quod
703 1649 819 1681 super-

149 1698 198 1723 est
211 1716 220 1731 ,
237 1689 392 1723 curando
410 1689 550 1735 corpori
569 1688 651 1722 dare
671 1689 724 1722 vir
742 1702 818 1733 gra-

150 1743 200 1776 vis
212 1768 222 1783 ,
236 1742 370 1775 nemine
384 1742 601 1787 improbante
615 1767 623 1781 ‚
638 1742 756 1786 possit.
772 1741 815 1773 G.

196 1797 363 1826 ——Jmtctz's
369 1797 482 1837 paullo
491 1796 631 1837 gravius.
643 1796 696 1826 Ita
706 1794 819 1839 legen-

149 1847 234 1880 dum
251 1860 312 1892 pro
329 1849 482 1890 jumentis
507 1847 710 1879 auctoritate
731 1846 818 1892 opti-

150 1912 287 1933 morum
306 1899 486 1932 librorum.
511 1899 684 1932 Nimirum
701 1902 816 1942 juncta

150 1959 230 1984 sunt
248 1951 409 1985 animalia
425 1951 469 1985 ad
482 1964 624 1984 currum
639 1951 816 1997 adjuncta.

149 2004 231 2037 Vid.
258 2004 423 2039 Scheffer.
445 2004 488 2037 de
507 2018 544 2037 re
563 2005 677 2037 vehic.
696 2005 731 2044 Ι,
756 2017 793 2038 12
810 2030 818 2043 ‚

150 2069 228 2102 pag.
249 2061 312 2098 144
327 2082 336 2097 ,
355 2065 388 2090 et
407 2058 462 2097 ΙΙ,
482 2069 536 2101 17,
556 2069 635 2102 pag.
660 2057 736 2090 258.
760 2058 819 2090 His

150 2117 288 2155 propter
296 2118 453 2144 rotarum
464 2110 618 2143 attritum
631 2110 694 2142 iter
702 2110 820 2154 paullo

151 2162 306 2206 procedit
330 2162 520 2197 difficilius.
546 2163 590 2196 G.
618 2183 662 2187 -—
686 2163 759 2195 Etsi
783 2163 819 2196 in

151 2214 268 2246 multis
302 2223 351 2247 est
382 2232 396 2244 n
411 2216 474 2249 iter
505 2215 623 2261 aliqua
653 2228 692 2248 ex
722 2223 819 2260 parte

151 2279 355 2308 arenosum,
378 2269 508 2314 junctis
533 2268 650 2314 paullo
683 2268 818 2313 gravius

152 2326 185 2352 et
203 2320 340 2365 longius
354 2346 362 2360 ‚
381 2334 470 2366 equo
486 2323 589 2355 breve
609 2329 640 2355 et
658 2322 762 2354 molle
782 2334 789 2353 :
804 2340 818 2349 n

150 2373 294 2416 praefero
318 2381 433 2406 tamen
459 2373 515 2415 id,
533 2374 628 2420 quod
652 2387 759 2420 quum
784 2375 819 2407 iu

151 2424 248 2463 aliis,
283 2433 358 2458 tum
383 2426 417 2459 in
443 2428 540 2460 Rom.
569 2435 617 2460 est
631 2443 644 2467 ‚·
668 2429 820 2470 jumentis

148 2481 260 2518 paullo
286 2481 427 2521 gravius.
456 2480 545 2513 Nam
565 2482 712 2523 jumenta
742 2487 820 2511 sunt

153 2530 259 2570 muli,
280 2531 388 2571 asini,
413 2544 433 2565 a
458 2532 580 2577 supino
598 2535 763 2575 junceum,
783 2540 821 2564 ut

152 2584 336 2616 indumenta
354 2585 397 2617 ab
415 2586 573 2617 inclutum.
596 2585 710 2617 Mulos
729 2584 820 2618 enim

154 2634 355 2681 plerumque
363 2636 820 2684 vehiculisjungebant7qui-

155 2686 216 2719 bus
233 2688 268 2720 in
287 2689 407 2722 itinere
429 2690 625 2723 utebantur.
646 2691 704 2722 His
725 2703 819 2732 eqmaes

156 2740 352 2783 opponitur.
372 2742 414 2773 H.

931 1167 961 1197 3.
990 1167 1244 1196 (hamensibus.
1270 1164 1371 1196 Forte
1389 1164 1454 1209 leg.
1478 1177 1554 1196 con-

883 1220 1090 1249 cus-rentibus.
1104 1216 1147 1249 G.
1159 1217 1323 1248 ——Immo
1335 1215 1423 1248 illud
1434 1217 1556 1249 melius

882 1268 925 1301 (le
944 1269 1035 1301 silvis
1059 1270 1153 1301 viani
1181 1268 1438 1314 attingentibuS.
1464 1269 1554 1302 Solet

882 1321 953 1354 haec
966 1320 1081 1353 omnia
1102 1328 1431 1366 προσωποποιητικῶς
1443 1320 1556 1354 dicere

881 1373 916 1404 in
933 1380 1080 1417 utraque
1102 1373 1258 1418 epistola.
1279 1373 1320 1405 E.

929 1446 973 1449 —
984 1427 1159 1457 Latissimis
1166 1427 1284 1468 pratis.
1297 1426 1351 1458 Sic
1364 1432 1396 1457 et
1404 1426 1499 1457 Rom.
1509 1425 1553 1457 H.

882 1498 926 1501 ——
942 1477 1017 1510 Hoc
1034 1490 1095 1510 cur
1111 1478 1285 1510 notaverit
1300 1477 1534 1523 Heusingerus
1546 1503 1554 1516 ‚

882 1543 1041 1563 caussam
1062 1543 1132 1563 non
1152 1538 1290 1575 exputo.
1308 1530 1460 1575 Vulgata
1480 1532 1553 1576 qui<

882 1582 961 1616 (lem
980 1584 1108 1628 optime
1130 1584 1254 1616 habet:
1276 1596 1319 1615 ne
1347 1584 1434 1616 forte
1460 1587 1554 1615 [wils-

882 1638 967 1667 sz’mz's
996 1637 1148 1682 corrigas
1165 1649 1174 1676 ;
1209 1648 1421 1681 quamquam
1458 1636 1553 1668 haud

883 1687 1081 1733 infrequens
1096 1689 1223 1721 harum
1238 1701 1364 1721 vocum
1380 1689 1552 1721 confusio.

882 1741 964 1774 Vid,
997 1742 1092 1774 Cort.
1122 1741 1166 1774 ad
1193 1754 1227 1773 n.
1261 1753 1298 1773 12
1312 1766 1319 1779 ‚
1348 1741 1453 1786 hujus
1483 1741 1554 1786 epi-

883 1794 976 1826 stolae
1005 1801 1036 1826 et
1062 1793 1236 1826 Drakenb.
1261 1792 1304 1825 ad
1328 1794 1403 1825 Liv.
1425 1794 1496 1833 VI,
1516 1806 1547 1835 1,

882 1848 900 1887 §
920 1847 938 1879 3
949 1870 958 1885 ,
974 1846 1012 1878 S.

913 1902 1111 1941 -Depulsm
1122 1897 1162 1930 Id
1175 1906 1224 1931 est
1237 1898 1404 1930 montium
1419 1898 1556 1942 objectu

884 1951 1030 1984 exclusa.
1062 1951 1104 1983 G.
1129 1971 1173 1975 σ-
1194 1950 1338 1983 Fallitur
1365 1950 1552 1983 Gesnerus.

885 2006 994 2035 Hieme
1008 2006 1138 2047 depulsa
1152 2003 1223 2048 (de)
1238 2006 1395 2036 montibus
1406 2029 1415 2041 ‚
1433 2002 1469 2035 id
1484 2011 1533 2035 est
1546 2029 1554 2042 ⁷

883 2057 941 2089 ubi
952 2070 1012 2090 ver
1022 2057 1198 2090 montibus
1209 2083 1217 2097 ,
1228 2057 1364 2103 pascuis
1380 2057 1552 2089 montanis

885 2110 996 2143 rediit.
1017 2111 1097 2143 Mox
1113 2111 1267 2156 sequitur
1283 2122 1290 2142 :
1313 2120 1420 2153 tepore
1438 2122 1552 2141 verno.

883 2164 916 2197 S.
944 2183 990 2188 ———
1015 2166 1190 2196 Mcescmn.
1219 2161 1323 2204 Quod
1349 2161 1556 2195 salubritatis

884 2215 1051 2249 indicium
1069 2224 1130 2249 est.
1146 2215 1229 2249 Vid.
1251 2216 1293 2248 ad
1326 2214 1410 2247 illud
1429 2216 1552 2247 Caton.

884 2270 920 2301 P..
938 2270 976 2301 R.
998 2270 1013 2301 I
1029 2294 1037 2309 ‚
1062 2283 1078 2302 2
1098 2281 1104 2301 :
1126 2268 1266 2301 «Vicini
1290 2281 1359 2313 quo
1379 2275 1482 2312 pacto
1500 2268 1554 2298 ni-

884 2329 977 2354 teant
997 2334 1003 2354 :
1025 2322 1058 2354 in
1074 2323 1162 2354 bona
1183 2322 1322 2366 regione
1338 2321 1425 2353 bene
1444 2319 1553 2352 nitere

885 2375 1066 2419 oportebit.
1085 2391 1099 2403 ι»
1119 2375 1162 2407 G.

933 2436 964 2465 [4.
984 2431 1055 2459 Non
1072 2437 1256 2470 sumpluom
1272 2429 1380 2458 tutela.
1396 2426 1481 2458 Nam
1498 2437 1554 2457 co-

885 2479 964 2512 dem
978 2479 1233 2526 Catonejudice
1244 2480 1258 2511 l
1271 2504 1279 2518 ‚
1293 2480 1312 2509 (i
1323 2503 1331 2516 ,
1348 2494 1359 2506 α
1373 2476 1464 2509 idem
1476 2489 1555 2521 ager

885 2533 979 2579 quod
1006 2534 1111 2566 honio
1128 2559 1136 2572 ‚
1155 2531 1311 2578 quamvis
1338 2537 1553 2574 quaestuosus

888 2586 947 2619 siet
965 2611 972 2626 ,
994 2587 1019 2618 si
1042 2594 1261 2630 sumptuosus
1281 2583 1343 2615 erit
1357 2607 1364 2621 ,
1384 2582 1553 2627 relinqui-

887 2646 941 2671 tur
964 2652 1032 2671 non
1060 2639 1219 2671 multum.
1237 2653 1249 2664 ι·
1275 2638 1384 2666 'Fatela
1403 2635 1458 2667 hic
1479 2646 1554 2678 spe-

886 2691 999 2724 ciatim
1015 2691 1058 2724 ud
1072 2700 1161 2723 sat-ta
1176 2699 1257 2722 (reta
1273 2687 1406 2720 aedificii
1424 2694 1455 2720 ct
1469 2686 1554 2719 villw

890 2745 1049 2788 pertinet.
1072 2744 1162 2775 Alias
1180 2742 1279 2774 latius
1300 2748 1399 2784 patet.
1423 2740 1475 2773 S'w
1492 2740 1555 2770 (Tw-
