1742 2989
180 193 234 238 30

605 194 654 235 C.
694 191 1153 235 PLINIILIB.1.

110 301 147 322 11
172 275 416 335 justitiam3
448 289 632 334 quaeque
675 273 755 333 ipsi
798 271 1012 325 doceant,
1056 273 1100 315 in
1140 287 1221 314 usu
1265 271 1437 316 habere.
1474 273 1584 316 'Mihi

176 359 323 393 tamen
351 348 435 392 hoc
464 364 602 391 unum
630 362 718 389 non
747 344 1002 405 persuadet,
1035 345 1170 389 satius
1196 360 1286 387 esse
1315 345 1394 388 ista
1421 345 1588 399 facere,

174 438 306 482 quam
340 437 439 464 cum
478 419 550 463 illo
584 419 674 462 dies
707 428 822 462 totos
852 417 1071 461 audiendo
1102 417 1396 479 discendoque
1423 435 1586 463 consu-

174 511 305 538 mere.
333 494 436 550 Quo
459 494 596 554 magis
628 503 695 549 te,
722 493 793 536 cui
820 501 969 548 vacat,
992 492 1172 547 hortor,
1193 508 1330 552 quum
1361 494 1405 536 in
1431 493 1585 536 urbem

173 568 370 628 proxime
410 567 579 609 veneris
605 566 776 627 (venias
806 575 952 609 autem
983 566 1038 609 ob
1065 566 1149 608 hoc
1172 567 1436 625 maturius),
1459 565 1519 609 illi
1544 576 1585 609 te

108 666 145 687 112
172 640 481 701 expoliendum
512 639 843 699 limandumque
869 639 1106 699 permittas.
1145 639 1301 699 Neque
1332 640 1448 682 enim
1483 655 1585 699 ego,

174 724 223 757 ut
249 713 399 768 multi,
424 712 598 756 invideo
626 712 719 756 aliis
744 712 884 766 bono,
908 729 997 773 quo
1026 714 1118 772 ipse
1151 728 1300 765 care03
1327 712 1401 755 sed
1431 722 1583 756 contra

172 805 348 832 sensum
364 787 598 849 quemdam
618 787 976 847 voluptatemque
993 786 1204 847 percipiO,
1219 786 1253 829 si
1272 802 1321 829 ea
1333 821 1343 840 ,
1363 803 1458 845 quae
1476 787 1583 830 mihi

169 861 468 922 denegantur,
486 862 636 904 amicis
656 860 783 903 video
805 876 1044 921 superesse.
1062 858 1184 902 Vale.

167 984 388 1029 perspicuum
408 991 457 1016 est
471 1008 478 1022 ,
495 996 565 1028 quo
579 982 646 1014 hoc
663 984 723 1024 ipsi
736 982 840 1027 perti-

166 1044 257 1069 neat.
279 1037 468 1070 Contextus
487 1034 629 1080 quidem
644 1034 757 1067 omnis
775 1059 783 1073 ‚
807 1042 841 1067 et

163 1089 319 1133 proxima
363 1087 646 1121 commemoratio
686 1087 840 1132 philoso-

164 1140 253 1186 plliae
273 1140 416 1181 suadet,
437 1149 475 1173 ut
489 1141 698 1183 philosophos
718 1139 841 1173 intelli-

163 1206 284 1238 gamus
302 1219 310 1234 ,
332 1193 391 1226 sed
414 1200 530 1225 manet
552 1201 669 1225 tamen
692 1193 839 1238 abrupta

165 1254 196 1278 et
209 1247 311 1280 hians
323 1247 447 1279 oratio.
465 1246 497 1279 Si
513 1244 598 1291 quid
613 1246 692 1278 libri
707 1253 839 1279 veteres

164 1299 372 1345 adjuvarent
391 1323 399 1339 ,
430 1311 494 1343 ego
526 1299 672 1344 legerem
706 1311 839 1341 qua’que

165 1355 234 1395 ipsa
253 1355 369 1383 doceat
380 1377 388 1390 ,
408 1363 456 1384 sc.
473 1351 696 1396 philosophia
709 1376 717 1389 ,
735 1354 765 1382 in
782 1365 837 1383 usu

163 1407 299 1443 habere,
316 1405 352 1437 h.
373 1417 403 1437 e.
423 1411 593 1449 praecepta
611 1403 838 1449 philosophiae

165 1470 228 1490 usu
248 1465 279 1490 et
298 1457 395 1490 sactis
415 1456 564 1502 exsequi.
589 1456 629 1488 E.
654 1477 698 1481 -κ
725 1457 838 1490 Locus

166 1511 366 1544 sanissimus
380 1535 388 1549 ‚
408 1510 443 1542 in
463 1523 533 1555 quo
552 1508 638 1555 quid
654 1509 747 1550 hiet,
766 1523 836 1543 non

160 1564 329 1609 intelligo.
356 1562 517 1596 Novandi
539 1561 721 1595 libidinem
741 1576 837 1598 coer·

162 1629 240 1650 cere
253 1616 402 1650 debehat
418 1616 526 1649 Coi-tii
540 1616 719 1649 annotatio
733 1642 741 1656 ,
758 1618 814 1649 cui
826 1643 834 1657 ‚

159 1669 188 1702 si
202 1682 341 1703 necesse
356 1676 456 1709 esset,
469 1669 621 1714 plurima
634 1681 672 1701 ex
689 1677 837 1715 utraque

159 1722 278 1768 lingua
294 1722 396 1769 adjici
412 1729 561 1766 possent.
573 1721 653 1753 Uno
667 1721 837 1767 defungar

158 1775 249 1808 Livii
262 1776 339 1808 loco
351 1801 359 1815 ,
375 1775 491 1814 XLII,
508 1780 549 1818 47
563 1799 571 1813 ,
594 1787 609 1814 7
628 1785 635 1806 2
653 1791 666 1803 «
678 1775 757 1807 Haec
771 1776 836 1807 Ro-

160 1840 265 1861 mana
284 1841 376 1868 esse,
397 1841 468 1860 non
486 1827 715 1860 versutiarum
734 1827 837 1860 Puni-

159 1893 278 1914 carum
293 1906 301 1921 ‚
328 1894 440 1927 neque
466 1879 660 1914 calliditatis
682 1880 808 1913 Graecae
826 1893 833 1913 z

160 1933 255 1979 apud
269 1947 357 1980 quos
374 1935 492 1967 fallere
508 1933 644 1966 hostem
656 1958 664 1973 ‚
679 1945 783 1979 quam
801 1934 834 1966 vi

160 1999 343 2031 superare,
365 1986 550 2032 gloriosius
569 1986 683 2018 fuerit.
704 2002 716 2013 ι»
751 1985 832 2018 Vid.

160 2039 304 2071 Porson.
334 2039 378 2071 ad
400 2039 522 2083 Eurip.
549 2038 683 2070 Hecub.
714 2050 745 2070 v,
777 2052 832 2070 22.

162 2092 313 2125 Wakef.
329 2091 373 2124 ad
387 2093 525 2123 Lucret.
541 2091 557 2122 I
572 2116 580 2130 ,
601 2091 665 2123 283
680 2116 688 2130 ,
706 2089 783 2123 353.
798 2091 832 2124 S.

213 2158 225 2175 Ῑ
238 2157 263 2176 Ι.
278 2148 347 2175 HOC
360 2157 456 2175 IIPlHHl
470 2157 533 2175 ῘΖΟῘΖ
543 2145 730 2186 persuadet.
749 2144 833 2176 Sila·

162 2197 298 2230 vissime
317 2197 459 2241 repetit,
479 2208 554 2241 quae
573 2194 616 2228 de
634 2196 666 2228 vi
691 2208 833 2241 persua-

160 2248 265 2283 dendi
274 2257 305 2281 et
314 2248 498 2282 dulcedine
507 2248 573 2281 viri
582 2248 712 2281 dixerat
724 2249 741 2290 §
752 2260 781 2292 7.
791 2248 832 2280 G.

159 2322 205 2327 —
222 2305 275 2334 Illi
292 2312 321 2334 te
339 2303 562 2344 expoliendum
582 2303 831 2343 limandumque.

160 2355 259 2386 Rom.
285 2357 332 2386 illi
352 2364 381 2386 te
402 2356 619 2385 extollendum
644 2356 834 2385 limandum-

161 2420 238 2448 que,
266 2414 303 2439 ut
330 2405 457 2439 Medic.
484 2407 574 2450 Lege
600 2408 827 2443 excolendum,

160 2458 255 2502 quod
286 2459 449 2492 Latinum
476 2466 508 2491 et
538 2458 735 2491 Plinianurn
763 2465 825 2490 est.

161 2509 237 2542 Lib.
257 2512 323 2551 IV,
342 2524 395 2555 ep.
415 2514 435 2545 6
453 2537 460 2551 ,
483 2524 498 2543 α
523 2522 530 2542 :
561 2527 573 2539 «
586 2511 657 2543 Nec
676 2522 799 2554 agrum
816 2535 825 2549 ‚

160 2575 263 2607 quem
289 2576 359 2595 non
389 2563 500 2597 habeo
518 2589 526 2603 ,
551 2563 610 2596 sed
635 2564 748 2607 ipsum
772 2574 826 2594 me

160 2614 278 2647 studiis
296 2615 427 2648 excolo.
445 2632 458 2644 ›-
480 2615 552 2648 Cic.
577 2615 674 2647 Brut.
701 2627 731 2646 c.
760 2614 824 2646 25:

162 2684 173 2696 «
196 2667 367 2712 Caiusque
396 2667 592 2700 Tuditanus
621 2679 700 2700 cum
730 2667 826 2699 omni

905 982 974 1013 vita
992 989 1096 1026 atque
1116 980 1209 1013 victu
1231 980 1387 1013 excultus
1405 988 1510 1025 atque
1530 994 1582 1013 ex-

904 1033 1032 1078 politus
1045 1059 1053 1073 ‚
1074 1041 1147 1066 turn
1167 1034 1239 1079 ejus
1259 1033 1397 1078 elegans
1419 1041 1467 1065 est
1486 1033 1581 1065 hahi-

905 1093 979 1118 tum
999 1085 1103 1119 etiam
1130 1086 1296 1118 orationis
1326 1099 1448 1131 genus.
1468 1103 1480 1115 »
1512 1086 1581 1119 Me-

905 1138 1051 1183 taphora
1083 1138 1187 1171 ducta
1219 1146 1269 1171 est
1299 1139 1341 1172 ab
1374 1139 1463 1184 agris
1481 1164 1489 1179 ‚
1522 1139 1581 1184 qui

905 1193 1011 1223 cau-oli
1024 1190 1188 1224 dicuntur
1202 1217 1210 1232 ‚
1229 1190 1371 1236 quando
1386 1216 1394 1230 ‚
1414 1203 1489 1237 quae
1517 1192 1581 1224 fer-

905 1242 1015 1276 tilitati
1032 1243 1190 1276 officiunt
1206 1269 1214 1282 ,
1233 1245 1479 1289 exstirpantur.
1495 1243 1577 1276 Vid.

904 1295 1004 1329 lexic.
1020 1297 1138 1329 rustic.
1155 1295 1422 1329 Gesnerianum.
1440 1296 1484 1328 H.
1561 1290 1579 1294 .,

955 1362 1004 1381 19..
1014 1351 1143 1380 Invideo
1158 1351 1229 1381 aliis
1244 1352 1339 1381 bono.
1351 1350 1399 1381 Ita
1414 1356 1578 1393 perpetuo

903 1402 1059 1435 construi
1077 1402 1144 1434 1100
1168 1402 1313 1435 verbum
1333 1402 1368 1434 in
1386 1402 1486 1434 bonis
1502 1401 1578 1447 qui-

902 1453 982 1486 dem
1012 1453 1188 1487 codicibus
1218 1466 1236 1486 a
1263 1454 1373 1486 Plinio
1391 1479 1399 1493 ‚
1429 1453 1578 1486 ostendit

903 1505 945 1538 ad
965 1506 1000 1539 h.
1023 1507 1046 1539 1.
1066 1508 1203 1540 Cottius
1222 1518 1229 1539 :
1248 1515 1281 1539 et
1297 1509 1369 1552 jam
1387 1507 1515 1539 fecerat
1532 1506 1576 1539 ad

901 1558 1023 1599 Quint.
1036 1560 1084 1593 IX
1099 1585 1108 1600 ,
1127 1561 1144 1593 3
1160 1585 1168 1600 ‚
1183 1573 1218 1605 p.
1235 1571 1320 1604 799,
1340 1560 1575 1592 Burmannus.

902 1611 984 1644 Vid.
1004 1613 1081 1645 Iud.
1103 1613 1146 1645 G.
1171 1633 1217 1636 ——
1233 1614 1331 1645 Rom.
1357 1615 1470 1655 Neque
1494 1615 1574 1644 enim

902 1678 970 1708 ego,
989 1675 1024 1697 ut
1036 1668 1142 1701 multi,
1159 1667 1282 1697 invideo
1298 1667 1369 1696 aliis
1385 1668 1479 1697 bono.
1496 1677 1574 1697 cum

901 1717 994 1750 Med.
1022 1726 1053 1751 et
1080 1718 1293 1751 melioribus.
1323 1718 1377 1752 Sic
1399 1719 1575 1750 Romanus

901 1770 986 1804 liber
1005 1772 1107 1804 etiam
1125 1772 1186 1804 lib.
1208 1772 1240 1803 II
1253 1796 1261 1810 ,
1282 1783 1335 1816 ep.
1359 1783 1420 1809 20,
1438 1774 1456 1802 8
1470 1795 1478 1809 ‚
1502 1773 1574 1801 invi-

900 1827 979 1856 detis
1005 1828 1089 1857 bona
1115 1835 1236 1859 morte,
1266 1832 1297 1856 et
1322 1823 1383 1856 lib.
1412 1823 1488 1861 III,
1517 1835 1571 1867 ep.

900 1878 920 1910 8
939 1903 947 1918 ,
976 1891 992 1909 2
1020 1903 1027 1917 ,
1061 1880 1157 1909 titulis
1187 1880 1350 1913 invidere;
1386 1875 1446 1907 lib.
1473 1875 1542 1906 VII
1564 1900 1571 1908 .

899 1930 1033 1976 epistol.
1067 1934 1106 1963 28
1129 1956 1137 1970 ,
1166 1944 1181 1962 2
1203 1956 1211 1970 ‚
1241 1932 1297 1972 qui
1324 1931 1464 1960 invident
1494 1929 1573 1958 mihi

888 1986 1076 2027 felicissimo
1096 1995 1232 2015 errorem
1257 1982 1327 2026 [ita
1347 1991 1547 2024 expressum
1561 2005 1568 2017 ,

898 2048 962 2081 pro
976 2036 1097 2080 errore]
1114 2047 1122 2074 ;
1141 2034 1200 2066 lib.
1219 2035 1268 2066 IX
1282 2058 1290 2073 ‚
1310 2032 1406 2076 epist.
1434 2032 1472 2064 13
1491 2056 1499 2070 ‚
1526 2031 1541 2064 5
1562 2043 1568 2062 :

901 2092 942 2120 Ut
954 2091 1046 2120 ‘vobis
1064 2089 1224 2120 societatis
1233 2089 1288 2129 jus
1308 2086 1465 2116 invideam
1479 2108 1487 2119 ‚
1507 2096 1570 2128 pro

897 2143 1048 2172 societate
1057 2143 1135 2183 ejus.
1149 2139 1401 2171 H.——Sensum.
1418 2161 1424 2166 .
1442 2161 1447 2166 .
1466 2139 1570 2167 molu-

893 2203 1098 2235 ptatemque;
1124 2196 1153 2226 ἓν
1175 2190 1232 2226 διὰ
1252 2189 1338 2224 Such
1372 2189 1453 2221 dicit
1472 2213 1480 2228 ‚
1507 2201 1569 2233 pro

897 2259 1019 2277 sensum
1032 2247 1221 2287 voluptatis.
1234 2243 1275 2275 G.
1288 2263 1333 2266 ——
1346 2241 1477 2286 Nempe
1488 2241 1569 2275 Ges—

897 2310 1001 2331 nerus
1018 2298 1161 2343 putabat
1172 2322 1180 2336 ‚
1193 2296 1288 2332 ,hanc
1304 2293 1568 2339 interpretandae

898 2350 1054 2383 formulae
1069 2350 1241 2383 rationem
1252 2374 1260 2388 ‚
1279 2349 1306 2381 si
1323 2360 1392 2392 qua
1407 2346 1471 2378 alia
1483 2370 1492 2385 ,
1508 2358 1567 2390 op-

898 2404 1017 2435 timam
1043 2415 1128 2435 esse.
1153 2400 1325 2446 Equidem
1356 2399 1481 2437 miror,
1504 2394 1575 2429 Pli-'

894 2456 1004 2495 nium,
1019 2456 1045 2487 si
1058 2456 1103 2487 ita
1114 2454 1260 2499 scripsit,
1275 2453 1321 2485 ita
1330 2450 1513 2495 scripsisse.
1524 2450 1563 2481 E.

892 2529 938 2533 ——-
947 2508 1004 2541 Me
1014 2520 1153 2553 quoque
1166 2505 1314 2539 offendit
1325 2517 1447 2536 sensum
1463 2515 1563 2545 quem-

892 2563 967 2592 dam
1006 2564 1287 2603 volupcatemque;
1322 2569 1384 2589 nec
1422 2554 1561 2597 Gierigii

891 2614 979 2646 ratio
1009 2612 1185 2646 satisfacit.
1206 2611 1260 2642 An
1288 2616 1365 2654 post
1394 2609 1559 2647 quesmz'au,

891 2665 1199 2708 exciditjucundum
1209 2668 1225 2693 ,ν’
1239 2662 1271 2693 S.
