1742 2989
187 208 245 270 76
649 212 698 254 o.
736 210 967 255 PLINII
1001 211 1126 254 LIB.
1163 211 1228 254 11.

116 303 134 335 3
184 290 368 335 exculta.
383 290 528 335 Multa
543 290 672 336 lectio
687 293 732 336 in
748 292 924 349 subitis3
939 291 1078 336 multa
1092 292 1275 353 scriptio
1291 290 1447 336 elucet.
1459 293 1600 336 Prooe-

183 366 348 409 iniatur
371 375 472 427 apte
488 401 500 422 ‚
526 375 679 410 narrat
703 375 854 428 aperte
871 400 882 421 ,
907 375 1080 427 pugnat
1104 366 1264 411 acriter
1279 401 1291 422 7
1315 364 1482 427 colligit
1506 364 1600 409 for-

183 440 313 496 titer,
340 449 470 484 ornat
497 439 664 484 excelse
698 457 707 483 ι

744 450 968 501 postremo
993 439 1123 484 docet
1141 475 1152 496 ,
1181 438 1368 484 delectat
1386 475 1397 496 ,
1427 438 1564 484 afficit
1588 457 1598 483 ε

182 514 291 575 quid
305 515 513 571 maxime,
532 514 718 559 dubites.
736 514 906 560 Crebra
926 517 1137 575 νοήματα,
1157 512 1393 575 syllogismi
1413 513 1599 557 circum-

182 589 333 649 scripti
359 598 403 633 et
424 587 569 633 effecti
592 606 602 633 :
624 587 741 650 quod
764 586 874 650 stylo
897 603 1074 649 quoque
1096 588 1267 649 assequi
1287 603 1499 648 magnum
1520 595 1598 631 cst.

181 725 274 759 nisse
286 750 295 765 ‚
312 725 374 759 sed
392 725 507 759 studio
527 726 696 771 exquisita
716 737 789 758 esse
805 724 857 758 di-

181 790 251 811 cas.
276 778 358 812 Haec
383 779 510 824 optime
536 779 747 812 conveniunt
775 791 857 812 cum

180 830 257 871 his,
276 843 354 876 quae
379 844 417 865 ex
440 831 653 866 Philostrato
675 832 856 865 observata

182 892 274 917 sunt.
290 884 334 917 G.

236 940 266 969 3.
302 941 530 971 Prooemiacur.
556 939 712 972 Verbum
738 949 857 971 recens

182 989 314 1022 factum
333 1003 351 1023 e
371 1003 483 1035 graeco
500 990 855 1039 προοιμιάζεσθαι.Ε1).

181 1062 226 1065 -
248 1044 379 1086 Colligit
384 1045 534 1087 fhrticer.
556 1045 636 1077 Non
653 1043 774 1077 dubito
791 1043 858 1076 Pli-

180 1093 278 1127 nium
304 1095 358 1128 his
387 1097 500 1129 verbis
531 1096 754 1141 descripsisse
780 1108 857 1128 eam

180 1156 314 1192 partem
333 1149 499 1183 orationis
511 1175 520 1190 ‚
538 1162 616 1195 quae
632 1149 761 1183 Graecis
779 1151 857 1183 ἀνα·

183 1206 412 1247 κεφαλαίωσις,
427 1205 610 1249 συναγωγὴ,
627 1205 778 1249 συλλογὴ,
795 1203 858 1235 La-

180 1254 259 1287 tinis
273 1258 471 1288 enumeratio
482 1282 491 1294 ,
511 1264 544 1289 et
556 1258 701 1288 collectio
715 1255 856 1296 dicitur,

182 1315 218 1339 ut
237 1315 332 1353 patet
360 1320 379 1341 e
398 1308 470 1342 Cic.
491 1308 588 1341 Brut.
611 1309 827 1341 LXXXVIII
847 1334 856 1348 ‚

180 1372 263 1392 nain
278 1361 315 1393 in
332 1373 372 1394 ea
388 1369 485 1407 parte
499 1374 555 1394 res
571 1370 673 1394 antea
687 1361 788 1394 dictae
803 1374 858 1396 ve-

180 1411 244 1444 luti
262 1425 323 1458 per
340 1414 522 1447 cumulum
542 1422 574 1447 et
592 1414 791 1459 congeriem
807 1427 858 1447 re-

180 1472 361 1509 petuntur.
377 1466 466 1499 Huic
480 1467 570 1512 parti
584 1475 616 1500 et
630 1466 717 1499 illud
722 1469 859 1511 fortiter

182 1519 306 1552 melius
321 1520 483 1553 convenit
503 1531 510 1552 ε
529 1532 611 1552 nam
626 1545 634 1559 ‚
655 1527 691 1552 ut
708 1520 856 1561 Quintil.

181 1571 254 1611 VI,
279 1584 292 1604 1
310 1597 319 1612 ,
339 1572 404 1612 ait,
426 1589 439 1601 «
453 1585 529 1618 quae
549 1572 787 1606 enumeranda
810 1573 858 1606 vi—

181 1622 308 1657 dentur
322 1649 330 1665 ‚
370 1637 451 1657 cum
481 1624 635 1670 pondere
660 1625 776 1671 aliquo
806 1624 857 1658 di-

181 1675 293 1710 cenda
310 1685 390 1710 sunt
404 1702 412 1716 ‚
433 1685 465 1710 et
484 1677 571 1722 aptis
589 1677 768 1711 excitanda
784 1690 858 1710 sen·

181 1729 293 1762 tentiis
307 1755 316 1770 ‚
331 1737 363 1763 et
377 1729 497 1775 figuris
512 1730 630 1776 utique
647 1729 828 1764 varianda.
842 1746 854 1760 ι

181 1782 315 1827 Nempe
326 1782 458 1816 Plinius
468 1784 593 1816 Isaeum
604 1783 653 1816 ita
662 1782 781 1816 laudat
795 1809 804 1823 ‚
819 1792 857 1817 ut

181 1847 262 1868 eum
286 1848 357 1868 non
382 1836 543 1869 omnibus
563 1836 679 1869 solum
702 1836 858 1881 partibus

182 1887 386 1934 eloquentiae
407 1914 416 1929 ‚
451 1888 511 1922 sed
545 1897 578 1922 et
609 1889 794 1922 virtutibus
825 1897 857 1922 et

182 1940 306 1975 officiis
332 1942 492 1975 oratoriis
525 1942 722 1976 satisfacere
748 1941 855 1975 dicat.

182 1994 335 2027 Primum
355 2003 468 2039 partes
486 1995 651 2029 orationis
668 1994 857 2040 praecipuas

182 2055 332 2092 quatuor
345 2057 542 2089 enumerat,
553 2050 745 2092 prooemium
756 2074 765 2087 ,
784 2062 858 2081 nar-

182 2103 361 2139 rationem,
385 2104 665 2146 confirmacionem
685 2114 756 2133 cum
775 2103 858 2144 refie-

182 2156 323 2191 tatione,
341 2156 487 2198 (pugnat
498 2156 627 2192 acriter,
644 2166 725 2187 nam
740 2154 774 2186 in
788 2153 854 2188 hac

181 2214 279 2250 parte
300 2218 417 2251 pugna
438 2214 470 2239 et
497 2206 673 2239 contentio
698 2207 855 2252 inprimis

181 2257 402 2302 dominatur)
418 2261 594 2302 epilogum,
612 2259 673 2303 qui
687 2260 856 2304 recapitu-

181 2311 309 2344 latione
331 2312 528 2345 continetur
545 2312 684 2355 (colligit
692 2313 852 2356 fortiter).

181 2363 313 2397 Deinde
347 2366 535 2397 elocutionis
570 2365 731 2398 virtutem
764 2365 855 2398 felici

181 2418 350 2451 brevitate
366 2418 412 2450 ita
427 2417 547 2450 laudat
561 2443 570 2458 ,
590 2425 626 2449 ut
641 2430 720 2449 cum
738 2431 856 2449 ornare

182 2474 306 2503 excelse
328 2470 431 2504 dicat.
454 2471 612 2516 Denique
639 2470 756 2503 officia
782 2483 856 2503 ora-

182 2523 264 2556 toris
278 2548 287 2563 ‚
310 2526 466 2561 docendi,
486 2525 688 2561 delectandi,
712 2524 856 2567 cy‘ficien-

181 2579 218 2608 di
229 2584 490 2610 commemorat.
508 2577 548 2608 E.
564 2596 609 2600 —
626 2576 854 2608 Postrema&

181 2629 330 2662 breviter
349 2628 474 2662 dicam.
501 2629 556 2663 Sic
579 2629 617 2668 I,
641 2641 682 2661 20
696 2653 704 2667 ,
727 2641 781 2660 22.
802 2629 854 2661 Ita

182 2690 215 2714 ct
233 2685 370 2725 [lenique
386 2681 616 2715 dicitur.Vid.
633 2681 726 2714 Otho
743 2681 777 2713 in
794 2680 854 2713 Gi-

182 2735 255 2767 l'an.
271 2736 416 2769 Obscrv.
437 2748 471 2780 p.
492 2737 574 2776 1'32‚
595 2746 666 2779 seq.
686 2734 784 2767 Clav.
803 2734 856 2767 Ci-

924 737 995 759 cer.
1011 725 1048 758 h.
1064 737 1097 758 v.
1114 725 1149 760 S.
1165 745 1210 750 —
1227 727 1315 767 Quid
1326 727 1490 764 mamime,
1516 751 1522 758 .
1539 751 1546 757 .
1562 749 1569 756 .
1587 750 1593 756 .

923 779 1041 822 effecti.
1062 779 1161 811 Rom.
1186 780 1284 820 Quod
1302 779 1447 810 maxime
1464 780 1598 811 dubites.

925 834 1046 864 Crebra
1060 832 1272 877 ἐνθυμήματα
1284 832 1339 866 καὶ
1353 832 1503 877 νοήματα
1512 856 1523 873 ‚
1536 841 1601 861 cre-

924 886 974 916 bri
988 886 1165 928 syllogismi
1183 885 1418 926 circnmscripci
1433 893 1465 915 et
1482 884 1599 927 efficti.

924 938 1048 970 Latina
1063 949 1104 970 ex
1117 938 1231 982 glossa
1244 949 1317 970 esse
1327 944 1487 982 possunt.
1499 936 1543 968 H.
1554 956 1600 960 —

923 989 1162 1023 Certissimum
1173 989 1259 1022 mihi
1269 988 1422 1029 videtur,
1436 1001 1476 1022 ex
1486 988 1601 1034 glossa

923 1050 1006 1075 nata
1024 1054 1108 1074 esse.
1128 1042 1215 1082 Quis
1230 1042 1323 1074 enim
1339 1041 1403 1074 sibi
1415 1039 1602 1087 persuade-

923 1095 972 1127 bit
987 1119 996 1135 ,
1023 1093 1224 1128 Secundum
1248 1094 1363 1139 ipsum
1391 1094 1513 1127 Graeca
1541 1093 1601 1127 illa

922 1147 1047 1181 Latine
1079 1146 1247 1181 vertisse?
1271 1148 1362 1180 Nam
1388 1148 1600 1193 ἐνθυμήματα

923 1213 943 1234 a
960 1201 1167 1248 syllogismis
1182 1200 1450 1246 circumscriptis
1464 1199 1521 1233 hic
1536 1198 1601 1232 dif-

922 1254 1013 1288 ferre
1038 1267 1110 1288 non
1139 1261 1235 1299 puto.
1266 1252 1356 1286 Vide
1386 1265 1466 1286 mox
1490 1252 1600 1286 Erne-

923 1308 1040 1340 stium.
1059 1308 1094 1341 S.

969 1382 1015 1385 —
1032 1363 1150 1393 Crebra
1167 1363 1331 1405 νοήματα.
1352 1360 1599 1394 Characterem

922 1414 998 1448 Isaei
1013 1413 1098 1448 dixit
1110 1414 1334 1447 Philostratus
1352 1416 1388 1448 τὸ
1403 1416 1575 1459 ἀπέριττον
1588 1440 1598 1455 ,

923 1470 959 1502 τὸ
978 1470 1122 1514 βραχέως
1142 1470 1318 1514 ἑρμηνεύειν
1339 1468 1393 1502 καὶ
1411 1469 1522 1500 πᾶσαν
1540 1466 1598 1502 τὴν

922 1523 1070 1556 ὑπόθεσιν
1098 1524 1234 1555 συνελεῖν
1259 1523 1301 1560 εἰς
1325 1522 1440 1566 βραχύ.
1462 1519 1513 1552 Ex
1531 1518 1600 1552 hoc

924 1572 1020 1606 fonte
1046 1581 1127 1606 sunt
1143 1575 1314 1620 νοήματα,
1334 1571 1510 1605 sententiae
1536 1570 1601 1616 ipsi

923 1625 1071 1658 orationi
1085 1626 1132 1658 ita
1146 1626 1280 1659 intextae
1293 1650 1302 1667 ‚
1317 1632 1355 1658 ut
1366 1623 1455 1657 nihil
1468 1631 1601 1657 exstent

923 1678 976 1711 vel
992 1678 1186 1718 emineant,
1201 1677 1261 1712 sed
1275 1676 1320 1711 ad
1334 1678 1445 1722 ipsam
1458 1676 1511 1709 vel
1522 1687 1601 1709 nar-

923 1731 1093 1764 rationem
1109 1731 1164 1764 vel
1178 1730 1514 1776 argumentationem
1526 1740 1600 1774 per-

923 1784 1032 1817 tinere
1074 1783 1271 1817 videantur.
1308 1783 1385 1816 Huc
1428 1780 1600 1828 pertinent

924 1839 1027 1870 etiam
1067 1839 1279 1884 ἐνθυμήματα
1312 1838 1323 1880 (
1337 1848 1444 1882 quam
1476 1846 1599 1868 vocem

924 1898 1117 1936 agnoscunt
1131 1891 1235 1923 etiam
1249 1888 1393 1935 quidam
1407 1887 1498 1932 libri)
1512 1899 1599 1932 quos

924 1951 1044 1976 auctor
1063 1951 1182 1977 noster
1200 1950 1302 1977 vocat
1319 1943 1519 1985 syllogismos
1539 1941 1600 1972 cir-

923 1998 1132 2040 cumscriptos
1145 1996 1182 2028 h.
1199 2009 1229 2029 e.
1249 1995 1284 2028 in
1299 1994 1503 2028 brevitatem
1518 2004 1599 2025 con·

922 2056 1051 2082 tractos
1063 2074 1071 2089 ,
1084 2056 1116 2082 et
1124 2056 1242 2082 tamen
1253 2048 1382 2091 effectos
1391 2045 1428 2079 h.
1441 2058 1473 2078 e.
1485 2044 1596 2077 elabo-

922 2109 1016 2134 ratos
1030 2127 1039 2141 ‚
1056 2109 1088 2134 et
1107 2099 1442 2146 argumentationem
1458 2097 1598 2143 plenam

922 2155 1122 2198 claramque
1133 2152 1344 2186 exhibentes.
1359 2151 1459 2183 Hanc
1473 2149 1598 2183 utrius-

922 2220 990 2252 que
1006 2206 1102 2239 verbi
1121 2204 1214 2251 apud
1230 2213 1390 2237 nostrum
1408 2203 1479 2236 vim
1498 2215 1572 2236 esse
1587 2228 1596 2243 ,

922 2259 1029 2293 Index
1041 2258 1206 2292 declarat.
1215 2257 1260 2291 G.
1272 2278 1318 2282 -—
1328 2259 1493 2303 Νοῆματα
1501 2263 1597 2295 sunt,

921 2325 1008 2358 quas
1038 2311 1183 2352 Quintil.
1212 2311 1279 2343 XII
1294 2336 1302 2351 ⁷
1340 2323 1381 2343 10
1395 2334 1403 2350 ‚
1437 2310 1480 2350 48
1494 2332 1503 2348 ,
1529 2321 1598 2350 sen-

922 2368 1038 2397 centias
1054 2371 1156 2397 vocat
1169 2389 1178 2405 ,
1196 2376 1272 2409 quae
1280 2364 1411 2407 feriunt
1430 2363 1575 2393 animum
1586 2386 1594 2397 ‚

922 2428 951 2450 el
981 2432 1043 2449 uno
1069 2419 1133 2449 ictu
1147 2418 1342 2461 fi·eq11enter
1363 2416 1546 2457 impellunt,
1568 2423 1599 2444 ec

922 2474 992 2514 ipsa
1021 2472 1174 2502 brevitate
1198 2471 1300 2512 magis
1323 2469 1463 2504 licerene,
1492 2475 1524 2497 ec
1550 2467 1598 2497 di-

922 2526 1026 2555 ctione
1039 2524 1248 2565 persuadent.
1266 2519 1398 2553 Eodem
1415 2530 1518 2551 sensu
1531 2518 1599 2550 Au-

921 2584 995 2608 ctor
1009 2575 1099 2608 Dial.
1117 2573 1162 2607 (le
1176 2575 1288 2607 Oratt.
1309 2584 1385 2616 cap.
1400 2571 1516 2616 XXII.
1542 2569 1598 2603 Ci-

923 2641 1083 2661 ceronem
1115 2630 1200 2659 locos
1229 2628 1365 2658 lectiores
1391 2631 1575 2656 attentasse
1588 2647 1597 2661 ‚

921 2689 953 2713 et
972 2679 1141 2725 quasdam
1162 2680 1337 2712 sententias
1359 2676 1527 2709 invenisse
1545 2674 1596 2707 di-

922 2734 977 2767 cit.
991 2732 1122 2767 Eadem
1134 2739 1166 2766 et
1179 2732 1389 2777 ἐνθυμήματα
1400 2728 1594 2763 dictasunt.
