1742 2989
734 200 955 243 &Lm-{ii
993 203 1119 244 Liss.
1156 203 1208 244 Ns.

218 282 346 337 dum,
372 299 467 342 quae
499 283 629 325 modo
660 299 821 325 nomen
849 282 1015 326 domini
1045 283 1222 339 dicunt,
1254 283 1385 326 modo
1416 285 1621 328 artificis:

223 216 311 260 >¹00
639 202 689 243 (j.

216 356 395 400 alternis
414 355 586 399 metulae
603 364 812 416 surgunt,
833 354 1009 398 alternis
1033 355 1195 399 inserta
1216 365 1318 399 sunt
1338 372 1466 416 poma
1488 375 1495 400 :
1517 367 1560 400 et
1578 358 1619 400 in

215 445 347 489 opere
368 430 661 473 urbanissimo
678 429 821 472 subita
835 427 954 471 velut
969 427 1074 472 illati
1094 430 1207 472 ruris
1228 430 1414 473 imitatio
1429 430 1620 473 medium

217 502 259 544 in
286 503 475 562 spatium
501 501 777 545 brevioribus
800 501 1009 561 utrinque
1030 501 1217 562 platanis
1242 503 1494 546 adornatur.
1519 506 1621 547 Post

215 575 292 618 lias
317 576 528 619 acanthus
548 575 651 619 hinc
672 574 772 617 inde
796 574 991 618 lubricus
1014 584 1057 618 et
1076 575 1317 630 flexuosus,
1339 575 1496 619 deinde
1521 576 1622 637 plu-

216 666 283 693 res
304 649 476 710 figurae,
493 648 707 710 pluraque
730 643 921 692 nomina.
945 650 996 691 In
1016 648 1157 708 capite
1177 649 1415 692 stibadium
1435 649 1621 693 candido

214 739 455 775 marmore,
476 723 564 765 vite
597 723 857 782 protegitur.
882 722 1028 766 Vitem
1060 732 1249 782 quatuor
1277 722 1514 767 columellae
1541 725 1621 768 Ca—

215 796 354 856 rystiae
384 796 587 838 subeunt.
619 797 654 838 E
686 794 874 838 stibadio
905 812 1041 855 aqua,
1071 794 1188 838 velut
1225 812 1425 857 expressa
1453 797 1620 840 cuban—

214 870 323 913 tium
355 868 571 929 pondere,
603 867 876 928 siphunculis
905 868 1064 922 effluit3
1092 879 1243 913 cavato
1270 869 1411 930 lapide
1442 872 1620 931 suscipi-

214 953 308 995 tur,
335 941 487 1003 gracili
513 958 733 985 marmore
762 942 1036 997 continetur,
1062 953 1193 1003 atque
1223 944 1283 986 ita
1311 944 1481 988 occulte
1508 954 1618 988 tem-

215 1025 416 1075 peratur,
437 1024 487 1058 ut
506 1014 705 1075 impleat7
723 1032 804 1059 nec
826 1015 1053 1059 redundet.
1075 1017 1381 1060 Gustatorium
1395 1052 1406 1069 ‚
1427 1019 1617 1077 gravior-

213 1106 297 1150 que
328 1089 540 1142 coenatio,
568 1088 756 1149 margini
788 1089 1058 1149 imponitur;
1087 1088 1222 1132 levior
1251 1088 1551 1133 navicularum
1578 1101 1617 1133 et

214 1162 357 1205 avium
387 1161 539 1222 figuris
566 1161 769 1204 innatans
796 1161 963 1205 circuit.
987 1163 1154 1205 Contra
1182 1161 1276 1205 fons
1303 1162 1442 1223 egerit
1462 1179 1619 1223 aquam

217 1286 353 1316 viticzdoe
370 1291 658 1316 commemorant.
671 1281 883 1316 Eorumdem

212 1338 377 1370 librorum
412 1337 596 1369 lectionem
630 1349 709 1369 cum
743 1336 880 1381 Bipont.

212 1391 314 1422 ctiam
328 1391 362 1422 in
376 1402 452 1435 sqq.
468 1389 563 1422 tenui
578 1389 635 1421 ubi
648 1416 656 1430 ‚
673 1389 828 1433 vulgata.
845 1414 852 1420 .
869 1413 876 1420 .

217 1446 301 1475 velut
321 1445 405 1474 illati
426 1446 507 1474 ruris
527 1445 664 1474 imitatio
690 1444 826 1473 medium
851 1444 883 1472 in

211 1498 348 1537 „palium
368 1498 559 1527 brevioribus
579 1497 726 1537 utrinque
740 1496 884 1537 platanis

213 1551 409 1585 adornatur,
424 1547 647 1580 commodum
659 1559 797 1579 sensum
812 1558 883 1578 non

211 1600 337 1633 hahere
366 1599 561 1633 videbatur.
577 1616 590 1628 u
612 1600 725 1632 Locus
752 1598 828 1638 hic,
848 1606 884 1630 ut

211 1654 376 1699 pleraque
405 1654 510 1698 hujus
540 1652 690 1697 epistolae
705 1679 713 1693 ‚
737 1658 808 1683 tam
835 1659 885 1683 est

211 1706 396 1744 obscurus,
413 1714 451 1737 ut
464 1705 571 1738 nolim
587 1705 620 1736 in
636 1704 715 1736 crisi
730 1703 884 1737 lectionis

210 1758 357 1791 multum
370 1770 482 1804 operae
492 1756 633 1803 perdere
645 1756 792 1790 :nedum
804 1768 883 1788 cum

209 1810 360 1856 Gierigio
399 1811 606 1857 conjecturis
643 1809 886 1843 audacioribus

209 1863 423 1909 indulgeam.
440 1864 522 1896 Aliis
534 1862 619 1908 quid
631 1862 812 1901 acciderit,
828 1873 885 1894 ne-

210 1918 280 1950 scio
300 1929 307 1949 :
330 1917 413 1949 mihi
437 1915 577 1962 quidem
593 1941 602 1955 ,
624 1923 661 1947 ut
682 1914 884 1947 Laurentini

209 1969 416 2016 descriptio,
444 1970 490 2002 ita
508 1968 560 2001 hae
583 1969 709 2007 litei-ze,
736 1968 761 1999 si
789 1980 885 2000 exor-

209 2022 304 2055 dium
332 2035 452 2055 earum
478 2034 647 2067 perquam
675 2033 777 2053 suave
795 2021 883 2053 exci-

210 2075 282 2119 pias
297 2102 304 2116 ‚
320 2074 549 2120 jucunditatis
571 2074 771 2113 minimum,
794 2072 884 2106 taedii

211 2128 289 2160 satis
301 2140 472 2172 superque
487 2128 688 2159 attulerunt.
698 2128 731 2160 S.

258 2180 313 2212 36.
331 2182 498 2211 Acanthus
511 2180 617 2212 herba
635 2179 747 2211 mollis
759 2205 767 2220 ,
779 2180 882 2213 variis

198 2235 343 2275 flexibus
357 2244 452 2263 more
462 2244 683 2264 cucumerum
700 2240 800 2265 errat.
813 2233 879 2266 En.

209 2305 252 2309 »μ
282 2287 366 2315 Hinc
392 2286 466 2315 inde
489 2287 625 2315 lubricus
655 2295 686 2316 et
699 2287 881 2329 ι,ν’ἰιὴῑιιομςιιε.

210 2338 262 2368 An
278 2335 404 2368 indicat
419 2336 451 2367 in
468 2335 654 2381 labyrinthi
669 2337 802 2381 parvuli
817 2338 883 2369 for-

210 2402 300 2421 mam
316 2388 516 2433 dispositum
532 2388 741 2421 acanthum?
753 2390 883 2430 Quam·

209 2454 314 2487 quam
332 2455 375 2474 ne
396 2441 461 2472 hoc
478 2440 616 2486 quidem
638 2441 737 2485 plane
754 2443 880 2475 intelli-

209 2507 265 2538 go.
277 2494 320 2527 G.
334 2492 424 2526 Add.
437 2493 580 2525 Generi
591 2492 633 2524 ad
645 2494 675 2525 J.
690 2494 729 2526 A.
744 2494 878 2527 Ernest.

210 2559 263 2591 ep.
283 2558 358 2591 quae
379 2546 412 2578 in
432 2545 539 2589 capite
560 2544 663 2590 hujus
682 2546 877 2579 voluminis.

255 2619 299 2622 —
310 2599 486 2630 Δ(ῖῑιίὖτῑιίιίωη
496 2623 504 2635 ,
520 2597 665 2630 lectulus
676 2599 880 2632 accumben-

212 2651 296 2683 tium
314 2651 426 2683 forma
442 2649 704 2683 semicirculari.
724 2651 787 2683 ΕΙ).

255 2723 290 2727 —-
303 2706 483 2748 Columella,-
496 2705 648 2743 carnaim.
663 2703 689 2734 1⁴]
703 2716 873 2737 marmore

949 1282 1117 1328 Carystio.
1142 1281 1311 1315 Laudarit
1338 1284 1505 1317 Cellarius
1533 1286 1617 1319 Plin.

948 1336 1097 1368 XXXVI
1110 1361 1118 1375 ,
1134 1338 1153 1368 6
1169 1360 1177 1374 ‚
1193 1343 1225 1368 et
1237 1336 1314 1368 Tib.
1331 1337 1383 1369 III
1398 1362 1406 1377 ‚
1423 1339 1440 1370 3
1454 1363 1462 1377 ‚
1481 1343 1519 1379 14
1534 1364 1543 1379 ‚
1561 1339 1618 1371 ubi

947 1388 1098 1433 reliquos
1126 1388 1207 1421 citat
1235 1388 1483 1422 Broukhusius.
1510 1390 1553 1423 G.
1573 1412 1617 1415 ὴ

950 1444 1127 1484 Cary-stium
1140 1454 1306 1480 marmor,
1315 1453 1353 1474 ex
1365 1442 1491 1475 Euboea
1507 1442 1618 1476 insula

948 1494 1058 1527 viride
1072 1503 1157 1534 erat,
1171 1503 1203 1527 et
1220 1493 1320 1527 valde
1332 1495 1544 1540 probabatur
1557 1498 1617 1530 Ro-

947 1547 1070 1580 manis.
1088 1547 1152 1579 En.

994 1603 1078 1630 ——E
1088 1601 1227 1631 stibadio
1244 1613 1331 1642 aqua
1342 1625 1350 1637 ,
1370 1607 1436 1632 etc.
1452 1601 1549 1633 Rom.
1561 1603 1619 1633 Sti-

947 1654 1044 1683 badio
1058 1665 1162 1695 aqua,
1177 1655 1267 1683 velue
1277 1665 1424 1695 expressa
1436 1656 1619 1686 cubantium

942 1707 1285 1748 ponderesiphunculis
1295 1707 1406 1750 effluit.
1418 1706 1593 1751 Praeposit.
1603 1722 1619 1738 e

947 1757 1085 1789 omissa.
1098 1757 1440 1803 H.-—Aqua...effluit.
1454 1759 1619 1803 Magnam

950 1809 1132 1842 stibadium
1153 1810 1219 1842 hoe
1243 1809 1499 1843 similitudinem
1516 1811 1619 1844 habet

948 1875 1028 1895 cum
1044 1863 1227 1896 ornithone
1238 1863 1404 1896 Varronis
1415 1889 1424 1903 ‚
1444 1876 1545 1909 quem
1563 1863 1619 1897 de-

947 1916 1082 1961 scripsit
1107 1916 1178 1960 ipse
1192 1941 1200 1955 ‚
1222 1928 1284 1947 nos
1309 1916 1556 1960 explicavimus
1575 1916 1618 1950 de

946 1969 984 2000 R.
1001 1970 1038 2001 R.
1051 1969 1103 2000 III
1116 1994 1124 2008 ,
1142 1970 1158 2002 5
1171 1994 1179 2008 ‚
1198 1981 1238 2001 10
1250 1994 1258 2007 ‚
1273 1981 1346 2013 sqq.
1362 1971 1540 2001 stibadium
1550 1970 1617 2003 hoc

946 2020 1241 2066 respondetfizleri
1255 2021 1485 2054 Varroniano.
1506 2022 1554 2053 Ex
1568 2022 1618 2054 in-

948 2075 1073 2106 teriore
1088 2074 1192 2119 hujus
1212 2074 1364 2118 margine
1381 2074 1510 2117 prosilit
1526 2087 1618 2120 aqua

948 2127 984 2158 in
998 2134 1161 2159 cavatum
1177 2125 1327 2170 lapidem
1342 2137 1351 2165 ;
1371 2126 1424 2158 hic
1441 2127 1617 2161 occultum

950 2180 1053 2211 habet
1072 2178 1284 2211 emissarium
1299 2203 1307 2217 ‚
1327 2191 1396 2223 quo
1422 2191 1530 2223 quum
1555 2179 1616 2213 de-

949 2231 1033 2264 fluat
1050 2232 1189 2277 etquasi
1207 2231 1424 2264 fesci-beatur
1437 2244 1534 2277 aquae
1548 2241 1617 2266 tan-

946 2283 1089 2316 tundem
1104 2308 1112 2323 ‚
1130 2292 1297 2328 quantum
1311 2296 1328 2315 c
1341 2284 1557 2329 siphunculis
1567 2286 1616 2318 in-

946 2334 1043 2368 fluxit
1057 2361 1065 2375 ‚
1083 2348 1121 2368 ea
1134 2348 1315 2382 nunquam
1333 2336 1419 2369 ultra
1436 2336 1614 2370 definitam

946 2389 1072 2421 lineam
1092 2396 1124 2422 et
1143 2389 1252 2433 ipsum
1275 2402 1312 2421 os
1327 2389 1493 2422 emissarii
1515 2390 1613 2421 attol-

950 2442 1043 2474 litmn
1060 2442 1153 2474 conf.
1171 2454 1197 2473 s,
1217 2443 1272 2485 37.
1285 2442 1328 2474 G.

993 2496 1048 2538 37.
1064 2496 1298 2526 Gustatorium.
1315 2519 1321 2525 .
1337 2519 1345 2526 .
1362 2495 1521 2525 .coenati0.
1534 2493 1612 2527 Haec

946 2548 1115 2579 vocabula
1133 2560 1195 2591 pro
1210 2547 1287 2591 ipsis
1302 2546 1458 2579 lancibus
1473 2554 1504 2579 et
1521 2559 1613 2578 men-

944 2600 989 2632 sis
1002 2601 1129 2642 (mensis
1144 2600 1281 2645 inquam
1295 2624 1304 2638 ‚
1320 2610 1394 2644 quae
1410 2598 1500 2631 idem
1518 2598 1612 2643 quod

946 2652 1060 2685 lances
1081 2651 1253 2684 interdum
1276 2651 1347 2684 sive
1365 2651 1512 2696 patinae)
1531 2664 1610 2683 cum

940 2704 1021 2737 cibis
1048 2704 1100 2737 vel
1129 2703 1266 2749 liquidis
1295 2703 1345 2735 vel
1377 2703 1492 2735 solidis
1524 2716 1609 2748 quo<⁴
