1742 2989
575 197 917 240 EPISTOLA
951 196 1056 239 XX.
1458 191 1514 255 57

117 282 285 326 Verum
315 278 418 322 huic
450 278 532 338 ipsi
559 276 716 321 Pericli
747 295 827 321 nec
857 277 927 321 illa
957 277 1107 332 πειθὼ,
1135 291 1216 319 nec
1247 274 1353 319 illud
1385 279 1516 325 ἐκήλει
1543 286 1582 319 18

116 353 326 397 brevitate
347 388 358 409 ‚
386 350 453 395 vel
478 350 706 395 velocitate
723 387 734 407 ,
765 350 831 395 vel
859 361 1041 412 utraque
1069 348 1310 409 (differunt
1339 349 1516 411 enim),

116 426 320 471 facultate
342 441 510 469 summa
533 425 784 484 contigisset
810 442 819 469 :
843 441 944 469 nam
969 423 1209 477 delectare,
1233 423 1517 483 persuadere,

115 500 285 559 copiam
313 498 483 542 dicendi
513 498 790 559 spatiumque
819 498 1067 542 desiderant
1098 514 1107 540 :
1138 496 1385 557 relinquere
1414 514 1518 541 vero

115 572 314 616 aculeum
336 573 381 615 in
404 571 677 616 audientium
700 572 855 616 animis
877 572 911 616 is
934 572 1110 615 demum
1132 580 1300 631 potest,
1326 571 1402 631 qui
1429 587 1518 615 non

112 705 205 734 τοῦτο
219 701 318 734 πειθώ
334 714 382 739 τις
401 701 586 734 &eudemo
604 703 669 739 τοῖς
682 701 782 744 χείλε-

112 768 155 787 σι.
174 755 284 792 Οὕτως
305 753 406 789 ἐκήλει
426 755 479 787 καὶ
498 753 589 798 μόνος
606 758 668 786 τῶν
689 754 781 798 ῥητό-

111 821 169 851 ρων
189 808 224 839 τὸ
243 808 367 851 κέντρον
386 808 555 839 κατέλειπε
574 808 639 845 τεῖς
660 807 782 852 ἀκροω-

111 861 227 904 μένοις.
249 859 415 904 Pleraque
434 858 552 891 vitiose
567 884 575 897 ‚
597 871 637 891 ex
656 859 784 904 quibus

112 918 229 943 'tamen
258 911 433 957 vulgatam
460 911 646 945 emendare
676 912 755 944 licet
772 937 780 951 ‚

108 963 145 996 in
170 976 239 1009 qua
265 968 457 1011 ἐγκατέλιπε
482 978 546 1010 pro
573 967 781 1011 ἐγκατέλειπε

110 1016 274 1062 scriptum
289 1017 436 1050 videtur.
450 1018 494 1050 H.
509 1039 553 1043 —-
565 1018 614 1050 De
626 1017 702 1050 loco
717 1018 783 1049 Eu-

109 1068 249 1114 polideo
268 1069 345 1103 vide
362 1070 619 1117 Wyttenhach.
640 1070 684 1103 ad
703 1070 781 1102 Plu-

108 1121 218 1156 tarch.
236 1121 278 1156 de
292 1124 326 1157 S.
343 1124 442 1157 N.V.
458 1137 491 1169 p.
508 1137 528 1169 7
544 1136 618 1169 sqq.
634 1117 781 1169 Εγκατέ-

106 1181 195 1210 λειπε
222 1176 327 1210 habet
355 1185 388 1210 et
413 1177 554 1210 Diodor.
584 1178 638 1211 Sic
664 1177 706 1209 T.
740 1177 780 1215 Ι,

107 1240 142 1272 p.
165 1229 243 1262 505.
265 1230 299 1263 S.

161 1285 210 1314 18.
236 1286 365 1314 Verum.
382 1307 389 1314 .
405 1285 583 1316 .b1·evilate.
605 1284 702 1316 Rom.
724 1288 781 1315 Pe-

108 1335 180 1366 ricli
190 1347 303 1366 verum
318 1337 392 1367 lzuic
409 1338 471 1378 ipsi
483 1349 541 1368 nec
555 1338 613 1368 illa
629 1349 687 1367 nec
700 1338 784 1368 illud

108 1388 272 1420 brevitate.
303 1387 423 1420 Graeca
457 1387 584 1421 desunt
609 1400 616 1420 :
648 1390 780 1420 Periclis

106 1452 188 1473 vero
204 1452 332 1473 nomen
353 1453 391 1473 ex
407 1440 517 1486 glossa
534 1454 607 1474 esse
624 1447 777 1485 apparet.

106 1491 149 1525 H.
172 1513 218 1517 ——-
238 1492 432 1527 Delendum
454 1496 592 1531 Pericli,
617 1492 712 1538 quod
738 1506 779 1526 ex

105 1545 218 1590 glossa
233 1545 421 1587 invectum,
436 1546 509 1580 aliis
520 1547 554 1578 in
565 1546 660 1579 libris
671 1546 778 1578 alium

104 1597 219 1631 locum
235 1599 429 1644 occupavit.
445 1599 479 1633 S.
492 1621 537 1625 —
552 1601 714 1631 Brevitate
726 1600 781 1629 vel

104 1652 289 1683 velocitate.
317 1651 378 1683 His
404 1661 496 1685 recte
521 1652 652 1685 Plinius
680 1657 779 1696 putat

103 1702 190 1735 illud
217 1705 315 1748 τοῖχος
338 1705 483 1738 absolvi.
511 1707 565 1739 Sic
590 1704 778 1749 Dionysius

104 1755 183 1788 Hal.
206 1756 268 1800 Ep.
290 1757 324 1789 II
340 1782 348 1797 ,
370 1757 413 1790 ad
438 1759 552 1790 Amm.
579 1766 612 1791 et
637 1757 672 1790 in
695 1755 776 1789 Jud.

102 1808 264 1854 Thucyd.
283 1812 317 1844 τὸ
335 1812 432 1854 τάχος
449 1815 505 1850 τῆς
523 1813 687 1855 σημασίας
701 1837 710 1853 ‚
725 1815 777 1847 vel

104 1865 161 1901 τῆς
185 1863 386 1908 ἀπαγγελίας
408 1862 607 1909 Thucydidi
635 1866 776 1907 tribuit,

102 1926 316 1960 quemquam
326 1915 480 1960 vigorem
492 1917 690 1962 significans
705 1932 778 1953 sen-

103 1966 288 1999 tentiarum
300 1992 309 2007 ‚
324 1968 385 2012 qui
403 1981 421 2001 e
440 1969 618 2002 concinnae
633 1970 778 2006 brevita-

103 2018 145 2051 tis
172 2019 287 2052 studio
313 2021 436 2055 oritur.
460 2022 501 2054 Et
517 2023 711 2057 Demetrius
733 2025 776 2059 de

103 2071 198 2105 Eloc.
219 2074 249 2115 ξ.
276 2075 337 2119 137
354 2099 362 2115 ‚
383 2077 418 2109 τὸ
440 2076 539 2120 τάχος
564 2078 709 2122 opponit
728 2085 774 2125 τῷ

102 2129 329 2173 μηκυνομὲνῳ,
352 2135 384 2160 et
401 2124 443 2173 ἓῇ
463 2130 637 2176 συντομία,
664 2131 775 2164 brevi-

103 2177 162 2208 tati
177 2201 185 2216 ,
199 2178 331 2212 tribuit.
348 2180 480 2213 Deinde
495 2189 527 2214 et
541 2182 702 2216 velocitas
716 2184 774 2217 illa

103 2237 136 2261 et
163 2230 319 2265 celeritas
345 2232 503 2273 dicendi,
528 2247 634 2279 quam
661 2236 771 2270 Cicer.

101 2282 165 2314 Or.
182 2282 265 2316 XVI
281 2308 289 2323 ‚
300 2286 421 2327 flumen
442 2288 613 2320 verboram
632 2297 664 2321 et
680 2293 773 2322 volu-

101 2337 259 2368 bilitatem
275 2336 358 2370 dicit
372 2363 380 2378 ‚
398 2341 496 2384 τάχος
513 2340 642 2375 Graecis
660 2343 774 2388 appel-

100 2386 204 2421 latur.
214 2389 266 2421 Ita
275 2389 417 2437 Dionys.
427 2392 589 2437 Compos.
599 2407 675 2440 cap.
686 2396 750 2428 XX
762 2421 770 2435 ,

100 2441 255 2474 'versibus
277 2442 464 2476 homericis
488 2453 629 2490 propter
649 2461 772 2481 nume-

99 2504 177 2526 rum
191 2492 401 2540 dactylicum
417 2496 573 2530 celeriter
586 2498 774 2533 decurren-

100 2545 191 2578 tibus
216 2549 251 2581 τὸ
274 2550 373 2594 τάχος
396 2551 598 2597 ἀπαγγελίας
626 2551 745 2584 tribuit
762 2575 771 2591 ,

99 2601 524 2646 ornptyuobgopponensxt
533 2605 770 2650 ἐγκαθίσματα,

100 2661 175 2695 quae
195 2651 319 2685 Cicero
339 2654 361 2686 l.
384 2667 414 2687 c.
436 2657 588 2688 distincta
614 2663 646 2689 et
668 2659 767 2688 incer,

92 2712 218 2745 puncta
232 2706 399 2739 intervalla
413 2733 420 2740 .
439 2720 544 2741 moras
554 2734 564 2748 ,
584 2716 616 2743 et
630 2711 766 2754 respira-

848 702 948 732 tiones
978 706 1091 733 vocat.
1123 698 1189 734 Sed
1221 699 1342 732 eodem
1374 700 1519 744 pertinet

848 754 995 797 impetus
1022 752 1080 785 ille
1102 751 1260 792 dicendi,
1281 752 1340 798 qui
1362 752 1520 785 fulminis

848 805 916 838 ritu
941 806 1058 839 onmia
1084 805 1232 851 disjicit,
1259 812 1291 838 et
1316 818 1396 838 cum
1426 807 1519 850 gravi

849 858 978 891 affectu
993 858 1140 891 oratoris
1150 859 1355 904 conjunctus
1370 866 1431 891 est.
1441 859 1521 899 Quo

849 924 951 945 sensu
967 912 1009 945 τὰ
1024 915 1107 956 τάχη
1125 911 1282 944 tribuunt
1296 910 1521 944 Demostheni

848 965 992 1011 Dionys.
1007 964 1088 997 Jud.
1100 963 1264 1010 Thucyd.
1280 976 1356 1009 cap.
1369 964 1472 1003 LIII,
1489 972 1521 996 et

848 1018 997 1064 Longin.
1012 1018 1094 1051 XII.
1109 1019 1232 1062 Itaque
1245 1023 1337 1050 recte
1351 1027 1521 1059 utramque

848 1070 978 1104 Plinius
997 1072 1130 1115 differre
1152 1069 1247 1103 dicit.
1269 1070 1402 1114 Nempe
1424 1071 1520 1100 brevi-

848 1135 898 1157 tas
930 1124 965 1156 in
1001 1123 1197 1157 elocutione
1227 1130 1259 1155 et
1288 1121 1495 1155 tractatione
1508 1146 1517 1160 ,

846 1180 1004 1209 velocitas
1036 1177 1072 1209 in
1101 1174 1355 1222 pronuntiandi
1387 1174 1520 1220 impetu

848 1230 996 1263 maxime
1018 1229 1194 1269 cernitur,
1218 1241 1289 1274 quo
1319 1227 1423 1260 verba
1453 1226 1521 1259 cito

846 1289 1102 1316 transcurrunt.
1121 1282 1174 1314 Illi
1194 1283 1324 1324 copiam
1344 1281 1475 1312 dicendi
1488 1287 1521 1312 et

844 1338 985 1379 spatium
998 1362 1005 1372 ‚
1036 1335 1118 1368 huic
1149 1335 1243 1368 illam
1276 1333 1520 1366 commoratio-

845 1401 925 1421 nem
947 1389 1091 1428 tribuit,
1111 1401 1179 1435 qua
1200 1386 1276 1432 quis
1298 1399 1361 1418 non
1375 1389 1495 1430 pungit
1508 1413 1516 1425 .

846 1441 952 1473 sedin
975 1444 1046 1485 git,
1067 1454 1137 1487 quo
1155 1453 1258 1474 sensu
1274 1439 1384 1472 Graeci
1404 1440 1517 1485 impe>

844 1496 897 1531 νῆν
918 1518 926 1533 ,
955 1493 1124 1541 Bima-4:23&
1143 1518 1153 1534 ‚
1186 1494 1389 1540 ἐγχρονισμόν
1425 1491 1517 1526 dlxe·

843 1555 937 1580 runt.
953 1548 994 1580 E.
1010 1568 1056 1572 —-
1070 1548 1192 1581 Fusius
1207 1547 1279 1580 haec
1294 1545 1343 1578 vir
1361 1543 1517 1577 doctissi·-

843 1613 918 1633 mus
930 1600 963 1632 in
976 1600 1231 1634 Lex.Technol.
1244 1601 1354 1634 Graec.
1365 1601 1464 1634 Rhet.
1478 1615 1513 1634 v.

842 1655 941 1697 τάχος
962 1652 1163 1698 disputavit.
1196 1655 1230 1687 S.
1260 1675 1306 1679 -—
1333 1658 1514 1687 Facultatca

842 1705 1005 1745 Dicendi,
1025 1707 1235 1752 eloquentia.
1252 1708 1306 1741 Sic
1320 1718 1436 1751 potens
1456 1708 1515 1741 ab-

841 1759 950 1791 solute
961 1758 1094 1792 dictum
1105 1760 1237 1793 Latinis
1247 1760 1515 1799 recentioribus,

841 1820 879 1843 ut
905 1811 1032 1845 Graecis
1063 1813 1123 1844 aevi
1155 1813 1324 1846 inferioris
1353 1812 1515 1860 δύναμις,

840 1862 988 1904 δυνατὸς.
1011 1864 1101 1898 Vide
1130 1865 1271 1898 Kuster.
1300 1865 1343 1898 ad
1366 1867 1511 1911 Argum.

839 1917 932 1949 Nub.
954 1917 1176 1963 Aristophan.
1194 1919 1228 1951 S.
1246 1939 1291 1943 -—
1310 1921 1459 1961 Copiam.
1476 1943 1484 1950 .
1501 1946 1505 1949 .

840 1971 1036 2001 desiderant.
1054 1971 1152 2003 Rom.
1171 1974 1304 2014 Copz'am
1323 1973 1513 2015 dicendique

841 2025 981 2064 spacium
1004 2026 1176 2056 desiderat.
1202 2024 1246 2057 H.
1273 2045 1317 2048 —
1342 2026 1516 2056 Desiderat

839 2074 943 2107 etiam
970 2076 1137 2122 Excerpta
1163 2077 1369 2110 Bruinmeri.
1401 2077 1435 2110 S.
1469 2097 1513 2101 —-

839 2131 1042 2172 Relinquere.
1059 2156 1065 2161 .
1083 2133 1255 2163 aculeum.
1273 2131 1326 2162 Ab
1342 2131 1465 2176 apibus
1481 2138 1512 2162 et

838 2182 947 2226 vespis
970 2182 1150 2228 desumpta
1172 2183 1309 2216 videtur
1329 2184 1507 2228 metapho-

837 2247 895 2274 ra,
912 2247 1061 2280 quarum
1074 2235 1212 2269 relictus
1228 2236 1261 2268 in
1273 2235 1418 2268 vulnere
1433 2248 1510 2268 acu-

838 2286 911 2320 leus
925 2288 1093 2333 inquietat
1103 2297 1136 2322 et
1146 2288 1309 2322 sollicitos
1321 2289 1426 2321 habet
1438 2302 1510 2328 eos,

839 2352 926 2384 quos
956 2353 1146 2387 pupugere.
1176 2342 1224 2375 G-
1252 2362 1298 2366 —-
1324 2342 1512 2374 Verissime

837 2392 1035 2433 Gemerus,
1061 2406 1165 2440 quem
1191 2394 1361 2439 Gierigius
1390 2392 1509 2427 audire

839 2443 986 2478 debebat
1003 2471 1012 2486 ,
1031 2458 1156 2492 parum
1178 2455 1357 2492 perspecte
1382 2445 1426 2478 (le
1452 2446 1509 2478 sti·

838 2498 934 2531 mulo
953 2499 1108 2544 cogitans
1125 2501 1326 2545 aurigarum
1342 2524 1351 2539 ,
1369 2497 1512 2532 audien—

838 2557 957 2596 tesque
978 2552 1144 2597 jumentis
1168 2563 1387 2598 comparans.
1412 2550 1511 2584 Plato

837 2602 1002 2637 Phaedon.
1020 2616 1101 2650 cap.
1123 2609 1166 2645 40
1182 2629 1191 2645 ,
1208 2617 1241 2648 p.
1268 2604 1354 2643 3863
1374 2603 1429 2637 ed.
1451 2603 1508 2635 Fi-

836 2656 947 2690 scher.
966 2658 1064 2693 παντὶ
1079 2660 1162 2703 λόγῳ
1183 2658 1378 2691 ἀντιτείνετε
1391 2680 1400 2697 ,
1419 2659 1509 2690 εὐλα-

836 2709 993 2753 &outae-tot,
1005 2713 1089 2749 ὅπως
1107 2713 1149 2756 fax'r.
1169 2711 1242 2755 ἐγὼ.
1258 2711 1318 2743 ὑπὸ
1331 2709 1507 2756 πφεθυμίας
