1742 2989
160 205 242 249 118

568 207 616 248 C.
655 207 875 249 PLlNll
913 208 1034 250 LlB.
1076 209 1134 250 ΙΙ.

110 316 123 333 v:2
153 289 272 331 tium.
299 291 458 333 Decem
487 297 528 330 et
560 297 723 348 septem
755 288 943 333 millibus
967 306 1172 349 passuum
1192 290 1246 332 ab
1274 290 1378 332 urbe
1411 307 1549 334 seces—

151 399 260 444 quiae,
280 410 365 444 quas
384 398 456 430 istic
482 398 599 443 paullo
621 408 699 432 ante
722 399 817 433 (lete-

150 461 221 485 ctas
232 460 263 484 et
273 451 387 496 lapide
399 452 582 497 quadrato⁷
591 466 616 485 s.
625 453 816 494 reticulato,

151 513 188 538 ut
207 505 320 544 aiunt,
340 517 442 549 opere
460 513 604 538 structas
622 506 817 546 cernimus;

151 558 222 602 ipsa
245 566 336 591 certe
360 559 428 590 loci
450 558 612 592 distantia
633 559 676 591 ab
696 559 818 592 eodem

149 610 258 643 Plinio
266 610 414 644 indicata
422 624 528 656 quum
538 612 581 644 ab
591 612 766 652 urbe,tum
775 613 819 645 ab

150 664 299 697 Ostiensi
324 664 459 697 colonia
473 691 482 706 ,
505 672 608 710 atque
626 669 644 697 a
664 665 819 710 proximo

151 716 225 749 vico
236 741 245 756 ‚
257 729 359 762 quem
371 719 501 749 Piastm
510 717 613 750 hodie
624 717 817 764 appellant,

152 782 190 802 ac
210 769 395 814 praesertim
412 771 517 802 trium
537 771 723 811 atriorum,
744 771 818 804 toti-

151 821 299 867 demque
311 823 507 867 portieuum
518 831 550 855 et
562 836 721 857 arearum
735 849 743 863 ,
754 836 815 857 nec

150 887 218 907 non
237 873 384 908 duarum
398 877 542 908 turrium
560 876 605 909 ad
623 889 817 922 propugna-

150 926 265 960 culum
288 928 394 970 xillae,
410 929 647 962 cubiculorum
663 931 742 963 item
756 943 818 963 nu-

150 992 263 1012 merus
277 980 529 1026 adspectusque
540 1009 548 1024 ‚
562 995 700 1015 omnem
717 984 819 1028 plane

149 1032 398 1066 dubitationem
408 1035 618 1079 abstergunt.
634 1036 749 1068 Tuum
759 1036 819 1069 ita-

150 1097 217 1129 que
243 1086 305 1117 erit
323 1113 330 1128 ‚
344 1087 394 1118 vir
411 1087 628 1120 Nobilissime
640 1088 817 1134 (adloqui-

150 1145 204 1169 tur
214 1139 417 1172 Marcellum
431 1139 651 1174 Sacehettum
663 1141 819 1176 Hieroso-

149 1189 305 1234 lymitani
321 1191 462 1225 Ordinis
482 1193 573 1238 apud
594 1194 746 1228 Clemen.
770 1197 818 1228 XI

150 1244 185 1275 P.
218 1243 266 1276 M.
297 1245 521 1290 Oratorem),
549 1254 586 1279 ut
605 1246 649 1280 acl
669 1247 741 1293 ejus
772 1249 819 1281 rei

149 1296 254 1329 {idem
269 1322 277 1336 ,
292 1299 420 1343 quippe
434 1299 493 1344 qui
502 1299 745 1333 Architecturae
760 1314 819 1346 per

150 1356 182 1382 te
195 1349 307 1393 ipsum
326 1351 551 1396 peritissimus
569 1352 704 1386 haberis
717 1381 725 1395 ‚
743 1355 818 1387 Ich-

151 1402 377 1447 nographiani
391 1431 400 1445 ‚
413 1411 445 1437 et
455 1417 523 1449 prae
535 1406 667 1438 cunctis
682 1407 818 1440 interio-

150 1467 220 1487 rem
244 1464 313 1487 tam
339 1468 398 1500 per
418 1456 670 1502 longitudinem
684 1486 692 1500 ‚
713 1472 816 1505 quam

148 1520 211 1552 per
245 1507 462 1541 latitudinem
496 1510 648 1556 ejusdem
684 1512 817 1545 :edificii

151 1561 298 1594 formam
318 1574 397 1594 cum
411 1563 616 1607 pavimentis
632 1576 736 1608 opere
750 1566 818 1610 ple-

148 1613 263 1659 risque
288 1615 371 1647 locis
395 1615 549 1657 musivo,
576 1624 608 1648 et
633 1617 818 1652 Numidico

149 1674 207 1697 aut
226 1667 459 1700 Alexandrino
485 1680 657 1702 marmore
682 1671 793 1704 stratis
807 1698 815 1712 ‚

149 1719 404 1765 parietibusque
423 1721 520 1754 vario
545 1730 739 1755 crustarum
759 1736 816 1768 ge-

148 1784 229 1804 nere
245 1771 408 1806 distinctis
427 1782 529 1819 atque
544 1775 672 1807 ornatis
686 1801 694 1816 ‚
711 1788 816 1820 quam

148 1824 306 1859 citissime
345 1826 588 1859 delineandam
629 1828 794 1873 suscipias
809 1857 816 1871 ‚

146 1878 275 1922 aerique
292 1879 434 1912 incisam
450 1879 577 1925 publici
594 1880 682 1925 juris
696 1881 814 1915 facias.

148 1930 201 1963 Ita
220 1931 312 1964 enim
337 1945 442 1977 quam
467 1932 586 1965 villam
606 1945 624 1965 e
644 1934 792 1967 tenebris
807 1959 815 1974 ‚

148 1983 182 2014 in
196 1984 321 2028 quibus
335 1992 405 2017 tam
420 1984 479 2017 diu
493 1985 624 2029 sepulta
637 1986 793 2030 jacuerat
806 2014 814 2028 ‚

148 2036 264 2068 eruisti
281 2062 289 2077 ⁷
309 2037 343 2069 in
363 2037 609 2083 sempiternam
634 2038 815 2072 hominum

146 2087 259 2120 lucem
289 2097 469 2135 tamquam
492 2090 611 2135 priscae
638 2090 816 2124 munditiae

145 2141 274 2185 pariter
299 2154 339 2174 ac
370 2141 573 2186 frugalitatis
604 2142 787 2187 imaginem
807 2169 815 2184 ,

147 2193 246 2226 editis
260 2194 384 2227 tabulis
401 2194 563 2239 proferes.
586 2194 702 2235 Quid?
721 2196 815 2241 quod

148 2247 263 2292 magni
288 2246 332 2280 ad
356 2247 525 2280 honorem
552 2254 729 2287 nostrum,
755 2251 815 2294 qui

146 2300 291 2331 Romani
314 2311 432 2332 sumus
445 2327 454 2341 ‚
474 2300 636 2332 interesse.
661 2300 814 2342 videtur,

148 2351 296 2383 Plinium
312 2352 348 2384 in
363 2352 447 2384 urbe
462 2352 647 2385 Consulem
664 2353 707 2385 ab
722 2355 815 2386 omni

149 2403 319 2437 mendacii
340 2412 420 2437 nota
437 2403 636 2444 vindicare3
658 2413 693 2437 ut
712 2406 814 2438 nimi-

146 2469 223 2488 rum
235 2469 316 2489 vera
328 2465 361 2490 et
375 2458 463 2490 facta
475 2482 483 2497 ‚
499 2469 568 2489 non
580 2457 659 2489 licta
673 2465 705 2490 et
720 2459 815 2491 sabu-

146 2508 185 2541 lis
199 2509 322 2542 similia
333 2510 438 2543 literis
452 2509 634 2542 mandasse
648 2518 814 2554 putetur.»

147 2583 191 2586 -—
210 2562 307 2595 Hanc
326 2563 352 2595 si
379 2562 644 2608 descriptionem
669 2563 813 2596 habere-

149 2628 241 2655 mus,
257 2617 356 2649 facile
371 2623 525 2650 carerent
539 2640 547 2655 ,
562 2615 726 2660 philologi
739 2617 813 2660 qui-

147 2667 225 2700 dem
237 2695 245 2709 ‚
263 2669 428 2702 Felibenii
445 2669 651 2714 Castellique
673 2668 810 2713 elegan-

147 2721 199 2753 tiis
214 2747 221 2761 ‚
241 2734 364 2766 casque
384 2722 556 2755 hodierna:
576 2721 810 2754 architectura*

885 399 1047 433 studiosis
1062 400 1219 433 lubentes
1232 401 1465 446 permitterent
1479 414 1486 434 :
1500 403 1551 435 xel

885 451 997 496 potius
1021 461 1094 485 tum
1113 453 1251 486 Castelli
1276 467 1376 499 opem
1397 454 1553 499 implora-

885 511 977 544 rent,
988 513 1024 537 ut
1037 518 1077 538 ex
1089 505 1177 539 veris
1189 507 1394 540 Laurentini
1406 507 1552 552 vestigiis

885 557 1016 602 aliquid
1039 558 1160 591 excitet
1183 572 1253 591 non
1278 558 1423 605 dignum
1448 559 1551 592 modo

886 609 1035 643 Consule
1048 635 1057 650 ,
1075 610 1134 643 sed
1150 610 1194 644 ad
1216 612 1429 657 antiquitatis
1447 613 1551 645 ratio-

885 675 965 696 nem
977 664 1277 698 accommodatum
1286 691 1295 705 ,
1306 665 1382 699 vide
1395 666 1421 698 F
1425 667 1480 698 ab.
1496 667 1551 697 In-

886 728 953 749 scr.
971 724 1055 750 antt.
1072 730 1107 763 p.
1123 719 1188 762 732
1201 743 1210 758 ‚
1227 717 1270 751 (le
1284 718 1349 751 situ
1362 718 1450 751 vissae
1465 720 1552 751 Lau-

886 770 1030 802 rentinae
1054 778 1175 803 contra
1199 771 1354 804 Holsten.
1380 772 1448 804 Ista
1469 771 1551 804 (lum

887 822 998 855 scribo
1012 847 1020 862 ,
1034 824 1206 869 perfertur
1220 824 1263 857 ad
1277 837 1332 857 me
1344 824 1461 857 titulus
1475 824 1552 857 libri

884 874 1008 909 Gallici
1024 901 1033 916 ‚
1051 879 1172 909 De'lices
1186 880 1224 909 cle
1242 880 1274 909 la
1294 880 1418 909 maison
1437 879 1476 909 de
1497 881 1553 908 To-

884 942 999 966 scanc,
1022 940 1053 961 et
1070 933 1109 961 de
1127 933 1159 961 la
1180 933 1302 962 maison
1322 933 1361 962 de
1384 933 1551 963 Laurentia

880 994 946 1023 par
964 984 1092 1026 Parfait
1105 1010 1112 1019 ‚
1137 995 1189 1015 12.
1210 983 1361 1016 Pertinet
1380 983 1437 1015 ille
1457 983 1550 1016 haud

886 1033 990 1067 dubie
1010 1035 1052 1068 ad
1073 1036 1173 1069 villas
1196 1033 1296 1068 Plinii
1319 1048 1326 1068 ε
1351 1036 1410 1069 sed
1437 1045 1552 1069 utrum

885 1086 1011 1121 habeat
1039 1088 1169 1133 aliquid
1194 1102 1212 1122 a
1238 1089 1402 1122 Felibenii
1428 1091 1555 1122 Castel-

886 1140 978 1185 lique
1006 1141 1153 1174 inventis
1176 1142 1352 1174 diversum
1367 1167 1375 1182 ‚
1396 1142 1551 1175 arbitrari

887 1205 956 1225 non
972 1194 1049 1226 licet
1065 1205 1073 1227 :
1088 1193 1156 1227 vid.
1179 1194 1223 1228 ad
1236 1195 1284 1235 V,
1301 1198 1321 1228 6
1335 1220 1344 1234 ‚
1364 1208 1394 1227 1.
1409 1194 1552 1227 Adriani

887 1246 1029 1279 Caesaris
1042 1247 1158 1280 villam
1169 1248 1204 1280 in
1214 1247 1396 1280 Tiburtino
1410 1260 1471 1293 per
1484 1260 1554 1279 mo-

886 1298 969 1331 lium
981 1307 1013 1332 et
1025 1300 1317 1333 substructionum
1331 1300 1494 1345 reliquias
1505 1300 1554 1332 di-

884 1351 1030 1397 ligenter
1045 1361 1244 1398 persecutus
1261 1361 1311 1386 est
1326 1354 1450 1386 Franc.
1466 1354 1554 1386 Con-

886 1405 976 1438 tinus
1004 1417 1011 1438 :
1039 1406 1133 1451 quod
1167 1419 1255 1451 opus
1285 1406 1443 1439 conferre
1473 1419 1549 1438 cum

885 1466 1004 1492 nostro
1018 1472 1128 1505 operae
1144 1459 1292 1504 pretium
1307 1457 1454 1492 videtur.
1475 1457 1554 1491 Edi-

885 1518 957 1544 tum
982 1513 1080 1545 Rom.
1112 1513 1216 1552 1658,
1244 1511 1300 1544 ch.
1327 1523 1417 1544 max.
1443 1511 1486 1544 G.
1508 1532 1551 1535 w

885 1564 947 1596 His
963 1590 971 1604 ‚
1000 1565 1060 1610 qui
1086 1573 1270 1610 utramque
1288 1564 1405 1597 villam
1424 1564 1552 1597 Plinia-

884 1630 965 1650 nam
976 1618 1257 1664 explicationibus
1267 1617 1555 1657 arcliiteetonicis‚

885 1679 917 1704 et
939 1672 1063 1704 tabulis
1094 1672 1151 1704 feri
1175 1671 1290 1704 incisis
1315 1670 1552 1703 demonstrare

885 1725 997 1757 conati
1017 1732 1096 1756 sunt
1110 1749 1118 1764 ,
1134 1724 1274 1757 accessit
1289 1723 1328 1755 F.
1342 1724 1383 1755 A.
1398 1723 1551 1756 Crubsa-

885 1776 957 1809 cius
965 1802 972 1815 ‚
982 1775 1183 1809 Dresdensis
1192 1802 1199 1816 ‚
1210 1777 1310 1821 cujus
1322 1775 1409 1807 liber
1419 1775 1551 1817 (lVahr-

883 1830 1088 1861 sclzeinliclz'er
1100 1831 1257 1872 Entwmf
1264 1841 1331 1860 von
1349 1830 1402 1860 des
1410 1831 1550 1872 jiingern

884 1883 1006 1912 Plinius
1024 1883 1213 1913 Landlzause
1230 1883 1299 1913 und
1312 1884 1450 1919 Gar-ten,
1467 1885 1550 1912 Lau-

884 1946 953 1965 rens
972 1936 1158 1979 genamzt,)
1180 1932 1307 1978 prodiit
1331 1932 1425 1978 Lips.
1450 1935 1549 1976 1760.

882 1987 1145 2020 Recentissimus
1155 1987 1242 2019 liber
1254 1993 1438 2030 utramque
1451 1985 1550 2018 Plinii

882 2038 998 2071 villam
1013 2039 1269 2072 accuratissime
1282 2039 1469 2083 explanans
1483 2037 1552 2070 ecli-

882 2098 936 2123 tus
960 2099 1009 2124 est
1026 2093 1139 2124 Romae
1162 2104 1182 2124 a
1202 2103 1215 2123 1
1228 2093 1290 2134 796
1307 2116 1315 2130 ‚
1338 2090 1405 2123 hoc
1428 2090 1549 2123 titulo:

882 2146 971 2175 Delie
992 2146 1072 2176 Ville
1088 2147 1124 2176 di
1138 2145 1243 2176 Plinio
1264 2145 1290 2174 il
1300 2145 1437 2186 giovmze
1452 2156 1550 2186 opera

882 2198 918 2227 di
932 2200 973 2229 D.
990 2199 1096 2228 Pleu-0
1116 2200 1268 2239 illasque:
1289 2198 1471 2228 Massicano
1491 2209 1549 2228 con

882 2251 1112 2291 un¹appendice
1123 2252 1159 2281 ,ςὶι
1170 2251 1219 2292 gli
1232 2251 1306 2292 Atrj
1316 2251 1401 2281 della
1414 2252 1443 2280 S.
1458 2250 1551 2280 Serit-

881 2310 969 2339 ται-α,
986 2314 1002 2331 e
1011 2303 1059 2344 gli
1068 2303 1212 2333 Scamilli
1223 2303 1340 2344 impari
1350 2303 1386 2332 di
1396 2301 1547 2332 Vitruvio.

881 2351 971 2385 Add.
996 2357 1095 2385 [seber
1112 2355 1173 2385 den
1196 2358 1359 2397 Ursprang
1376 2355 1429 2385 des
1453 2355 1549 2396 engli-

880 2407 972 2436 seben
987 2408 1087 2437 Parks
1099 2432 1107 2441 ‚
1124 2409 1211 2438 nebsc
1223 2408 1310 2437 einer
1323 2406 1547 2447 Vergleiclzung

881 2459 963 2489 eines
988 2460 1074 2489 alten
1090 2460 1262 2490 7·5miscl1e71
1282 2460 1384 2489 Parks
1403 2459 1456 2488 des
1469 2459 1549 2499 jlin-

877 2524 955 2553 get-n
978 2513 1100 2542 Plinius
1114 2513 1145 2543 in
1172 2513 1302 2543 Tuszien
1323 2512 1390 2541 und
1405 2523 1444 2541 zu
1464 2513 1547 2540 Lau-

880 2565 1060 2600 renlimmz;
1079 2566 1123 2595 im
1149 2576 1201 2596 12.
1225 2567 1268 2595 St.
1293 2564 1347 2594 des
1371 2563 1547 2593 Deum-hen

883 2618 1121 2658 Obstgiircners,
1152 2619 1232 2648 1801
1253 2640 1262 2654 ‚
1287 2628 1320 2646 2.
1342 2615 1547 2657 ΛότΙισιἹιιηὲτν

884 2669 1036 2700 ΙΓεῐηιιιΓ.
1050 2667 1254 2700 E.-Vertit
1263 2666 1354 2699 hanc
1366 2665 1546 2711 epistolam

878 2721 1073 2762 germanice
1091 2728 1119 2752 ct
1138 2720 1376 2763 interpretatus
1393 2726 1442 2751 cst
1458 2718 1544 2762 Aug.
