1742 2989
603 221 947 264 EPISTOLA
981 222 1064 263 VI.

1442 240 1525 284 291

121 315 165 349 et
196 303 377 364 recipit:
399 318 501 344 nam
529 300 708 360 expulsa
735 302 777 343 in
806 300 941 344 altum
970 302 1013 343 in
1040 316 1083 343 se
1109 300 1250 356 cadit,
1280 303 1532 364 junctisque

122 377 316 421 hiatibus
343 384 385 418 et
416 374 674 417 absorbetur
704 384 745 416 et
778 373 957 417 tollitur.
982 376 1017 417 E
1050 375 1227 433 regione
1255 374 1428 419 stibadii
1456 377 1534 420 ad-

125 466 297 493 versum
324 447 575 492 cubiculum
604 457 772 490 tantum
799 447 984 490 stibadio
1013 447 1155 490 reddit
1180 459 1383 503 ornatus,
1403 467 1537 510 quan-

106 523 221 566 'tum
243 521 403 582 accipit
426 520 480 563 ab
503 519 589 562 illo.
614 522 652 563 A
678 536 895 563 marmore
920 519 1135 580 splendet,
1156 519 1291 563 valvis
1316 521 1361 564 in
1383 522 1538 566 viridia
1565 528 1607 562 38

126 596 348 656 prominet
366 603 407 637 et
428 594 515 636 exit
538 610 547 635 ε
569 592 651 636 alia
673 593 826 636 viridia
847 593 1147 653 superioribus
1168 593 1537 655 inferioribusque

129 668 329 712 fenestris
349 666 528 727 suspicit
549 666 831 726 despicitque.
857 667 963 708 Mox
987 664 1211 709 zothecula
1232 666 1393 727 refugit
1416 670 1539 728 quasi

129 742 173 783 in
192 739 443 784 cubiculum
468 738 581 781 idem
606 748 735 798 atque
758 738 890 782 aliud.
912 740 1070 782 Lectus
1091 738 1181 790 hic,
1200 749 1242 782 et
1266 740 1461 800 undique
1482 740 1540 784 fe-

130 822 307 866 nestrae,
325 821 365 855 et
390 822 536 854 tamen
559 811 703 854 lumen
727 811 961 854 obscurum
982 812 1137 855 umbra
1164 823 1404 873 premente.
1425 815 1539 857 Nam
1568 812 1609 854 39

129 885 347 929 laetissima
374 885 473 928 vitis
503 901 580 944 per
604 901 733 927 omne
758 894 920 928 tectum
948 886 989 928 in
1022 885 1194 929 culmen
1221 887 1377 930 nititur
1402 897 1444 930 et
1469 887 1542 930 ad-

129 958 310 1002 scendit.
340 959 440 1001 Non
461 974 583 1002 secus
611 958 667 1000 ibi
686 993 696 1011 ⁷
722 973 852 1018 quam
876 959 920 1000 in
946 960 1299 1019 nemore‚jaceas
1323 978 1331 1004 :
1357 960 1539 1004 imbrem

133 1041 334 1086 tantum,
368 1040 577 1090 tanquam
614 1031 658 1073 in
694 1047 894 1083 nemore⁷
922 1047 1010 1073 non
1045 1033 1218 1075 sentias.
1254 1033 1337 1076 Hic
1368 1050 1543 1094 quoque

132 1105 226 1148 fons
265 1105 485 1158 nascitur,
517 1103 733 1163 simulque
765 1103 1037 1147 subducitur.
1068 1106 1181 1148 Sunt
1209 1104 1312 1149 locis
1343 1105 1543 1165 pluribus
1570 1112 1612 1147 40

131 1177 340 1238 disposita
368 1176 516 1220 sedilia
548 1194 570 1219 e
596 1193 838 1230 marmore,
866 1193 962 1236 quae
987 1176 1284 1221 ambulatione
1310 1178 1464 1233 fessos,
1494 1189 1542 1222 ut

133 1249 384 1295 cubiculum
421 1250 588 1310 ipsum,
619 1251 791 1310 juvant.
830 1250 1046 1293 Fonticuli
1082 1249 1287 1294 sedilibus
1323 1252 1544 1311 adjacent,

134 1340 212 1384 per
238 1332 379 1366 totum
413 1322 754 1383 hippodromum
791 1321 980 1365 inductis
1018 1322 1172 1367 fistulis
1202 1333 1402 1384 strepunt
1434 1325 1543 1381 rivi,

135 1405 207 1451 et,
233 1411 319 1455 qua
354 1411 508 1438 manus
540 1394 689 1449 duxit,
721 1405 976 1455 sequuntur.
1004 1396 1080 1439 His
1114 1412 1231 1439 nunc
1266 1396 1336 1439 illa
1366 1397 1544 1453 viridia⁷

134 1522 312 1556 continent
325 1547 333 1562 ,
351 1522 455 1568 poni,
476 1536 528 1556 res
549 1522 621 1568 ipsa
640 1523 805 1568 loquitur.

134 1576 254 1620 Margo
273 1582 388 1608 autem
405 1575 608 1620 intelligitur
627 1574 733 1621 ipsius
752 1575 808 1608 sti-

135 1627 246 1668 badii,
264 1627 300 1660 in
318 1640 389 1673 quo
413 1628 623 1660 accumbunt
641 1628 806 1672 hospites.

134 1681 184 1713 Ex
217 1680 392 1712 veteribus
424 1679 542 1712 formis
576 1680 807 1713 tricliniorum

136 1732 231 1779 apud
249 1732 493 1765 Mercurialem
509 1740 612 1776 atque
629 1733 712 1765 alios
725 1757 733 1772 ,
752 1745 809 1776 ap-

135 1793 255 1831 paret,
288 1785 384 1818 cibos
407 1784 461 1817 vel
492 1785 526 1816 in
555 1784 675 1827 eadem
694 1784 810 1817 libella

136 1850 196 1870 seu
212 1836 417 1870 horizontali
435 1836 525 1870 linea
538 1861 546 1876 ‚
567 1837 619 1869 vel
640 1849 709 1870 non
725 1836 811 1869 mul-

138 1898 210 1923 tum
223 1897 314 1923 certe
325 1889 427 1922 altius
437 1890 563 1934 positos
576 1889 693 1929 fuisse,
705 1902 810 1935 quam

138 1949 235 1976 erant
249 1941 328 1974 lecti
345 1941 561 1975 accubitorii.
583 1942 704 1987 Itaque
724 1954 811 1974 mar-

138 2008 182 2040 go
194 1994 250 2027 ille
266 1993 403 2027 stibadii
417 2001 552 2027 tantum
562 1993 698 2027 videtur
709 1994 811 2026 fuisse

140 2048 290 2081 elevatus
301 2071 309 2086 ‚
323 2054 361 2078 ut
375 2059 453 2079 cum
465 2046 612 2091 pulvinis
629 2047 662 2079 in
678 2047 812 2092 reliqua

137 2107 234 2145 parte
253 2099 372 2144 positis
382 2124 391 2139 ‚
403 2099 529 2144 quibus
546 2099 734 2132 fulciuntur
749 2099 813 2131 ho-

139 2152 241 2197 spites
256 2177 264 2191 ,
290 2160 493 2196 aequaretur.
520 2151 564 2184 G.
583 2173 627 2177 ——
643 2151 812 2197 Gierigius

140 2207 316 2247 marginem
326 2204 484 2249 intelligit
496 2217 564 2237 non
577 2204 714 2237 stibadii
727 2229 735 2245 ‚
751 2204 811 2238 sed

139 2257 227 2289 labri
246 2256 454 2295 marmorei,
472 2257 563 2290 circa
579 2257 675 2303 quod
695 2258 812 2291 convi-

142 2321 190 2341 vae
207 2309 426 2342 accumbant.
445 2309 485 2342 E.

174 2363 405 2404 ——J1cncci5que.
411 2387 417 2393 .
423 2364 564 2394 .toIIitm·.
572 2363 626 2395 Sic
634 2371 667 2395 et
674 2363 812 2396 Romfl.

189 2413 245 2446 38.
271 2418 300 2445 A
331 2426 489 2445 marmore
512 2417 665 2457 splendet.
694 2416 747 2449 Sic
780 2424 812 2448 et

141 2466 240 2499 Rom.
261 2465 305 2498 H.
321 2486 366 2490 --
382 2467 546 2499 Prominet
564 2477 595 2498 ec
616 2469 694 2500 εει-ίι.
711 2469 808 2500 Rom.

142 2520 303 2550 Prominet
319 2527 351 2549 ec
363 2520 453 2550 texit.
468 2518 510 2551 H.

190 2590 235 2594 —
253 2572 442 2603 zothecula.
457 2570 547 2603 Vide
565 2583 668 2615 supra
688 2570 732 2604 ad
751 2571 809 2606 lib.

143 2622 179 2654 Π
191 2647 199 2662 ,
219 2634 256 2666 17
269 2647 278 2662 ‚
295 2635 349 2656 21.
364 2624 433 2664 Qui
447 2625 610 2655 dia-culam
628 2624 682 2656 hic
698 2624 814 2658 defen-

145 2673 246 2714 dunt,
258 2688 328 2708 non
339 2676 487 2721 cogitare
500 2675 673 2716 videntur,
682 2679 814 2709 dicetatn

147 2738 219 2760 esse
232 2739 306 2762 non
320 2737 455 2774 partem
474 2736 533 2761 aut
551 2729 743 2762 membrum
759 2742 815 2763 cu-

872 1522 988 1556 biculo
1007 1523 1209 1569 adjunctum
1225 1536 1233 1564 ;
1251 1537 1370 1558 verum
1390 1525 1545 1570 pluribus

873 1575 983 1621 ipsam
1002 1577 1169 1609 cubiculis
1188 1585 1346 1611 constare
1358 1604 1367 1618 ‚
1384 1577 1479 1624 quod
1492 1578 1546 1611 vel

873 1641 912 1660 ex
930 1641 1030 1674 supra
1050 1630 1088 1662 31
1105 1654 1113 1669 ‚
1129 1630 1208 1662 satis
1224 1638 1371 1663 constat.
1390 1630 1545 1676 Denique

874 1680 901 1713 si
922 1681 980 1713 lib.
1006 1682 1039 1713 II
1054 1708 1063 1722 ‚
1090 1693 1143 1725 17,
1163 1694 1200 1714 21
1220 1707 1228 1721 ,
1248 1691 1340 1716 recte
1357 1684 1490 1716 zotheca
1505 1695 1544 1715 ex

874 1732 970 1765 libris
995 1735 1132 1778 optimis
1151 1734 1305 1767 restituta
1325 1743 1356 1766 et
1378 1735 1546 1779 explicata

875 1793 924 1817 est
939 1797 947 1824 ;
964 1785 1007 1818 de
1022 1788 1187 1818 zothecula
1201 1786 1256 1818 hic
1271 1799 1338 1818 non
1356 1794 1467 1833 potest
1483 1786 1546 1819 du-

874 1838 987 1870 bitari.
1004 1838 1047 1870 G.
1060 1838 1242 1871 —Rodius
1261 1839 1397 1884 corrigit
1415 1851 1422 1871 :
1440 1839 1544 1871 «Mox

874 1890 1052 1923 zothecula
1066 1890 1191 1936 refugit
1205 1916 1213 1931 ,
1229 1892 1326 1935 quasi
1343 1892 1545 1924 cubiculum

876 1942 967 1975 idern
989 1950 1090 1987 atque
1106 1942 1211 1976 aliud.
1231 1944 1264 1976 S.

925 1996 980 2038 39.
1013 1998 1149 2027 Imbrem
1171 2006 1315 2033 tantum,
1347 2003 1412 2028 etc.
1445 1996 1542 2028 Rom.

876 2051 1044 2089 Hymbrem
1060 2058 1182 2087 tamen,
1195 2058 1350 2090 tanquam
1361 2051 1392 2079 in
1405 2060 1542 2081 nemore.

878 2100 921 2133 H.
933 2101 1100 2134 -Locus
1112 2100 1264 2146 Gierigio
1278 2101 1350 2133 sine
1364 2113 1485 2133 caussa
1500 2101 1545 2133 vi-

879 2152 978 2185 detur
1002 2161 1183 2198 corruptus
1207 2166 1290 2186 esse.
1317 2154 1441 2187 Sensus
1467 2160 1543 2185 cst:

876 2217 945 2238 non
973 2217 1068 2239 secus
1089 2206 1159 2246 ibi,
1188 2218 1292 2251 quam
1317 2206 1349 2237 in
1381 2218 1542 2246 nemore,

876 2258 998 2290 umbra
1007 2258 1094 2291 fruai
1104 2256 1140 2292 is'
1137 2271 1145 2298 ;
1153 2268 1383 2304 praetereaque
1390 2270 1460 2291 non
1474 2271 1546 2291 sen-

876 2310 938 2343 tias
950 2310 1092 2343 imbrem
1105 2335 1113 2350 ‚
1130 2325 1147 2344 a
1161 2324 1230 2357 quo
1246 2324 1367 2344 nemus
1383 2319 1414 2343 te
1432 2319 1543 2343 tutum

876 2376 946 2395 non
961 2371 1105 2408 praestet.
1125 2364 1160 2397 S.

924 2420 979 2456 40.
1001 2418 1090 2447 Locis
1112 2419 1266 2459 pluribus.
1291 2414 1542 2461 Hippodrmffl,

877 2467 911 2499 in
925 2480 995 2512 quo
1007 2467 1235 2501 describendo
1250 2467 1363 2501 adhuc
1376 2475 1542 2500 versatur.

877 2520 921 2552 G.
936 2541 980 2544 —
994 2523 1155 2564 Disposita
1174 2523 1298 2552 sed1'liu.
1319 2521 1373 2553 Sic
1395 2528 1426 2552 et
1446 2521 1541 2552 Rom.

878 2571 1007 2605 Deinde
1029 2585 1036 2605 .·
1066 2573 1259 2606 «Fonticuli
1291 2571 1426 2604 sedibus
1451 2571 1544 2616 adja-

879 2634 955 2658 cent
971 2650 979 2665 ,
996 2638 1057 2671 per
1078 2633 1188 2658 totum
1207 2626 1471 2670 hippodromum
1498 2624 1543 2656 in>

879 2677 990 2710 ductis
1010 2679 1132 2712 fistulis
1152 2685 1305 2723 strepunt
1325 2677 1407 2715 rivi,
1427 2685 1458 2710 et
1475 2689 1540 2721 qun

879 2743 1002 2766 manus
1021 2730 1115 2765 duxit
1127 2757 1136 2770 ,
1152 2736 1356 2776 sequuntur.
1374 2728 1417 2761 H.

1270 2803 1339 2846 19.
