1742 2989
10 2743 17 2924 l

563 213 912 255 EPISTULA
947 213 1064 256 XII.
1431 208 1512 254 105

113 293 360 337 habendam
385 309 394 336 :
422 309 517 352 quae
537 294 751 336 sententia
766 327 777 348 ,
795 302 1021 354 tamquam
1046 292 1216 341 mitior,
1230 292 1356 345 vicit;
1378 308 1515 352 quum

114 368 169 411 sit
194 367 354 427 alioqui
379 365 530 409 durior
554 367 822 427 tristiorque.
850 366 971 424 Quid
994 367 1111 409 enim
1137 364 1516 424 111iserius‚'quam
1543 373 1561 405 3

115 450 333 484 exsectum
351 448 394 482 et
412 449 661 499 exemptum
677 439 918 484 honoribus
937 439 1163 483 senatoriis
1177 473 1188 494 ,
1210 437 1358 481 labore
1374 447 1415 480 et
1430 453 1520 480 mo-

115 512 236 557 lestia
261 529 349 555 non
376 510 555 555 carere?
586 511 706 569 Quid
732 513 906 573 gravius
923 547 935 567 ‚
963 529 1094 573 quam
1124 521 1247 555 tanta
1277 510 1521 571 ignominia

118 586 354 640 affectum,
396 601 487 628 non
524 585 568 627 in
607 583 841 629 solitudine
888 585 1022 629 latere
1044 620 1055 640 ‚
1090 583 1164 628 sed
1208 584 1254 627 in
1284 583 1367 627 hac
1397 581 1521 626 altis-

118 660 225 703 sima
240 658 413 719 specula
427 658 785 718 conspiciendum
801 675 845 702 se
864 658 1288 718 monstrandumque
1302 655 1523 717 praebere?

116 730 459 792 Praeterea‚quid
475 730 649 791 publice
665 732 809 776 minus
823 741 898 775 aut
913 748 1157 793 congruens
1169 767 1180 787 ‚
1193 740 1269 774 aut
1283 725 1521 773 decorum?

117 815 319 850 notatum
347 822 372 849 a
397 815 551 849 senatu
576 805 622 848 in
643 815 797 850 senatu
824 805 1002 850 sedere?
1024 806 1216 867 ipsisque
1244 803 1351 860 illis,
1376 820 1401 847 a
1421 805 1522 865 qui-

116 880 196 923 bus
217 881 273 924 sit
297 888 494 935 notatus7
520 879 712 939 aequari?
735 880 988 924 submotum
1009 895 1033 922 a
1056 877 1397 939 proconsulatu,
1421 879 1525 937 quia

116 970 160 997 se
186 955 231 996 in
257 952 474 1014 legatione
502 954 693 1014 turpiter
719 963 932 1014 gesserat,
960 953 1013 996 de
1042 951 1380 1014 proconsulibus
1402 952 1526 1012 judi-

117 1026 247 1070 care?
270 1026 615 1087 damnatumque
643 1027 944 1084 sordium‚vel
967 1026 1178 1070 danmare
1202 1025 1333 1083 alios,
1350 1025 1418 1069 vel
1446 1025 1526 1069 ab-

116 1099 314 1144 solvere?
342 1099 428 1144 Sed
461 1099 546 1143 hoc
573 1099 775 1161 pluribus
800 1101 940 1144 visum
969 1109 1044 1144 est.
1077 1101 1379 1144 Numerantur
1409 1100 1525 1143 enim
1552 1111 1569 1146 5

117 1174 366 1227 sententiae,
395 1190 486 1217 non
514 1173 817 1234 ponderantur
845 1190 854 1218 :

887 1191 968 1217 nec
995 1172 1114 1217 aliud
1142 1174 1187 1216 in
1218 1172 1395 1233 publico
1418 1189 1528 1216 con-

117 1245 213 1290 silio
247 1255 392 1307 potest
423 1246 542 1302 fieri3
574 1247 620 1290 in
649 1264 737 1308 quo
769 1246 880 1291 nihil
913 1257 977 1291 est
1008 1257 1098 1290 tam
1128 1246 1361 1307 inaequale,
1395 1262 1528 1307 quam

117 1318 341 1379 aequalitas
365 1319 459 1380 ipsa
484 1335 493 1362 :
513 1336 614 1363 nam
640 1337 777 1381 quum
802 1321 856 1364 sit
881 1321 1025 1382 impar
1042 1320 1277 1381 prudentia
1293 1355 1304 1376 ‚
1331 1336 1411 1380 par
1431 1337 1529 1363 om-

118 1393 242 1435 nium
263 1392 335 1452 jus
361 1401 436 1436 est.
464 1392 648 1453 Implevi
671 1394 956 1454 promissum,
984 1395 1230 1455 priorisque
1259 1391 1454 1454 epistolae
1475 1392 1529 1435 fi·
1554 1402 1575 1435 6

117 1465 218 1510 dem
248 1465 434 1523 cxsolvi,
461 1482 594 1526 quam
627 1483 680 1510 ex
710 1468 851 1528 spatio
883 1468 1094 1529 temporis
1125 1467 1216 1528 jam
1245 1466 1460 1526 recepisse
1488 1475 1531 1509 te

121 1538 279 1599 colligo
307 1557 316 1582 :
340 1556 443 1582 nam
480 1548 524 1583 et
560 1539 783 1584 festinanti
822 1551 864 1584 et
897 1540 1097 1602 diligenti
1128 1539 1356 1583 tabellario
1391 1539 1490 1582 dedi
1519 1556 1528 1581 :

118 1604 202 1647 nisi
231 1603 337 1664 quid
362 1604 667 1665 impedimenti
685 1606 730 1648 in
745 1606 815 1649 via
831 1622 980 1667 passus
1002 1615 1077 1650 est.
1101 1608 1206 1650 Tuae
1222 1622 1342 1649 nunc
1363 1614 1532 1666 partes,
1558 1633 1575 1661 7

122 1686 173 1721 ut
200 1679 394 1738 primum
423 1677 567 1732 illam,
595 1678 752 1722 deinde
778 1679 894 1723 hanc
922 1680 1215 1723 remunereris
1236 1677 1397 1733 literis,
1422 1693 1532 1738 qua-

120 1749 182 1793 les
208 1751 338 1794 istinc
356 1751 499 1795 redire
517 1751 748 1795 uberrimae
770 1762 966 1813 possunt.
989 1752 1112 1797 Vale.

121 1869 202 1889 nem
215 1858 342 1890 fecere.
354 1857 399 1890 H.
411 1878 457 1882 -—
468 1857 613 1891 Fallitur
623 1870 706 1903 ergo
717 1859 795 1891 Gie-

120 1910 230 1955 rigius
243 1935 253 1950 ‚
268 1910 374 1943 libros
389 1909 433 1943 ad
448 1923 558 1943 unum
571 1923 691 1943 omnes
705 1911 795 1943 exhi-

122 1962 204 1996 bere
227 1965 352 1995 acutius
376 1963 510 1995 minore
532 1962 645 1996 littera
673 1963 796 1996 initiali

122 2015 349 2048 contendens.
375 2015 476 2048 Certe
506 2016 681 2049 Romanus
709 2016 796 2049 liber

121 2067 215 2101 hanc
242 2068 358 2101 labem
387 2081 459 2101 non
486 2068 601 2101 traxit.
626 2068 797 2101 Caeterum

125 2134 205 2154 cum
223 2121 376 2167 Gierigio
401 2122 536 2153 Acutius
556 2124 663 2152 Nerva
688 2121 798 2154 editu-

124 2186 184 2206 rus
198 2180 271 2206 erat
287 2173 464 2206 Ernestius
476 2198 484 2213 ‚
501 2173 561 2218 qui
580 2172 623 2206 de
640 2174 707 2207 hoc
722 2175 798 2207 loco

127 2227 174 2259 sic
197 2238 205 2259 :
232 2227 309 2259 «Ita
333 2239 405 2259 non
430 2225 586 2259 duhitaw
609 2239 797 2272 reponere,

125 2279 320 2324 Gierigium
336 2286 472 2312 secutus
483 2303 492 2319 ‚
508 2278 568 2324 qui
582 2277 701 2312 docuit
716 2281 800 2314 Ner-

127 2345 208 2365 vam
233 2345 251 2365 e
280 2331 411 2364 familia
435 2333 640 2364 Acutiorum
669 2333 798 2374 fuisse,

126 2384 574 2430 FastosqueAlmelovenios
583 2399 614 2419 a.
625 2387 707 2419 Chr.
726 2399 736 2418 1
744 2400 799 2427 oo,

127 2449 198 2482 quo
217 2437 292 2470 haeo
311 2449 433 2470 caussa
453 2445 529 2470 acta
548 2438 589 2470 sit
606 2463 614 2478 ,
635 2438 799 2471 Acutium

127 2491 280 2523 Nervam
294 2516 303 2531 ‚
323 2498 355 2522 et
373 2489 504 2523 Julium
524 2491 686 2523 Ferocem
706 2492 798 2523 Con-

129 2543 221 2576 sules
239 2556 279 2576 ex
297 2543 372 2576 Cal.
396 2544 582 2576 Novembr.
605 2543 796 2576 nominare.

130 2595 184 2628 Sic
197 2596 292 2629 locus
305 2596 430 2641 planus
444 2622 452 2637 ,
464 2597 522 2642 qui
541 2604 641 2629 antea
653 2603 798 2629 torserat

131 2647 328 2694 interpretes
341 2674 350 2689 ‚
371 2662 479 2695 quum
502 2659 627 2681 acutius
645 2648 798 2682 adverbii

138 2700 208 2732 vim
225 2701 353 2734 habere
371 2710 544 2747 putarent.
561 2720 575 2731 n
593 2703 627 2735 S.

182 2753 214 2785 3.
229 2757 400 2787 Exseccum
416 2754 563 2788 offendit
577 2755 716 2788 multos.
735 2755 801 2788 Alii

860 1869 1011 1890 exactum
1027 1885 1037 1898 ,
1073 1859 1130 1892 alii
1165 1869 1296 1891 exutum
1329 1857 1532 1902 conjiciunt.

861 1915 1041 1950 Esset-are,
1059 1912 1202 1945 verbum
1217 1912 1349 1944 bonum
1363 1935 1372 1950 ,
1389 1909 1533 1943 transla-

860 1971 935 1996 tum
954 1978 1048 1998 nunc
1072 1973 1121 1998 est
1143 1977 1163 1998 a
1185 1963 1329 1997 medicis
1347 1970 1465 2008 partes
1483 1962 1535 1995 vi-

861 2016 966 2049 tiosas
978 2042 987 2057 ,
999 2030 1084 2062 quas
1099 2029 1220 2051 sanare
1230 2022 1410 2062 nequeunt
1421 2039 1430 2055 ‚
1445 2027 1536 2047 rese-

862 2070 1033 2102 cantibus.
1049 2071 1115 2103 En.
1131 2090 1177 2095 —
1194 2072 1320 2101 Labore
1334 2078 1366 2099 ec
1377 2069 1535 2099 molestia.

863 2123 962 2155 Rom.
983 2125 1158 2154 Laboribus
1172 2132 1202 2154 ec
1213 2124 1369 2153 molestia.
1384 2120 1430 2153 H.

909 2195 955 2200 ·—-
976 2178 1040 2207 Sed
1059 2178 1091 2207 in
1115 2177 1197 2214 hac,
1219 2181 1285 2208 etc.
1305 2176 1403 2206 Rom.
1424 2175 1488 2205 Sed
1503 2175 1536 2205 in

864 2230 925 2260 hac
935 2254 945 2267 ,
967 2230 998 2259 in
1022 2230 1177 2259 altissima
1195 2229 1324 2270 specula
1343 2228 1537 2270 conspicien-

865 2283 951 2313 dum.
969 2280 1014 2313 H.

912 2339 943 2374 [3.
960 2337 1027 2365 Aac
1039 2345 1228 2377 congruens.
1246 2357 1253 2363 .
1269 2357 1276 2363 .
1293 2346 1330 2364 .a
1344 2342 1468 2363 senatu.
1483 2330 1538 2364 Sic

865 2395 897 2420 et
916 2388 1013 2419 Rom.
1033 2385 1077 2418 H.
1099 2406 1144 2410 —
1159 2388 1343 2416 Submocum
1363 2397 1383 2415 a
1400 2396 1538 2426 procon-

865 2442 982 2472 sulatu.
998 2440 1096 2471 Rom.
1110 2442 1153 2470 Ec
1166 2440 1343 2470 submotum
1357 2450 1378 2468 α
1388 2449 1479 2479 proc.
1491 2435 1536 2468 H.

864 2491 1090 2537 ——Copulam
1101 2490 1229 2535 recepit
1238 2490 1388 2523 Cortius.
1402 2488 1540 2521 Habent

863 2544 967 2577 etiam
982 2544 1149 2589 Excerpta
1170 2542 1376 2576 Brummeri.
1396 2541 1431 2575 S.

924 2610 956 2637 7.
989 2600 1104 2639 Quales
1131 2598 1222 2628 istinc
1246 2597 1350 2627 redite
1373 2597 1539 2627 uberrima’

860 2660 1005 2693 possunt.
1029 2650 1167 2682 Dictum
1193 2656 1243 2681 est
1259 2673 1268 2688 ,
1291 2658 1445 2691 quantum
1470 2660 1537 2678 am-

860 2705 1037 2746 plissimum
1050 2728 1058 2739 ,
1080 2702 1167 2735 infra
1181 2727 1190 2742 ‚
1207 2714 1260 2747 ep.
1282 2702 1321 2734 13
1335 2726 1344 2741 ‚
1370 2713 1422 2733 10.
1438 2701 1536 2734 Rom.

869 2762 984 2789 tamen
1003 2757 1167 2787 uberrime.
1185 2754 1214 2786 H
