1742 2989
206 350 993 362 mmmmmmmmmwsmmwu
997 346 1392 360 mswsmwszsmvu-
1399 346 1553 357 mmm·-
1557 346 1579 354 ›s-

802 487 978 543 VIII.

189 652 437 699 Admonitus,
460 661 501 689 ut
529 652 723 689 historiam
752 650 953 695 scriberet,
976 649 1183 699 respondet
1206 648 1277 685 sibi
1301 648 1401 684 idem
1428 647 1596 693 stetisse,

242 731 466 768 caussasque
489 717 633 754 consilii
657 717 707 753 ita
730 716 907 766 exponit,
928 723 969 751 ut
991 714 1189 751 discrimen
1217 714 1326 749 simut
1353 712 1535 748 orationis
1562 719 1598 747 et

240 783 406 820 historiae
436 783 619 819 ostendat.
650 783 804 831 Effingit
829 781 909 817 haec
936 781 1095 831 epistola
1116 780 1279 816 fideliter
1307 787 1435 814 aestum
1462 778 1598 823 animi,

240 848 305 897 qui
340 848 564 884 vehemente
602 846 764 896 quadam
804 845 1009 896 cupiditate
1049 845 1218 894 angitur,
1251 857 1374 892 neque
1412 855 1480 892 per
1513 855 1599 877 eum

240 913 436 963 quiescere
454 912 531 948 ullo
549 920 720 960 tempore
738 919 873 960 potest.
892 909 1065 946 Modcste
1085 917 1208 945 tamen
1226 907 1286 944 hic
1306 907 1352 943 de
1373 920 1410 943 se
1431 906 1601 955 loquitur

242 984 278 1012 et
296 976 452 1025 judicat.
476 979 545 1012 En.

461 1128 499 1155 c.
538 1126 770 1155 PLINIUS
804 1124 1080 1154 CAPITONI
1108 1107 1125 1125 *
1162 1123 1263 1152 suo
1300 1123 1333 1151 s.

258 1260 465 1310 SUAmzs,
500 1267 549 1300 ut
580 1257 807 1299 historiam
841 1254 1053 1308 scribam,
1082 1262 1125 1296 et
1156 1251 1308 1295 suades
1339 1267 1429 1293 non
1456 1248 1600 1293 solus:

195 1331 320 1374 multi
347 1332 430 1374 hoc
456 1346 525 1373 me
552 1330 708 1389 saepius
737 1337 1032 1381 monuerunt,
1060 1336 1101 1369 et
1128 1342 1208 1386 ego
1234 1323 1357 1379 volo,
1387 1340 1474 1366 non
1501 1323 1605 1383 quia

197 1404 426 1448 commode
449 1404 667 1447 fiacturuin
694 1418 783 1444 esse
809 1400 1008 1455 confido,
1031 1399 1094 1459 (id
1115 1399 1230 1440 enim
1251 1407 1413 1440 temere
1434 1395 1604 1447 eredas.

196 1479 281 1521 nisi
309 1488 512 1537 expertus
530 1486 568 1532 7>
600 1476 671 1519 sed
701 1476 802 1536 quia
831 1474 938 1517 mihi
967 1472 1198 1533 pulchrum
1231 1471 1272 1512 in
1304 1470 1455 1530 primis
1483 1468 1604 1511 vide-

198 1561 294 1606 tur⁷
319 1568 404 1593 non
434 1550 523 1610 pati
557 1549 780 1600 occidere,
809 1548 968 1607 quibus
996 1546 1214 1589 aeternitas
1239 1543 1467 1594 debeatur,
1496 1542 1605 1585 alio—

200 1640 385 1683 rumque
406 1622 565 1665 famam
589 1639 686 1665 cum
714 1638 789 1664 sua
813 1619 1060 1663 extendere.
1088 1620 1162 1661 Me
1182 1627 1328 1661 autem
1351 1615 1459 1659 nihit
1485 1632 1606 1675 aeque

199 1715 249 1741 ac
278 1697 581 1740 diuturnitatis
603 1712 726 1738 amor
751 1704 794 1737 et
813 1692 974 1753 cupido
997 1691 1199 1736 sollicitat
1223 1708 1231 1734 ε
1261 1707 1326 1733 res
1350 1690 1524 1733 homine
1551 1688 1610 1731 di-

200 1772 426 1833 gnissima,
454 1769 693 1831 praesertim
721 1769 795 1829 qui
823 1766 983 1810 nullius
1009 1766 1089 1809 sibi
1116 1764 1315 1808 conscius
1340 1762 1503 1822 culpae,
1529 1778 1607 1821 po-

201 1847 406 1890 steritatis
428 1845 685 1887 memoriam
710 1859 796 1885 non
821 1839 1087 1884 reformidet.
1111 1841 1265 1899 Itaque
1293 1837 1444 1880 diebus
1467 1852 1517 1878 ac
1537 1852 1609 1878 no-

200 1920 342 1964 ctibus
372 1919 518 1978 cogito
535 1953 546 1973 ‚
573 1918 604 1960 si
631 1933 723 1976 qua
752 1932 819 1958 me
842 1931 1020 1974 quoque.
1036 1917 1211 1976 possim
1243 1911 1417 1954 Tollere
1444 1910 1609 1952 humo:

202 1993 263 2054 (id
287 1994 404 2036 enim
433 2001 534 2035 voto
556 2007 654 2033 meo
679 1989 839 2034 sufficit
864 2005 871 2032 :
895 1987 1002 2031 illud
1029 2003 1161 2047 supra
1187 1984 1358 2045 votum)
1379 1986 1610 2041 victorque

246 2125 375 2157 Vnt*
398 2125 559 2167 Capitoni.
586 2123 646 2154 Est
670 2122 742 2154 sine
765 2120 871 2154 dubio

205 2181 338 2211 Titinius
359 2179 492 2220 Capito,
516 2182 759 2208 ornamentum
783 2173 872 2206 illius

937 2116 1032 2165 quod
1056 2117 1184 2151 semine
1206 2116 1309 2161 hujus
1338 2113 1487 2147 maxime
1519 2112 1611 2145 dele-

937 2179 1086 2204 ctantur.
1100 2171 1133 2204 S.
1143 2190 1188 2194 -—
1199 2169 1525 2211 Nonpatioccidere,
1543 2168 1612 2209 qui-

201 2231 365 2276 temporis
377 2255 385 2269 ‚
420 2229 476 2274 qui
513 2229 661 2261 excitare
694 2236 726 2260 et
756 2227 872 2259 fovere

200 2286 294 2318 bona
312 2283 449 2328 ingenia
468 2282 611 2315 solebat.
634 2281 698 2312 ΕΙ).

252 2349 282 2370 1.
298 2339 393 2368 Multi
405 2338 465 2367 hoc
480 2348 528 2366 me
542 2337 657 2376 soepius
672 2347 759 2366 mon.
772 2334 870 2365 Rom.

205 2393 302 2423 Multi
318 2403 366 2422 me
380 2391 438 2421 Ιιοε
452 2401 535 2431 sa'pe
555 2396 757 2419 monuerunt.
773 2386 816 2417 H.
829 2405 874 2409 -——

203 2447 375 2475 Facturum
395 2455 458 2474 esse
485 2442 624 2485 confido.
649 2439 700 2471 Sic
722 2446 753 2471 et
773 2439 870 2470 Rom.

204 2496 394 2528 H.—C0rt.
407 2502 438 2527 et
448 2493 577 2537 Gierig.
588 2494 748 2536 confidam
757 2517 767 2529 ,
780 2489 874 2536 quod

203 2549 357 2593 praefero.
375 2545 566 2580 Columella
582 2545 668 2576 VIII
682 2568 689 2582 ,
708 2556 742 2586 9,
757 2542 875 2575 lauda-

204 2608 259 2633 tus
280 2601 314 2633 in
338 2601 458 2632 Horat.
478 2597 627 2630 Tursell.
649 2597 737 2640 Cap.
762 2595 874 2634 CLII,

207 2653 247 2686 35
269 2665 276 2685 ε
300 2669 313 2681 α
327 2654 396 2685 Nec
416 2652 497 2697 quia
514 2651 627 2683 tritico
638 2649 690 2681 vel
710 2647 781 2681 aliis
808 2648 877 2679 fru-

206 2714 329 2738 mentis
358 2705 472 2738 minus
499 2708 728 2736 crassescant.
756 2711 875 2731 verum

939 2228 992 2256 bus
1004 2225 1167 2256 oeternitas
1176 2224 1338 2253 debeatur.
1351 2222 1448 2253 Rom.
1460 2222 1532 2251 Non
1538 2220 1613 2261 pati

938 2279 1091 2314 occidere,
1104 2278 1215 2319 quibus
1222 2276 1383 2306 (eternitas
1391 2275 1530 2309 debetur,
1540 2271 1590 2304 sin
1596 2284 1612 2302 e

939 2329 1107 2362 adsuticio
1127 2340 1243 2373 panno
1261 2327 1319 2359 illo
1338 2326 1551 2358 Florentino.
1566 2323 1610 2355 H.

990 2396 1019 2415 2.
1037 2386 1091 2413 Me
1107 2383 1188 2412 nihil
1202 2393 1311 2423 (eque,
1332 2387 1396 2411 etc.
1412 2379 1510 2410 Rom.
1529 2393 1542 2404 c«
1555 2376 1612 2407 Me

941 2443 1055 2468 autem
1070 2434 1155 2467 nihil
1171 2433 1258 2478 aequi
1273 2445 1311 2465 ac
1328 2429 1562 2464 diuturnitatis
1581 2436 1613 2460 et

941 2487 1068 2520 amoris
1079 2486 1204 2531 cupido
1217 2485 1395 2523 sollicitat,
1407 2495 1460 2515 res
1471 2481 1613 2513 homine

940 2539 1151 2584 dignissima.
1167 2555 1180 2567 »
1197 2538 1357 2582 Suspicor
1371 2548 1408 2569 ex
1425 2535 1536 2579 glossa
1554 2535 1613 2566 ali-

941 2593 1024 2639 quid
1039 2592 1239 2628 accessisse,
1259 2597 1291 2622 et
1309 2588 1401 2634 prius
1421 2587 1524 2620 fuisse
1543 2589 1613 2618 diu-

943 2647 1107 2678 turnitatis
1123 2646 1250 2686 cupido.
1266 2642 1309 2674 H.

992 2699 1022 2731 3.
1036 2700 1146 2739 Siqua
1161 2709 1209 2727 me
1222 2706 1357 2737 quoque.
1370 2692 1468 2736 Virg.
1483 2691 1611 2734 Georg.
