1757 2880
227 187 253 214 L
689 170 726 210 J.
762 168 812 210 A.
851 167 1178 210 ERNESTM

227 251 384 303 verba,
413 261 490 295 aut
521 251 651 293 etiam
683 248 841 308 corrigi
873 246 1094 291 deberent.
1125 249 1177 289 In
1203 261 1291 306 quo
1318 261 1475 307 genere
1501 246 1628 289 etiam

227 325 310 369 hoc
334 325 473 369 facere
500 323 833 377 consuevimus,
861 330 908 364 ut
935 320 987 364 ad
1014 319 1448 364 animadvertendum
1474 319 1631 362 excita-

227 415 371 442 remus
401 397 645 452 auditores,
670 412 759 438 non
786 394 917 437 modo
944 394 1003 437 ita
1031 410 1077 437 re
1103 391 1384 453 explicanda,
1405 401 1453 435 ut
1479 392 1561 451 ipsi
1586 392 1632 435 in

227 473 341 515 viam
374 469 617 531 reperiendi
649 468 997 523 deducerentur,
1024 466 1096 510 sed
1125 466 1253 509 etiam
1283 463 1632 507 demonstrandis

226 544 354 597 locis,
372 560 467 605 quae
488 543 639 586 vitiosa
660 551 913 602 putaremus
927 575 938 596 ,
957 549 1000 583 et
1019 539 1112 582 vitii
1134 537 1305 582 latentis
1322 547 1415 580 tum
1433 537 1630 580 animad-

225 618 492 672 versionem,
510 626 602 659 tum
631 614 947 658 correctionem
971 613 1021 656 iis
1047 611 1406 672 relinqueremus.
1434 612 1544 667 Quae
1568 626 1632 653 res

227 690 288 733 ita
316 690 426 733 bene
457 689 606 744 cessit,
632 697 681 730 ut
707 703 795 730 non
827 702 950 741 raro,
979 686 1122 746 primo
1154 700 1263 727 verae
1293 683 1584 727 correctiones
1610 699 1634 725 a

226 761 428 823 pluribus
463 762 633 821 scriptae
667 760 794 803 nobis
832 758 1130 813 traderentur,
1157 766 1255 817 post
1293 756 1424 799 etiam
1464 755 1633 806 statim,

227 853 365 896 quum
388 836 667 895 jussissemus
688 833 830 877 dicere
854 832 1020 893 palam,
1047 832 1082 875 si
1109 831 1205 890 quis
1232 829 1416 884 videret,
1443 827 1549 888 quid
1574 829 1633 870 vi-

226 910 387 952 tiosum
407 917 538 963 esset,
557 906 778 968 quomodo
800 905 962 966 corrigi
984 904 1176 959 deberet,
1197 902 1315 963 quod
1336 918 1486 945 verum
1507 911 1633 952 esset,

226 981 291 1025 vei
311 983 402 1042 ipse
421 982 465 1023 in
487 981 634 1024 animo
654 980 880 1035 haberem,
899 995 924 1021 a
942 976 1165 1021 nonnullis
1192 975 1457 1036 reperiretur
1476 983 1517 1018 et
1534 991 1633 1035 pro-

225 1055 521 1097 nunciaretur.

291 1129 392 1169 Haec
416 1143 440 1169 a
461 1126 588 1168 nobis
607 1125 692 1168 hoc
720 1124 814 1168 loco
837 1123 951 1167 dicta
974 1132 1097 1177 sunt,
1118 1137 1207 1164 non
1231 1131 1319 1163 tam
1346 1129 1395 1163 ut
1420 1121 1635 1163 rationem

228 1198 505 1242 redderemus
532 1198 837 1242 institutorum
867 1206 1144 1251 nostrorum,
1172 1204 1247 1237 aut
1274 1203 1322 1237 ut
1353 1193 1459 1237 alios
1487 1192 1542 1236 ad
1566 1208 1635 1236 eo-

227 1289 326 1314 rum
361 1272 649 1314 imitationem
684 1286 963 1323 vocaremus3
999 1283 1252 1328 quanquam
1282 1266 1367 1310 hoc
1400 1281 1576 1326 quoque
1598 1281 1636 1318 va

228 1360 413 1403 persona
438 1353 587 1386 nostra
616 1359 705 1386 non
736 1342 925 1385 alienum
958 1341 1095 1395 foret;
1122 1339 1194 1383 sed
1223 1349 1271 1382 ut
1298 1338 1635 1399 intelligeretur,

228 1415 450 1475 quomodo
479 1426 581 1459 nata
607 1416 692 1458 sint
716 1432 786 1471 ea,
812 1431 906 1475 quae
932 1414 1016 1457 hoc
1040 1423 1236 1473 tempore
1260 1413 1451 1472 repetitae
1474 1410 1634 1454 Plinia-

230 1504 389 1530 norum
418 1488 680 1547 scriptorum
707 1487 886 1530 editioni
913 1486 1191 1530 Gesnerianae
1216 1484 1411 1529 addenda
1441 1484 1635 1544 permisi-

230 1577 352 1615 mus,
372 1576 508 1620 quum
538 1559 741 1602 librarius
768 1576 862 1602 eam
887 1559 1046 1602 habere
1076 1557 1240 1618 aliquid
1266 1557 1405 1600 nostri
1431 1565 1634 1616 cuperet,

230 1633 354 1691 cujus
379 1633 510 1675 etiam
538 1632 678 1691 prima
699 1631 864 1692 aliquid
885 1631 1120 1675 habuisset.
1146 1631 1370 1674 Pertinent
1388 1639 1531 1672 autem
1552 1627 1635 1688 ple-

232 1722 365 1765 raque
391 1704 454 1747 vel
481 1704 534 1747 ad
562 1721 734 1748 sensum
759 1705 1021 1761 verborum,
1038 1703 1103 1747 vel
1124 1703 1178 1746 ad
1200 1702 1547 1746 emendationem
1569 1718 1635 1744 eo-

230 1795 351 1833 rum,
378 1778 422 1820 in
450 1777 608 1837 quibus
634 1778 760 1820 nobis
789 1777 954 1838 aliquid
979 1778 1116 1820 inesse
1142 1777 1235 1819 vitii
1265 1775 1494 1818 videbatur
1518 1791 1527 1817 :
1555 1774 1632 1817 ad-

232 1867 377 1910 spersa
394 1860 538 1893 tamen
559 1849 688 1892 etiam
710 1859 810 1892 sunt
825 1849 1021 1910 quaedam
1043 1849 1097 1892 ad
1119 1847 1450 1908 intelligentiam
1469 1862 1634 1900 rerum,

230 1923 422 1982 itemque
459 1921 513 1964 ad
543 1921 759 1980 judicium
799 1923 1041 1966 oratorium
1077 1920 1352 1982 pertinentia.
1387 1921 1438 1962 In
1472 1919 1632 1979 quibus

231 1995 436 2037 omnibus
471 1995 505 2037 si
535 1993 641 2053 quid
675 2003 763 2049 est,
795 1995 838 2037 in
866 2012 953 2055 quo
985 2012 1136 2038 verum
1167 1994 1378 2047 vidimus,
1408 2001 1482 2034 aut
1513 1992 1632 2052 quod

231 2069 372 2111 Plim'z'
387 2067 618 2110 lectoribus
639 2067 839 2126 prodesse
865 2067 917 2110 ad
937 2067 1265 2128 intelligendum
1287 2075 1330 2109 et
1342 2064 1629 2125 judicandum

234 2141 390 2199 possit,
416 2139 526 2182 bene
552 2156 630 2182 nos
656 2155 834 2198 operam
860 2155 1037 2182 navasse
1065 2139 1330 2199 putabimus.

278 2271 320 2299 N.
340 2271 378 2299 B.
394 2267 492 2299 Hanc
508 2274 666 2299 notarum
689 2273 834 2311 segetem
850 2293 858 2308 ,
879 2266 922 2299 de
939 2267 1066 2311 quibus
1085 2266 1142 2298 hic
1161 2265 1268 2298 modo
1287 2265 1464 2298 Ernestius
1477 2289 1485 2304 ‚
1501 2271 1531 2297 et
1548 2277 1630 2310 quas

233 2335 303 2356 uno
318 2321 484 2355 fasciculo
501 2321 660 2355 collectas
676 2322 859 2354 acervatim
876 2322 910 2354 in
926 2321 1180 2367 prolegomenis
1195 2328 1391 2365 seposuerat
1407 2319 1450 2352 G.
1465 2319 1509 2352 H.
1523 2319 1630 2352 Scn'ffi-

234 2388 299 2410 FER
312 2402 320 2417 ‚
337 2389 398 2409 nos
413 2377 544 2410 solvere
558 2376 753 2409 curavimus
768 2388 776 2415 ;
794 2384 824 2408 et
844 2376 997 2421 singulas
1012 2389 1073 2409 suo
1093 2375 1168 2409 loco
1182 2376 1362 2421 rescriptas
1375 2400 1382 2415 ‚
1398 2374 1629 2420 Epis-‘olarum

235 2440 266 2464 et
283 2432 482 2478 panegyrici
496 2432 620 2465 Textui
637 2432 844 2477 subjecimus
859 2432 1058 2478 diligenter,
1074 2440 1110 2465 ut
1126 2435 1237 2465 melior
1252 2432 1438 2477 utiliorque
1454 2443 1553 2474 opera
1570 2443 1630 2462 na-

236 2498 362 2519 varetur
376 2487 576 2532 legentibus.

1382 2532 1424 2565 N.
1450 2532 1490 2564 E.
1516 2532 1557 2564 L.

700 2648 703 2649 γ
741 2647 745 2649 r
761 2637 1265 2659 ,4:5W3fflN—w—
