1742 2989
592 202 937 245 EPISTULA
974 204 1069 245 ill.

1453 205 1534 258 145

135 283 168 326 si
199 283 390 326 imbutus
421 283 613 325 honestis
634 283 800 326 artibus
825 283 981 337 fuerit,
1009 299 1116 344 quas
1144 284 1382 345 plurimum
1406 287 1538 330 refert

133 372 157 399 a
183 373 270 416 quo
308 356 583 416 potissimum
613 356 810 416 accipiat.
847 356 1004 400 Adhuc
1038 355 1159 400 illum
1195 358 1394 417 pueritiae
1426 361 1537 403 ratio
1565 371 1581 384 ’“

132 429 247 472 intra
277 428 615 473 contubernium
642 437 768 471 tuum
798 429 964 484 tenuit,
987 439 1276 489 praeceptores
1311 429 1429 473 domi
1461 431 1535 474 ha-

132 503 247 557 buit,
266 503 341 546 ubi
368 511 432 546 est
457 501 523 545 vel
550 502 771 545 erroribus
796 503 987 557 modica,
1010 502 1077 545 vel
1103 503 1233 545 etiam
1254 502 1375 546 nulla
1401 513 1538 547 mate-

130 577 208 620 ria.
244 579 338 619 Jam
371 575 514 619 studia
543 576 634 635 ejus
669 585 792 619 extra
824 575 958 618 limen
987 574 1252 635 proferenda
1289 585 1416 631 sunt,
1446 576 1536 636 jam

129 648 547 710 circumspiciendus
573 649 723 692 rhetor
748 649 951 702 Latinus⁷
978 649 1101 708 cujus
1131 648 1288 692 scholae
1309 650 1537 703 severitas,

129 721 294 782 pudor,
332 723 376 765 in
415 723 567 783 primis
605 722 801 776 castitas,
831 731 1012 766 constet.
1053 722 1186 766 Adest
1219 723 1337 766 enim
1372 723 1537 768 adoles-

127 797 242 839 centi
272 805 451 849 nostro,
479 813 580 839 cum
619 797 773 840 ceteris
810 805 979 839 naturae
1013 795 1289 856 fortunaeque
1327 796 1503 841 dotibus
1526 833 1536 851 ‚

127 869 281 912 eximia
316 870 513 930 corporis
546 868 830 929 pulchritudo
856 885 866 912 :
894 870 964 912 cui
996 870 1041 912 in
1076 869 1159 913 hoc
1196 868 1367 913 lubrico
1399 871 1536 913 aetatis

126 958 215 985 non
241 953 484 1003 praeceptor
513 942 645 986 modo
664 977 674 996 ‚
712 942 786 986 sed
820 951 965 986 custos
1000 943 1130 985 etiam
1165 951 1396 1003 rectorque
1423 960 1536 1004 quae-

126 1014 287 1058 rendus
305 1025 381 1059 est.
405 1015 566 1059 Videor
586 1032 667 1076 ego
691 1015 991 1059 demonstrare
1018 1016 1097 1058 tibi
1122 1031 1247 1076 posse
1266 1015 1431 1058 Julium
1452 1018 1536 1060 Ge-

126 1089 326 1132 nitorem.
360 1091 546 1133 Amatur
577 1105 600 1132 a
635 1106 704 1132 me
732 1106 741 1133 :

770 1088 938 1148 judicio
970 1099 1116 1132 tamen
1144 1105 1242 1131 meo
1269 1105 1359 1132 non
1389 1089 1539 1133 obstat

125 1162 282 1205 caritas
309 1162 527 1215 hominis,
557 1179 652 1223 quae
683 1179 735 1205 ex
760 1162 927 1222 judicio
954 1172 1059 1205 nata
1079 1172 1154 1205 est.
1180 1163 1263 1205 Vir
1294 1171 1358 1205 est
1388 1179 1536 1206 emen-

125 1234 251 1279 datus
272 1245 315 1279 et
343 1236 516 1296 gravis:
550 1235 699 1297 paullo
731 1237 862 1279 etiam
890 1235 1113 1280 horridior
1138 1246 1180 1279 et
1208 1236 1386 1290 durior,
1416 1246 1465 1279 ut
1492 1238 1536 1279 in

125 1307 206 1352 hac
233 1307 407 1353 licentia
430 1319 696 1371 temporum.
721 1310 950 1367 Quantum
975 1309 1226 1370 eloquentia
1252 1309 1414 1363 valeat,
1442 1309 1536 1370 plu·
1563 1327 1582 1358 6

171 1448 204 1481 3.
228 1450 378 1480 Pueritioe
403 1451 508 1487 ratio,
535 1448 610 1494 ipsa
634 1448 794 1493 pueritia.

122 1500 223 1533 Pueri
238 1500 274 1533 in
293 1503 498 1533 contubernio
517 1513 637 1534 eorum
656 1513 727 1534 esse
744 1500 796 1533 di-

122 1553 301 1593 cebantur,
310 1566 329 1586 a
337 1554 463 1599 quibus
472 1552 722 1588 educabantur.
731 1554 794 1586 ΕΒ.

122 1626 167 1629 -
184 1608 244 1638 Ubi
260 1616 306 1638 est
322 1610 379 1639 vel
395 1609 565 1639 erroribus.
583 1607 635 1639 Ne
654 1606 731 1651 quis
750 1614 796 1639 te-

122 1669 216 1691 mere
230 1658 294 1692 ista
307 1666 509 1704 transponat
521 1684 530 1699 ‚
546 1659 707 1704 legatque
719 1684 727 1699 ‚
743 1662 797 1691 ubi

121 1720 167 1741 est
190 1713 348 1742 erroribus
370 1714 426 1743 vel
449 1714 595 1749 modica,
619 1714 675 1743 vel
697 1714 794 1743 eciam

121 1765 212 1794 nulla
239 1765 395 1800 maceria,
428 1763 610 1796 intercedit
643 1763 793 1795 aliorum

121 1826 203 1846 usus
227 1822 382 1847 ostensus
409 1827 428 1847 a
450 1815 655 1860 Wopkenio
680 1816 791 1848 Lectt.

121 1865 217 1899 Tull.
249 1868 265 1899 I
284 1892 292 1906 ,
319 1880 352 1911 7.
381 1866 447 1900 Sed
475 1867 534 1912 qui
558 1880 624 1900 usu
648 1866 790 1906 didicit,

122 1926 293 1962 quantum
304 1919 366 1951 sibi
378 1920 412 1951 in
424 1918 593 1952 mutando
606 1920 792 1952 verborum

120 1969 243 2003 ordine
253 1972 461 2016 sumpserint
475 1971 625 2011 librarii,
638 1972 695 2003 ille
706 1972 793 2004 mul-

120 2030 194 2056 tum
214 2024 317 2057 etiam
339 2024 395 2056 hic
415 2024 518 2057 licere
538 2024 666 2057 Critico
690 2024 791 2057 intel-

120 2074 214 2120 liget.
235 2076 278 2109 G.
294 2097 340 2102 —-
359 2076 413 2110 Cf.
433 2077 575 2110 Crever.
593 2075 637 2109 ad
651 2077 791 2109 Livium

120 2127 218 2161 Praef.
242 2130 276 2163 S.
296 2149 343 2154 ——
364 2131 463 2162 Rom.
489 2132 549 2161 Ubi
568 2140 613 2162 est
632 2132 791 2162 erroribus

122 2183 250 2212 modica
267 2184 322 2213 vel
335 2184 425 2214 nulla
441 2184 589 2215 materia.
609 2182 652 2215 H.

168 2254 214 2258 —
232 2236 359 2271 Pudor,
382 2236 413 2265 in
432 2237 548 2277 primis
567 2237 710 2267 castium.
736 2235 792 2268 Sic

121 2284 360 2318 incidendum.
379 2289 490 2319 Pudor
506 2287 597 2319 enim
615 2287 716 2320 latius
734 2300 792 2332 pa-

121 2345 168 2371 tet
185 2363 194 2378 ‚
215 2346 247 2370 et
267 2351 407 2370 omnem
434 2340 546 2372 omnis
567 2340 791 2386 turpitudinis

120 2398 252 2423 metum
272 2391 444 2435 significat
460 2403 468 2431 ;
489 2393 663 2438 praecipua
682 2392 791 2438 pudo-

118 2443 164 2476 ris
180 2456 258 2488 pars
277 2452 326 2477 est
345 2446 497 2482 castitas,
514 2457 588 2490 quae
605 2453 702 2478 tanto
720 2458 792 2478 ma-

119 2496 167 2540 gis
182 2496 240 2530 hic
258 2495 447 2542 spectanda
462 2521 470 2536 ,
486 2505 617 2542 quanto
631 2498 792 2543 frequen-

119 2548 220 2582 tiores
245 2549 414 2596 juvenum
447 2551 651 2595 corruptelae
670 2575 679 2591 ,
705 2563 791 2596 quas

119 2601 233 2634 innuit
256 2610 288 2635 et
313 2601 505 2635 detestatur
530 2604 639 2648 magis
654 2629 662 2643 ‚
686 2616 790 2649 quam

119 2653 264 2697 explicat
277 2654 402 2688 Fabius
422 2657 458 2695 I,
482 2669 498 2688 2
515 2681 523 2695 ‚
546 2657 645 2697 431,
669 2657 708 2696 3,
728 2659 788 2695 16,

121 2712 186 2737 etc.
210 2705 252 2737 G.

311 2765 348 2805 I.

921 1454 954 1489 4.
991 1452 1128 1480 Natum?
1150 1451 1362 1493 fortunaeque
1398 1453 1534 1482 dotibus.

860 1502 959 1533 Rom.
996 1504 1133 1533 Natura:
1155 1504 1343 1545 fhrmoeque
1377 1505 1503 1534 dotibus
1524 1528 1532 1540 ‚

862 1553 964 1586 male.
979 1553 1023 1586 H.
1039 1574 1084 1578 ——
1098 1570 1110 1582 κ
1121 1558 1241 1586 Forma
1254 1557 1433 1598 etsortzma
1448 1567 1535 1600 saepc

861 1606 895 1638 in
909 1606 1013 1640 MStis
1027 1614 1301 1640 commutantur.
1313 1628 1359 1632 ——
1370 1607 1535 1642 Similiter

850 1660 1017 1702 formatus
1043 1667 1076 1692 et
1091 1662 1298 1703 fortunatus.
1318 1677 1331 1688 υ
1355 1661 1531 1693 Drakenb.

860 1711 904 1744 ad
919 1712 993 1744 Liv.
1012 1713 1091 1745 XLI
1105 1737 1114 1752 ,
1138 1726 1178 1745 20
1195 1737 1204 1752 ,
1228 1726 1244 1745 2
1261 1737 1270 1752 ‚
1289 1713 1349 1745 ubi
1368 1726 1401 1746 v,
1423 1726 1534 1746 exem-

858 1764 928 1808 pla.
942 1763 1009 1797 Sed
1022 1764 1182 1809 inprimis
1195 1764 1264 1797 huc
1279 1765 1361 1798 facit
1372 1765 1448 1798 Liv.
1464 1766 1531 1808 III,

862 1828 901 1848 12
917 1841 925 1855 ⁷
949 1818 968 1848 6
991 1828 998 1848 1
1024 1817 1219 1849 «Juvenem
1244 1818 1448 1862 egregium,
1480 1818 1532 1851 in-

859 1874 1027 1900 structum
1042 1876 1174 1901 naturae
1192 1869 1408 1914 fortunaeque
1422 1871 1532 1903 omni-

858 1920 922 1952 hus
935 1921 1048 1953 bonis.
1061 1937 1073 1949 n
1089 1921 1159 1952 Ubi
1169 1921 1251 1954 item
1265 1922 1300 1953 in
1312 1921 1407 1954 libris
1419 1935 1531 1968 reper-

859 1979 931 2004 tum
941 1974 1134 2016 formoeque.
1152 1973 1186 2006 S.
1205 1993 1250 1997 —
1269 1978 1307 2005 In
1327 1976 1388 2005 hoc
1408 1978 1527 2007 lubrico

857 2025 1068 2057 (vtatistide
1079 2024 1285 2070 Heusinger.
1298 2025 1342 2059 ad
1353 2027 1528 2061 Vechner.

856 2077 1028 2111 Hellenol.
1049 2090 1084 2122 p.
1108 2079 1184 2111 203.
1203 2078 1427 2113 simillimum
1440 2080 1529 2113 illud

856 2130 993 2176 Apuleii
1007 2130 1239 2176 Metamorph.
1253 2132 1293 2164 L.
1310 2132 1373 2171 XI⁷
1388 2145 1423 2177 p.
1440 2136 1505 2176 782
1519 2158 1527 2172 ‚

857 2182 1021 2216 Oudend.
1041 2194 1048 2215 ε
1069 2200 1082 2212 ι(
1095 2183 1245 2216 Lubrico
1259 2184 1400 2217 virentis
1412 2193 1530 2218 aetatu-

856 2236 896 2268 lae
906 2261 915 2275 ‚
930 2235 973 2269 ad
989 2236 1127 2269 serviles
1142 2236 1302 2281 delapsus
1317 2237 1526 2282 voluptates,

858 2288 1063 2322 curiositatis
1094 2289 1316 2334 improsperae
1351 2290 1527 2323 sinistrum

856 2341 1035 2386 praemium
1054 2342 1246 2387 reportasti.
1266 2359 1278 2371 »
1300 2343 1334 2375 S.
1351 2363 1398 2367 —
1415 2345 1526 2375 Lubri-

856 2407 926 2425 cum
944 2396 1051 2426 cetratis
1071 2395 1182 2427 forma
1202 2406 1324 2439 graeca.
1342 2395 1405 2427 ΕΙ),

899 2447 930 2480 5.
955 2448 1073 2478 Videor
1084 2460 1157 2490 ergo
1177 2449 1408 2478 demonstrare.
1426 2448 1524 2481 Rom.

860 2500 978 2531 Videor
989 2512 1045 2542 ego
1064 2501 1295 2531 demonstrare.
1311 2498 1354 2531 H.
1369 2519 1414 2523 -—
1429 2499 1527 2532 Simi-

859 2551 897 2583 lis
910 2551 1068 2585 confusio
1084 2552 1173 2584 infra
1186 2552 1286 2596 epist.
1307 2555 1325 2590 4
1341 2575 1349 2590 ,
1368 2563 1399 2593 7.
1420 2551 1455 2584 S.

903 2624 949 2629 -—
974 2608 1014 2635 Ut
1040 2606 1072 2636 itz
1098 2606 1160 2636 hac
1181 2605 1321 2635 licentia.
1345 2602 1380 2636 Si
1407 2603 1474 2635 alio
1493 2611 1526 2636 et

858 2656 962 2701 paulo
998 2657 1167 2689 severiore
1207 2654 1324 2688 seculo
1358 2655 1494 2687 vixisset
1516 2680 1524 2694 ,

859 2720 960 2741 nemo
991 2708 1228 2742 duriusculum
1260 2706 1387 2738 diceret
1419 2719 1426 2739 .·
1466 2706 1526 2740 sed

1282 2779 1333 2807 10

1568 386 1582 402 J

1563 1028 1580 1060 5
