1742 2989
548 173 889 216 EPISTOLA
934 171 1062 215 XXI.
1410 164 1500 220 [425

121 306 1145 321 mmmmsszwsmmwmmxzuwssxmsmzmsmww<
1151 303 1507 316 §xxxmssummm

710 433 896 489 XXI.

145 586 310 622 Consilio
329 585 376 622 de
393 584 569 622 curandis
590 584 707 621 oculis
729 597 767 620 se
786 584 999 634 pariturum
1018 581 1167 627 scribit,
1188 590 1223 618 ct
1245 595 1316 630 pro
1336 581 1472 631 gallina

554 648 795 698 jocabundus
815 648 951 698 gratias
971 648 1057 697 agit.

1019 770 1037 788 χι

383 789 420 817 C.
456 787 686 817 PLINIUS
720 787 986 816 CORNUTO
1074 786 1176 814 SUO
1211 786 1242 812 S.

175 908 380 961 PAREo,
400 905 567 966 collega
585 906 828 959 carissime,
854 913 896 948 et
916 903 1163 947 infirmitati
1182 902 1411 947 oculorum
1424 937 1434 956 ,
1466 912 1514 946 ut

101 979 254 1040 jubes,
281 978 475 1023 consulo.
504 980 621 1023 Nam
650 988 691 1021 et
720 978 829 1033 huc,
856 987 972 1021 tecto
996 976 1198 1020 vehiculo
1224 976 1418 1036 undique
1444 976 1513 1018 in-

107 1052 277 1107 clusus,
314 1053 438 1113 quasi
475 1052 520 1094 in
558 1050 786 1104 cubiculo,
822 1050 1020 1110 perveni,
1045 1059 1088 1093 et
1120 1066 1208 1092 non
1237 1047 1334 1092 stilo
1359 1048 1514 1102 modo,

107 1141 258 1168 verum
285 1126 415 1168 etiam
443 1124 701 1168 lectionibus
721 1122 976 1176 difficulter,
997 1122 1071 1167 sed
1091 1122 1309 1177 abstineo,
1330 1120 1516 1181 solisque

107 1198 288 1241 auribus
315 1197 480 1241 studeo.
504 1196 720 1241 Cubicula
744 1196 945 1240 obductis
964 1195 1068 1239 velis
1088 1212 1249 1256 opaca,
1272 1212 1352 1238 nec
1371 1204 1516 1238 tamen
1543 1214 1550 1220 ·

107 1271 313 1326 obscura,
343 1271 467 1314 facio.
491 1271 857 1331 Cryptoporticus
883 1285 1082 1330 quoque,
1104 1267 1322 1329 adopertis
1343 1267 1516 1310 inferio-

107 1345 229 1388 ribus
257 1344 480 1398 fenestris,
510 1353 683 1386 tantum
706 1343 894 1398 umbrae,
915 1351 1130 1402 quantum
1152 1341 1352 1393 luminis,
1372 1340 1516 1382 habet.

108 1419 180 1462 Sic
221 1417 449 1478 paullatim
484 1416 627 1461 lucem
662 1416 776 1459 ferre
808 1414 1029 1459 condisco.
1059 1413 1288 1458 Balineum
1318 1428 1514 1465 assumo,

107 1490 210 1552 quia
235 1490 434 1551 prodest:
463 1491 615 1533 vinum
630 1525 641 1545 ,
671 1489 773 1549 quia
799 1505 890 1532 non
909 1497 1060 1541 nocet1,
1080 1488 1331 1548 parcissime
1351 1496 1513 1529 tamen.

106 1565 173 1606 Ita
200 1564 386 1617 assuevi,
414 1572 457 1606 et
482 1579 602 1606 nunc
631 1571 777 1605 custos
796 1560 932 1605 adest.
956 1559 1175 1605 Gallinam
1190 1595 1200 1615 ,
1233 1569 1283 1602 ut
1302 1575 1326 1602 a
1350 1567 1392 1602 te
1411 1559 1517 1601 mis-

107 1652 221 1691 sam,
256 1635 445 1679 libenter
478 1636 651 1696 accepi3
687 1651 819 1695 quam
849 1635 950 1678 satis
978 1634 1153 1678 acribus
1178 1632 1342 1685 oculis,
1369 1649 1519 1692 quam-

109 1725 242 1769 quam
268 1707 416 1752 adhuc
441 1707 611 1768 lippus,
641 1708 977 1768 pinguissimam
1004 1706 1107 1749 vidi.
1135 1705 1260 1748 Vale.

154 1841 268 1875 XXI.*
281 1844 431 1874 cornuto.
444 1841 536 1874 Male
549 1840 710 1873 nonnulli
724 1839 783 1873 ad·
849 1846 949 1879 runt3
964 1839 999 1871 in
1012 1838 1153 1883 reliquis
1165 1864 1173 1879 ,
1187 1838 1301 1883 ipsum
1315 1845 1450 1870 tantum
1465 1850 1521 1870 cu-

109 1893 198 1927 dunt
217 1898 330 1927 Fusco,
349 1894 452 1927 Intel.
473 1894 566 1927 enim
585 1901 624 1926 ut
652 1906 670 1925 e
687 1893 783 1938 prin·
848 1892 992 1926 rationis
1009 1900 1177 1936 tempore.
1195 1890 1239 1923 G.

110 1946 202 1992 cipio
220 1948 319 1992 epist.
337 1954 498 1992 apparet,
516 1947 692 1979 Cornutus
710 1950 782 1977 Ter-
895 1966 941 1971 --
953 1948 996 1976 Ec
1014 1958 1078 1977 non
1102 1947 1174 1976 stilo
1199 1946 1306 1976 modo.
1331 1943 1470 1975 (lortius
1489 1950 1522 1976 ct

110 2002 222 2039 tullus,
246 1999 347 2032 Plinii
360 2007 392 2032 et
405 1999 440 2031 in
455 1999 659 2044 praefectura
673 1998 782 2031 aerarii
849 1998 1022 2043 Gierigius
1039 2009 1046 2029 :
1065 2007 1094 2028 et
1113 1998 1164 2028 hic
1177 2010 1240 2028 ιιοη
1253 1998 1326 2028 stilo
1345 1998 1451 2028 modo.
1463 1996 1523 2028 Be-

111 2052 191 2084 etin
207 2053 391 2086 consulatu
408 2052 554 2097 collega.
574 2052 642 2084 ΕΙ).
850 2064 904 2084 ne.
925 2051 959 2084 S.

162 2116 192 2137 1.
206 2107 346 2149 Collega.
358 2106 398 2138 In
408 2104 602 2138 Consulatu
610 2112 642 2137 et
654 2103 687 2136 in
700 2114 785 2149 prae-
898 2103 930 2136 3.
954 2104 1130 2135 Balineum.
1146 2100 1338 2147 Adscripsit
1356 2100 1522 2134 Cellarius

111 2157 245 2190 fectura
258 2158 381 2191 aerarii.
401 2156 483 2190 Vid.
499 2158 546 2197 V,
562 2157 616 2196 15,
632 2156 664 2189 5.
683 2156 785 2188 Forte
852 2155 941 2189 Celsi
956 2155 1143 2194 locumVI‚
1158 2157 1191 2186 6.
1206 2156 1320 2186 Curari
1334 2156 1442 2185 oculos
1457 2156 1523 2184 bal-

112 2210 185 2255 ipso
203 2210 341 2255 collegii
362 2223 454 2243 anno
473 2210 536 2243 ista
554 2209 706 2254 scripsit,
727 2216 786 2241 aut
851 2222 926 2247 ηεο,
938 2210 1032 2252 fotu,
1048 2209 1145 2245 vino,
1166 2209 1394 2239 vetustissimus
1411 2215 1524 2237 auctor

113 2262 289 2308 scripsisse
307 2263 404 2308 fingit
419 2288 428 2303 ,
447 2275 659 2308 quamquam
679 2274 785 2295 seces·
853 2264 1061 2304 Hippocrates
1079 2262 1239 2292 memorioe
1253 2258 1523 2301 prodiditPorro

113 2315 299 2349 sussuadet
309 2314 646 2360 aliud.Antiquiores·¹
657 2318 784 2357 collega:
854 2316 1037 2351 Custodem,
1058 2326 1160 2358 quem
1181 2312 1300 2345 adesse
1323 2311 1392 2351 ait,
1415 2309 1522 2341 inedi-

114 2380 240 2401 nomen
254 2368 288 2400 in
303 2369 484 2413 Auguratu
503 2368 709 2413 praesertim,
723 2380 784 2399 cu-
851 2378 930 2400 cuni
942 2392 950 2405 ‚
973 2378 1114 2399 uxorein
1129 2391 1137 2405 ,
1158 2366 1317 2397 libortum
1334 2391 1342 2405 ‚
1363 2374 1496 2395 servum
1512 2387 1520 2401 ‚

117 2421 168 2463 jus
181 2429 366 2467 perpetuus
383 2421 494 2454 honos
514 2429 620 2462 esset,
642 2433 785 2465 usurpa·
852 2419 999 2451 amicum
1013 2417 1161 2463 denique
1175 2417 1361 2462 intelligere
1376 2416 1462 2448 licet.
1477 2416 1521 2446 (i.
