1742 2989
592 211 889 253 PLPlsToL
910 211 934 252 Α
975 212 1057 253 Xe.

127 294 419 339 maculaverit.
447 291 680 336 Confessus
712 301 775 334 est
798 291 973 352 quidem
1002 292 1213 334 incestum

1434 210 1521 255 2213

1242 309 1249 333 :
1287 292 1361 335 sed
1388 293 1522 337 incer·
1554 304 1570 335 5

132 378 221 411 tum
234 403 244 421 .,
266 377 411 410 utrum
430 365 531 426 quia
554 380 708 408 verum
731 374 823 408 erat
837 400 847 419 ,
867 381 922 407 an
937 363 1039 424 quia
1062 363 1262 424 graviora
1282 366 1526 422 metuebat,

130 442 163 483 si
189 449 401 502 negasset.
429 438 659 481 Fremebat
683 438 798 480 enim
823 437 1125 493 Domitianus,
1145 437 1440 498 aestuabatque
1465 440 1526 482 in-

132 514 250 574 genti
280 511 466 564 invidia,
495 510 738 554 destitutus.
771 512 886 555 Nam
921 528 1057 571 quum
1084 510 1358 567 Corneliam,
1388 513 1526 555 maxi·
1556 526 1574 555 11

132 603 247 629 mam
274 584 517 640 Vestalem,
545 583 747 628 defodere
780 585 923 627 vivam
957 584 1259 644 concupisset,
1288 595 1338 628 ut
1369 585 1444 646 qui
1480 585 1529 628 il-

134 658 307 702 lustrari
342 657 544 702 saeculum
580 674 704 701 suum
743 657 954 717 ejusmodi
992 657 1189 718 exemplo
1219 659 1531 712 arbitraretur,

134 732 353 793 pontificis
387 732 564 775 maximi
592 732 716 791 jure,
747 747 822 774 seu
854 732 999 791 potius
1034 731 1304 775 immanitate
1335 734 1533 793 tyranni,

135 805 309 848 licentia
329 804 521 861 domini,
541 803 731 864 reliquos
748 803 977 864 pontifices
993 821 1081 847 non
1103 805 1145 847 in
1165 806 1370 866 Regiam,
1390 807 1464 850 sed
1491 809 1534 850 in

136 878 350 923 Albanam
385 878 532 922 villam
563 878 833 922 convocavit.
866 880 957 921 Nec
991 878 1159 921 minore
1193 878 1374 933 scelere,
1403 897 1532 940 quam

136 952 253 1012 quod
275 951 424 996 ulcisci
448 951 695 1003 videbatur,
715 951 937 994 absentem
962 949 1290 1011 inauditamque
1314 952 1539 996 damnavit

139 1026 311 1081 incesti,
333 1041 469 1086 quum
495 1025 586 1085 ipse
608 1023 753 1067 fratris
776 1023 908 1066 filiam
932 1023 1096 1066 incesto
1121 1041 1209 1066 non
1231 1023 1458 1084 polluisset
1479 1043 1541 1069 so-

138 1098 249 1151 lum,
276 1115 426 1141 verum
457 1098 587 1140 etiam
619 1096 847 1140 occidisset
878 1114 886 1139 :
917 1112 1018 1139 nam
1049 1096 1180 1140 vidua
1211 1098 1366 1164 abbortu
1399 1100 1540 1159 periit.

139 1171 264 1213 Missi
301 1171 447 1214 statim
485 1169 741 1230 pontifices,
771 1169 846 1228 qui
876 1168 1182 1212 defodiendam
1213 1171 1542 1233 necandamque
1570 1193 1588 1225 7

140 1255 362 1288 curarent.
390 1243 468 1286 Illa
493 1259 611 1285 nunc
634 1242 689 1285 ad
701 1244 901 1295 Vestam,
919 1258 1038 1284 nunc
1058 1242 1112 1285 ad
1131 1252 1309 1287 caeteros
1333 1244 1436 1288 deos
1460 1262 1546 1288 ma-

141 1334 223 1360 nus
248 1316 453 1369 tendens,
478 1315 634 1368 inulta,
659 1314 732 1358 sed
759 1314 842 1357 hoc
867 1313 1239 1373 frequentissime,
1261 1316 1512 1362 clamitabat
1534 1336 1543 1362 ε

190 1459 209 1492 5
216 1485 222 1491 .
238 1459 423 1489 Destitutas.
443 1457 471 1488 A
484 1457 625 1490 testibus
642 1456 727 1489 tanti
742 1468 812 1488 sce-

144 1511 235 1550 leris,
249 1513 348 1556 cujus
363 1509 523 1542 vestalem
538 1509 707 1554 virginem
721 1508 815 1541 dam-

147 1575 228 1596 nare
239 1570 389 1608 cuperet.
405 1563 498 1596 Suet.
510 1569 624 1594 tamen
638 1561 765 1593 Domit.
782 1574 812 1593 c.

146 1616 232 1648 VIII
247 1628 255 1648 :
275 1632 287 1644 «
302 1615 499 1648 Corneliam
513 1614 694 1659 Virginem
709 1614 817 1646 Maxi-

145 1680 238 1701 mam
250 1693 258 1708 ‚
275 1668 469 1701 absolutam
482 1667 566 1700 olim
578 1691 586 1706 ,
606 1666 731 1700 dehinc
745 1666 818 1699 lon-

146 1734 189 1765 go
215 1720 393 1752 intervallo
420 1719 598 1764 repetitam
620 1726 722 1764 atque
741 1731 819 1750 con-

146 1772 293 1812 fictam,
320 1771 437 1804 defodi
463 1771 641 1816 imperavit
659 1795 667 1810 ,
689 1779 820 1815 stupra-

148 1832 307 1869 toresque
321 1824 424 1868 virgis
439 1824 473 1855 in
488 1823 627 1856 comitio
642 1822 684 1855 ad
700 1835 820 1855 necem

151 1876 233 1908 caedi
255 1889 261 1908 :
284 1894 299 1904 n
325 1875 480 1923 adjungit
503 1884 617 1908 tamen
633 1900 641 1915 ,
663 1874 756 1919 quod
778 1874 819 1907 ad

150 1927 243 1960 hunc
254 1936 409 1960 nostrum
425 1928 586 1972 pertinet,
596 1937 727 1969 exscepto
739 1932 824 1958 Ριπ)η

151 1982 232 2012 torio
243 1983 326 2018 viro,
340 1982 402 2018 cui,
416 1979 521 2012 dubia
533 1979 824 2023 611111111111111011118-

153 2045 211 2072 sa,
237 2041 269 2065 et
292 2033 432 2065 incertis
457 2031 700 2076 quaestionibus
721 2038 824 2077 atque

153 2084 330 2117 tormentis
351 2084 393 2117 de
413 2092 518 2117 semet
543 2084 698 2128 professo
713 2109 721 2123 ‚
744 2086 825 2115 exsi-

154 2140 230 2170 lium
246 2140 389 2170 indulsit.
404 2137 448 2169 G.

198 2193 229 2222 (i.
248 2192 435 2222 Illaarimam
454 2192 619 2222 Vestalem.
643 2191 694 2221 Ita
710 2188 827 2221 (licun-

156 2250 212 2274 tur
237 2251 274 2274 ut
299 2245 469 2287 Ponti-'sices
495 2245 642 2275 maa-imi.
665 2243 759 2287 Saepe
781 2242 827 2274 ita

157 2294 403 2339 Inscriptiones
431 2296 602 2340 antiquie,
627 2308 657 2327 Ψ.
682 2308 714 2338 g.
736 2293 828 2338 apud

156 2347 341 2379 Gruterum
357 2359 391 2391 p.
409 2348 472 2390 309
487 2372 495 2386 ,
515 2359 590 2391 sqq.
611 2348 654 2379 G.
671 2367 715 2370 —ffl
729 2348 827 2378 Rom.

160 2401 340 2430 Corneliam
360 2402 533 2431 Vestalium.
552 2399 830 2431 111ίι.ῖί111α1111)ε3110

159 2463 237 2483 cum
257 2450 384 2483 Medic.
407 2451 451 2483 H.
472 2472 517 2475 —
539 2453 706 2494 Dcfbdere.
727 2450 831 2491 Quod

159 2503 366 2549 supplicium
393 2516 414 2536 a
437 2503 631 2548 Tarquinio
655 2503 771 2536 Prisco
798 2503 830 2534 in

159 2556 317 2588 Vestales
340 2557 486 2589 incestas
513 2555 737 2588 constitutum
763 2568 833 2587 cre-

160 2606 318 2641 debatur.
338 2608 403 2641 El).
424 2630 469 2633 —
489 2609 658 2652 Ejusmodi
676 2610 831 2650 extemplo.

162 2660 258 2692 Rom.
279 2662 450 2704 Ejusmodi
467 2663 629 2703 esemplis.
647 2660 692 2692 H.
713 2681 757 2684 κ-
777 2664 833 2690 Re-

181 2714 253 2742 iam,
283 2713 419 2745 Servius
447 2713 488 2745 ad
510 2715 586 2745 AEn.
609 2713 717 2752 VIII,
741 2713 805 2745 363
824 2725 832 2745 ;

359 2772 394 2809 l.

878 1474 891 1484 ·‹
910 1456 1040 1488 Domus
1055 1481 1063 1495 ⁷
1084 1457 1119 1489 in
1136 1470 1204 1502 qua
1220 1458 1374 1492 Pontifex
1394 1459 1524 1493 habitat
1541 1486 1548 1499 ‚

876 1508 980 1553 Regia
1004 1508 1150 1549 dicitur,
1173 1509 1267 1555 quod
1295 1511 1329 1543 in
1350 1524 1389 1544 ea
1408 1513 1475 1545 Rex
1495 1525 1550 1545 sa-

879 1560 1053 1593 crificulus
1073 1561 1230 1595 habitare
1245 1572 1453 1597 consuesset.
1472 1582 1485 1594 »ι
1507 1565 1549 1597 G.

926 1634 971 1637 —
985 1616 1087 1655 Quum
1099 1617 1168 1658 ipse
1172 1618 1284 1655 fratris
1287 1618 1410 1661 filiam.
1426 1618 1551 1650 Julian]

880 1665 949 1697 'I'iti
965 1667 1167 1711 Vespasiani
1184 1667 1290 1699 filiam
1311 1679 1317 1700 :
1337 1678 1455 1702 narrat.
1475 1671 1555 1703 Sue-

883 1725 956 1750 1011.
977 1719 1105 1751 Domit.
1123 1731 1199 1764 cap.
1215 1720 1315 1752 XXII
1329 1746 1338 1760 7
1357 1722 1416 1753 ubi
1431 1722 1474 1754 de
1489 1722 1555 1754 hoc

884 1771 957 1815 ipso
980 1771 1081 1803 Plinii
1103 1772 1209 1804 nostri
1236 1772 1312 1805 loco
1333 1774 1554 1807 Heinsianani

885 1825 1122 1869 conjecturam
1160 1825 1290 1868 profert
1323 1826 1555 1859 Burmannus.

886 1876 1002 1915 Quum
1034 1875 1123 1907 enim
1150 1876 1205 1907 vix
1232 1886 1412 1922 appareat,
1439 1879 1559 1916 aiunt,

887 1941 948 1959 cur
972 1930 1107 1959 viduam
1132 1929 1281 1973 appellet
1306 1929 1458 1970 Plinius3
1485 1943 1560 1976 quae

889 1980 963 2013 tiro
987 1982 1057 2026 jam
1078 1989 1177 2013 antea
1195 1982 1316 2013 orbata
1339 1991 1430 2022 crat,
1453 1996 1559 2028 quum

892 2045 930 2065 ex
950 2033 1151 2065 Domitiano
1172 2035 1387 2079 conciperet3
1412 2036 1498 2067 forte.
1517 2035 1563 2067 le-

890 2084 1041 2130 gendum
1056 2110 1064 2124 ‚
1082 2099 1155 2116 num
1184 2088 1280 2118 biduo
1306 2090 1347 2118 ab
1374 2090 1488 2119 abortu
1506 2102 1558 2130 pe<

891 2140 953 2169 riic.
972 2137 1018 2169 Ut
1033 2137 1171 2182 dignam
1187 2138 1320 2171 Heinsii
1334 2139 1470 2185 ingenio
1486 2153 1565 2171 con-

890 2191 1059 2234 jecturam
1083 2190 1177 2223 haud
1201 2192 1396 2235 negaverim
1420 2205 1427 2225 :
1450 2193 1497 2226 sic
1516 2194 1566 2224 rvi-

893 2245 964 2273 dua³
994 2242 1258 2286 appellationem
1292 2244 1383 2288 apud
1418 2245 1565 2276 Plinium

895 2294 1036 2327 minime
1047 2307 1296 2341 supervacuam
1310 2310 1394 2337 esse,
1405 2298 1565 2329 arbitror.

895 2346 1101 2392 Intelligitur
1113 2348 1205 2380 enim
1219 2361 1339 2381 caussa
1352 2374 1360 2388 ‚
1372 2362 1434 2381 cur
1448 2349 1566 2381 Domi-

896 2399 1010 2432 tianus
1030 2400 1122 2432 illam
1138 2403 1289 2445 coegerit
1305 2402 1499 2434 abortivum
1516 2414 1570 2433 su-

897 2464 990 2484 mere
1004 2477 1012 2492 ‚
1029 2452 1124 2498 quod
1139 2453 1270 2486 scilicet
1285 2467 1352 2486 non
1368 2461 1455 2487 esset
1469 2453 1571 2486 deco-

898 2517 974 2536 rum
991 2504 1101 2537 viduae
1114 2518 1237 2551 parcre
1249 2531 1257 2545 ‚
1278 2506 1370 2551 quod
1389 2520 1425 2538 ex
1448 2507 1571 2539 marito

900 2556 1064 2591 defuncto
1076 2567 1280 2603 conceptum
1293 2559 1407 2592 (licere
1420 2572 1487 2591 non
1499 2572 1572 2604 pos-

901 2618 961 2642 set.
977 2610 1021 2643 G.
1041 2631 1087 2636 —-—
1108 2616 1192 2643 Nam
1212 2614 1313 2643 ‘vidua
1334 2614 1448 2643 abortu
1463 2615 1570 2653 periit.

900 2662 952 2696 Sic
966 2665 1106 2696 etRom.
1122 2663 1165 2696 ΙΙ.

948 2727 981 2758 7.
1006 2719 1128 2748 Multa,
1146 2743 1152 2748 ,
1170 2743 1175 2748 ,
1196 2742 1201 2745 ,
1218 2716 1430 2745 ,ι-Ιαηιίῑαὸαῑ.
1466 2711 1573 2743 Debet

1360 2766 1376 2779 ,.

1330 2783 1378 2811 Ιὲὶ
