1757 2880
142 151 682 175 utmsmmmmtssuswxae
687 152 744 162 ..ς-ι
749 151 804 161 λιιι
812 142 1167 160 nmswxszaemmnu
1174 136 1513 152 mmsm=aexw=u
1519 136 1535 143 ἰ

175 321 801 408 PRAEFATIO
866 311 1528 413 SCHAEFERI.

762 508 937 520 *-

148 608 427 685 EDITIONIS
438 632 629 679 alterius
639 631 774 677 Plinii
786 627 1063 676 Gesneriani
1075 622 1304 687 exemplis
1315 620 1562 672 distractis,

147 733 297 781 quum
324 733 448 761 nova
476 715 691 761 certatim
715 719 1076 776 expetereutur,
1096 704 1354 751 Fritschius
1377 711 1559 746 noster.

144 799 256 845 libri
278 799 577 861 redemptor,
598 800 668 841 Jo.
693 795 863 840 Christ.
886 791 1104 853 Tlieoph.
1128 787 1399 833 Ernestium
1415 821 1426 840 ,
1449 787 1559 828 Pro⁴

147 881 374 927 fessorem
404 879 665 925 Academiae
691 876 968 940 LipsiensiS,
1000 880 1271 935 rogaverat,
1298 878 1351 913 ut
1376 867 1561 911 tertiam

149 973 334 1009 curaret
349 962 608 1008 editionem
620 998 631 1018 ,
648 958 987 1024 prioribusque
1003 954 1339 1000 correctiorem
1357 965 1445 994 nec
1463 949 1563 993 sine

147 1045 417 1090 accessione
442 1054 666 1088 notarum
687 1043 940 1088 emitteret.
966 1041 1245 1099 Susceperat
1268 1031 1562 1097 provinciam

148 1127 219 1170 vir
242 1125 566 1180 doctissimus,
581 1124 776 1185 jamque
799 1120 1051 1185 profligato
1073 1114 1353 1162 recensendi
1371 1130 1423 1158 ac
1440 1128 1564 1157 com—

150 1207 393 1253 mentandi
421 1206 582 1251 labore
603 1207 651 1249 in
676 1220 733 1249 eo
755 1213 877 1258 erat,
900 1212 952 1245 ut
979 1199 1245 1261 exemplar,
1274 1195 1407 1258 quod
1430 1205 1567 1257 typo-

150 1288 358 1351 graphus
394 1295 699 1349 sequeretur,
735 1285 993 1329 instrueret
1014 1318 1025 1337 ,
1065 1296 1215 1343 quum
1249 1294 1357 1323 ecce
1395 1274 1569 1321 morbo

156 1371 326 1427 atroci,
348 1386 463 1415 mox
501 1376 784 1431 praematura
814 1374 969 1410 morte
995 1363 1136 1409 telam
1166 1378 1300 1425 paene
1331 1360 1570 1405 detextam

152 1453 437 1517 abrumpere
473 1453 670 1515 cogitur.
709 1451 805 1508 Qui
839 1465 999 1504 casus,
1030 1445 1229 1492 acerbus
1263 1461 1375 1490 sane
1410 1443 1571 1488 litera-

152 1554 356 1600 rumque
384 1547 655 1582 nostrarum
679 1551 841 1580 caussa
867 1532 1124 1596 lugendus,
1148 1547 1208 1575 ne
1234 1528 1389 1575 Plinio
1414 1526 1573 1572 office-

153 1629 246 1676 ret,
278 1636 374 1665 neu
396 1635 568 1664 novam
592 1626 862 1662 moraretur
889 1615 1149 1661 editionem
1170 1650 1180 1669 ,
1203 1612 1433 1674 quaeritur
1458 1626 1482 1655 a
1506 1608 1575 1654 bi-

153 1700 393 1764 bliopola,
426 1702 509 1763 qui
545 1701 593 1745 in
624 1698 836 1745 defuncti
876 1699 1035 1743 locum
1074 1696 1292 1759 protinus
1328 1693 1574 1745 succedat,

157 1799 376 1845 opusque
409 1783 680 1826 institutum
710 1782 805 1826 cito
836 1779 1062 1825 absolvat.
1091 1783 1161 1823 Ita
1191 1776 1367 1823 factum
1400 1784 1493 1829 est,
1523 1783 1578 1819 ut

157 1864 272 1909 mihi
290 1864 618 1927 necopinanti,
638 1864 715 1907 vix
734 1862 972 1908 exantlato
991 1860 1392 1905 {rrumnosissimo
1414 1857 1578 1902 labore

159 1946 387 1991 Glossarii
400 1946 581 1991 Liviani
607 1962 663 1990 ex
679 1944 863 1990 schedis
879 1946 994 2006 Aug.
1013 1942 1139 1988 G-uil.
1161 1941 1364 1988 Ernestii
1381 1940 1578 1985 concin-

161 2028 330 2085 nandi,
355 2029 600 2091 negotium
622 2028 887 2073 Plinianum
902 2063 912 2083 ,
934 2025 1196 2088 jucundius
1220 2023 1337 2069 illud
1358 2022 1578 2085 quidem,

162 2113 243 2158 sed
259 2123 418 2158 tamen
432 2130 581 2176 quum
603 2111 690 2158 alia
704 2149 715 2168 ,
729 2112 787 2156 ad
803 2128 907 2173 quac
928 2127 1062 2156 meus
1079 2126 1155 2155 me
1171 2110 1356 2154 animus
1367 2116 1578 2155 vocaret,

162 2195 344 2258 agenda
358 2204 689 2259 suppeterent,
702 2195 853 2239 invito
868 2194 1217 2254 reluctantique
1232 2192 1576 2253 imponeretur.

164 2277 307 2335 Quod
331 2277 577 2339 quomodo
599 2276 1050 2327 administraverim,
1075 2274 1354 2337 priusquam
1379 2272 1582 2316 lectores

164 2358 336 2415 doceo,
359 2360 521 2421 paucis
537 2368 870 2421 quantumque
885 2357 1000 2401 mihi
1018 2357 1253 2412 constitit,
1272 2353 1581 2399 indicandum

165 2449 255 2495 est,
277 2457 382 2502 quac
394 2441 516 2485 ratio
536 2440 674 2484 Plinii
694 2438 942 2502 repetendi
968 2439 1186 2484 Ernestio
1210 2436 1452 2501 placuerit.

230 2526 284 2566 In
325 2531 458 2567 textu
492 2520 686 2584 quidem
721 2520 1042 2576 recensendo,
1081 2522 1117 2565 si
1155 2520 1286 2565 locos
1318 2531 1582 2582 perpaucos

168 2605 392 2668 excipias,
411 2608 678 2651 Gesnerum
696 2614 793 2650 erat
809 2604 1157 2666 religiosissime
1178 2610 1443 2648 secuturus.
1466 2602 1582 2643 Om—
