1742 2989
569 207 911 250 EPISTOLA
948 208 1032 250 IX.
1417 221 1488 265 ¹7¹

103 289 244 332 hunus
268 288 460 331 cohortis
484 287 564 330 sub
590 286 781 331 Classico
802 288 966 342 fuerat,
991 287 1313 336 accusavimus,
1338 285 1496 344 dispari

102 371 275 406 eventu.
306 362 453 405 Prisco
479 361 524 403 in
546 360 773 403 biennium
794 361 921 405 Italia
940 359 1220 404 interdictum
1242 376 1251 401 ε
1277 357 1501 401 absolutus

101 445 166 479 est
202 437 378 478 Fuscus,
420 433 605 478 Actione
647 434 774 477 tertia
814 433 1212 477 commodissimum
1252 431 1502 491 putavimus

101 507 248 567 plures
273 522 560 567 congregare,
587 523 667 562 ne,
689 508 722 549 si
743 506 915 568 longius
940 517 1050 551 esset
1068 514 1262 550 extracta
1287 504 1503 565 cognitio7

102 581 298 624 satietate
319 589 362 623 et
387 579 514 622 taedio
545 578 735 639 quodam
758 580 928 639 justitia
954 578 1312 641 cognoscentium
1341 577 1504 620 severi-

102 664 252 714 tasque
280 652 580 713 languesceret
599 670 608 696 t
627 652 791 713 alioqui
813 664 1072 714 supererant
1089 655 1281 696 minores
1297 652 1357 694 rei
1374 685 1385 705 ‚
1402 649 1502 693 data

107 743 241 786 opera
272 726 391 769 hunc
423 726 467 769 in
493 725 638 770 locum
671 729 902 781 reservatig
929 737 1109 787 excepta
1148 737 1293 769 tamen
1329 723 1506 769 Classici

103 815 260 853 uxore,
288 816 383 859 quae
417 800 528 847 sicut
562 798 773 859 implicita
810 800 1153 860 suspicionibus,
1188 800 1248 842 ita
1284 815 1373 841 non
1403 797 1506 840 satis

101 872 302 915 convinci
326 872 662 932 probationibus
698 873 787 915 visa
813 883 877 916 est
901 891 910 916 :
939 890 1041 916 nam
1068 872 1247 916 Classici
1276 871 1362 915 filia
1383 870 1506 931 (quae

100 956 143 989 et
163 947 256 1006 ipsa
269 946 383 989 inter
400 963 497 990 reos
516 946 659 1006 erat),
681 962 736 989 ne
759 947 1081 1006 suspicionibus
1102 945 1277 1006 quidem
1297 945 1502 988 haerebat.

102 1021 254 1080 Itaque
282 1036 419 1080 quum
452 1020 506 1062 ad
542 1036 703 1063 nomen
740 1020 832 1079 ejus
858 1021 902 1063 in
930 1030 1122 1063 extrema
1160 1020 1331 1063 actione
1361 1019 1504 1062 venis-

102 1108 191 1135 sem
218 1094 389 1154 (neque
410 1094 549 1145 enim,
575 1102 624 1136 ut
649 1094 776 1136 initio
793 1128 803 1148 ‚
838 1095 898 1137 sic
921 1095 1052 1137 etiam
1080 1095 1124 1136 in
1150 1093 1235 1136 fine
1264 1092 1507 1136 verendum

103 1175 221 1219 erat,
240 1182 295 1209 ne
321 1182 398 1226 per
424 1166 508 1210 hoc
532 1167 664 1210 totius
694 1167 984 1210 accusationis
1018 1168 1254 1210 auctoritas
1285 1166 1506 1208 minuere-

104 1237 218 1297 tur),
238 1238 594 1283 honestissimum
621 1238 808 1293 credidi,
829 1256 918 1283 non
947 1257 1146 1301 premere
1172 1241 1473 1282 immerentem
1498 1255 1506 1281 :

104 1310 235 1370 idque
270 1312 416 1372 ipsum
449 1311 538 1354 dixi
574 1321 617 1355 et
647 1311 780 1355 libere
807 1323 849 1356 et
881 1314 1025 1369 varie3
1052 1330 1154 1357 nam
1187 1313 1317 1356 inodo
1348 1311 1512 1372 legatos

104 1384 451 1445 interrogabam,
480 1385 787 1429 docuissentne
816 1402 884 1430 me
917 1386 1125 1446 aliquid,
1164 1384 1292 1446 qnod
1324 1402 1370 1428 re
1395 1401 1510 1446 [97¹0-

103 1456 206 1501 bara·
223 1474 361 1518 posse
390 1457 699 1516 confiderent?
726 1458 858 1502 modo
886 1459 1117 1503 consilium
1149 1476 1173 1502 a
1207 1467 1361 1502 senatu
1393 1467 1510 1518 pete-

104 1530 228 1585 bam,
238 1541 477 1591 putaretne
498 1531 659 1576 debere
683 1549 770 1587 me,
790 1537 833 1577 si
853 1550 990 1594 quarn
1016 1533 1221 1577 habetem
1249 1537 1295 1577 ln
1320 1532 1511 1576 (licendo

93 1605 364 1661 sc'zezcltatem
382 1640 393 1660 ‚
416 1605 685 1667 injugulusn
702 1610 950 1651 innocenlis
964 1643 976 1663 ‚
1001 1612 1139 1668 qnasi
1155 1609 1287 1651 lelzmz
1307 1606 1510 1666 aliquod,

105 1677 329 1721 intendere
343 1679 366 1721 ἱ)
387 1688 610 1739 postremo
633 1689 776 1724 totum
801 1680 947 1725 locum
968 1682 1053 1725 hoc
1077 1681 1165 1730 fine
1187 1680 1381 1725 conclusi
1396 1715 1407 1731 ,
1430 1683 1513 1725 Βί-

106 1761 175 1794 cet
208 1752 377 1811 aliquis
389 1786 402 1806 ,
431 1752 619 1796 Jaclz‘cas
654 1771 760 1814 ergo
776 1755 799 1797 J>
823 1758 867 1799 E
865 1772 926 1815 go
953 1772 1062 1799 vero
1088 1771 1179 1799 non
1194 1754 1356 1815 judico
1386 1771 1395 1797 :
1422 1770 1514 1797 me-

108 1828 219 1868 mini
235 1835 385 1868 tamen
399 1842 468 1868 me
485 1825 755 1870 advocalmn
770 1828 1065 1886 exjudc‘cibus
1081 1827 1251 1871 clatum.
1268 1828 1350 1870 Hic
1366 1842 1515 1869 nume-

109 1898 342 1941 rosissimae
382 1915 544 1943 caussae
585 1900 799 1944 terminus
834 1901 941 1955 fuit,
972 1900 1235 1962 quibusdam
1283 1898 1517 1954 absolutis;

108 1969 308 2030 pluribus
332 1971 570 2027 damnatis,
588 1983 720 2034 atque
741 1975 872 2018 etiam
897 1974 1120 2035 relegatis,
1140 1973 1234 2017 aliis
1254 1975 1298 2016 in
1321 1984 1516 2034 tempus,

109 2044 204 2089 aliis
245 2046 289 2088 in
331 2056 606 2107 perpetuum.
647 2038 813 2090 Eodem
857 2047 1235 2092 senatusconsulto
1274 2046 1515 2102 industria,

111 2117 234 2172 (ides,
255 2120 502 2162 constantia
523 2129 672 2163 nostra
692 2120 945 2180 plenissimo
963 2122 1214 2165 testimonio
1231 2119 1516 2180 comprobata

111 2200 174 2234 est
189 2191 389 2252 :dignum
405 2192 633 2254 solumque
648 2211 727 2254 par
748 2195 936 2254 pretium
956 2195 1066 2238 tanti
1080 2193 1254 2237 laboris.
1271 2193 1518 2253 Concipere

162 2361 215 2389 19.
244 2351 375 2380 Classici
402 2363 511 2381 more.
540 2351 589 2383 De
614 2351 779 2384 uxoribus
845 2351 930 2396 quid
947 2364 1069 2384 uxores
1088 2364 1229 2389 eorum,
1253 2352 1313 2396 qui
1339 2350 1380 2383 ad
1401 2350 1519 2383 officia

114 2401 266 2434 l‘rocoss.
287 2409 427 2433 cautum
454 2402 477 2434 l.
498 2407 537 2443 4,
557 2418 599 2446 π,
620 2403 663 2436 de
683 2404 778 2437 offic.
846 2404 1131 2448 proficiscuntur,
1145 2403 1373 2448 deliquerint,
1390 2405 1431 2433 ab
1445 2404 1519 2445 ipsis

113 2453 250 2487 Procos.
270 2455 288 2497 §
309 2468 324 2486 2
341 2479 349 2493 ,
369 2453 428 2487 sed
452 2454 497 2487 ita
511 2479 520 2494 ‚
547 2463 603 2495 ut,
623 2456 650 2489 si
675 2457 781 2490 verba
846 2457 932 2489 ratio
957 2465 990 2489 et
1012 2456 1169 2490 vindicta
1195 2455 1360 2500 exigatur.
1377 2470 1390 2482 n
1416 2453 1517 2499 Apud

115 2506 194 2551 legis
218 2506 475 2539 consideremus
492 2532 500 2547 ‚
529 2520 584 2540 res
613 2509 782 2553 ambigui·
846 2509 1005 2542 Tacitum
1017 2510 1058 2543 A.
1071 2510 1124 2542 III
1137 2534 1144 2548 ‚
1159 2511 1200 2541 313
1213 2534 1220 2548 ,
1236 2521 1287 2553 sq.
1302 2507 1518 2552 disputatur,

115 2566 219 2591 tatem
230 2558 357 2593 habere
368 2558 525 2592 videatur
537 2584 546 2599 ‚
561 2560 687 2605 ipsaene
703 2574 783 2593 con·
849 2569 965 2595 utrum
983 2561 1253 2607 permittendum
1267 2585 1275 2599 ,
1298 2567 1333 2591 ut
1354 2560 1518 2592 uxoribus

117 2609 223 2642 veniri
244 2612 394 2656 possint,
422 2624 463 2644 an
490 2624 610 2644 earum
638 2613 750 2646 mariti
773 2626 780 2645 τ
847 2614 998 2648 comitati
1013 2615 1045 2647 in
1067 2614 1257 2660 provincias
1272 2620 1362 2645 eant.
1378 2612 1421 2644 G.

118 2680 131 2688 ἰ
145 2662 252 2703 Sciat,
282 2672 437 2697 senatum
462 2666 560 2697 Cotta
584 2673 616 2697 et
636 2665 779 2699 Messala
898 2669 950 2700 273.
985 2670 1120 2711 Dignum
1151 2668 1315 2707 solumque
1341 2678 1421 2707 par,
1451 2672 1515 2697 etc.

118 2715 212 2748 Coss.
244 2718 413 2750 censuisse
446 2718 627 2757 futurum,
661 2726 695 2751 ut
714 2744 722 2757 ,
756 2719 782 2750 si
851 2720 946 2752 Rom.
973 2721 1281 2761 dzgrnamqucsalam
1304 2731 1369 2759 par
1393 2719 1515 2758 prelio.

1531 449 1567 479 ¹9

1534 886 1574 905 20

1537 1332 1571 1351 21

1541 1848 1580 1867 22

1542 2057 1583 2088 23

1543 2200 1583 2236 24
