1742 2989
92 1406 97 1412 '
135 1409 160 1435 b

149 184 206 227 88
565 186 611 227 C.
648 185 877 228 PLINII
914 187 1038 231 Llss.
1076 188 1138 229 II.

160 322 216 333 §.es-s
222 322 706 333 nsmstxszsmaenzxxzssmsvxm
711 322 766 333 §12
771 323 1069 336 mmmmm
1075 324 1540 338 mmxuwsxntsztwtnnsm

775 464 912 519 VII.

140 611 280 645 Narrat
307 606 574 656 triumphalem
603 615 765 643 statuam
790 607 990 657 Spurinnae
1011 607 1062 644 ob
1086 621 1144 644 res
1163 608 1259 646 bene
1279 618 1420 659 gestas,
1441 611 1555 648 ctian}

192 673 270 710 filio
287 672 366 722 ejus
384 671 564 708 defuncto
579 671 689 708 aliam
701 700 711 717 ,
725 672 849 708 solatii
865 685 995 709 caussa
1007 700 1016 717 ‚
1033 672 1195 722 positam
1218 675 1438 726 csse3Plura
1454 675 1555 712 dicta

192 745 279 773 sunt
302 736 480 772 oratorie.
506 735 629 772 Etiam
653 735 850 784 dispositio
874 729 1008 785 p‘lacet.
1034 739 1103 773 En.

426 883 465 911 C.
505 882 740 911 PLINIUS
776 883 1051 912 MACRINO
1088 884 1189 912 SUO
1225 885 1259 912 S.

202 1011 323 1052 HERI
353 1025 378 1052 a
407 1017 561 1052 senatu
586 1008 804 1052 Vestricio
830 1009 1062 1068 Spurinnae
1080 1044 1090 1062 ‚
1116 1009 1322 1069 principe
1347 1018 1556 1065 auctore..

137 1080 415 1141 triumphalis
444 1090 589 1125 statua
617 1080 790 1124 decreta
819 1090 883 1124 est
917 1098 925 1123 :
957 1097 1046 1123 non
1077 1081 1163 1136 ita,
1191 1091 1240 1125 ut
1268 1082 1416 1126 multis
1435 1119 1446 1135 .‚
1478 1085 1552 1144 qui

136 1171 368 1215 nunquam
401 1155 445 1198 in
488 1155 579 1198 acie
610 1163 855 1209 steterunt,
886 1171 1116 1215 nunquam
1148 1165 1289 1199 castra
1318 1155 1523 1200 viderunt
1541 1193 1556 1210 ‚A

136 1244 364 1288 nunquam
393 1228 582 1289 denique
610 1229 819 1272 tubarum
849 1244 1005 1272 sonum
1025 1263 1036 1282 ,
1069 1229 1151 1272 nisi
1186 1229 1231 1272 in
1260 1229 1518 1290 spectaculis
1540 1267 1552 1285 ‚

135 1301 372 1345 audierunt
397 1319 406 1345 :
425 1318 583 1363 'verum
610 1312 659 1345 ut
686 1301 793 1355 illis,
819 1303 895 1362 qui
916 1301 1048 1346 decus
1070 1302 1187 1346 istud
1208 1302 1366 1346 sudore
1392 1313 1435 1347 et
1458 1320 1551 1348 san-

136 1375 268 1418 cuine
297 1385 340 1418 et
368 1374 492 1419 factis
520 1375 865 1436 assequebantur
889 1392 898 1418 :
922 1391 1025 1418 nam
1045 1376 1269 1435 Spurinna
1289 1378 1551 1420 Bructerum

134 1464 283 1508 regem
304 1449 345 1490 vi
367 1458 410 1491 ct
429 1449 562 1492 armis
584 1448 756 1491 induxit
776 1449 821 1491 in
843 1465 1029 1509 regnum
1053 1465 1062 1492 :
1085 1458 1392 1510 ostentatoque
1414 1450 1551 1504 bello,

135 1520 448 1566 ferocissimam
467 1532 641 1583 gentem
658 1520 673 1575 ς’
687 1521 805 1582 quod
826 1532 889 1565 est
907 1521 1255 1582 pulcherrimum
1272 1523 1464 1567 victoriae
1481 1541 1552 1585 ge-

134 1594 244 1655 nus)
260 1605 426 1640 terrore
442 1596 705 1657 perdomuit.
726 1598 783 1639 Et
804 1596 889 1639 hoc
909 1595 1087 1656 quidem
1108 1596 1282 1639 virtutis
1302 1598 1551 1657 praelnium3

133 1667 241 1712 illud
261 1669 464 1714 solatium
485 1669 648 1713 doloris
668 1670 837 1730 accepit
851 1704 862 1722 ‚
881 1669 999 1729 quod
1018 1669 1108 1712 filio
1126 1669 1218 1729 ejus
1236 1671 1385 1714 Cottio
1398 1705 1408 1723 ‚
1422 1687 1551 1730 quem

133 1743 278 1787 amisit
301 1744 455 1787 absens
471 1779 482 1798 ,
508 1743 684 1786 habitus
709 1752 774 1786 est
799 1742 944 1785 honor
969 1752 1134 1786 statuae.
1162 1743 1328 1786 Rarum
1351 1741 1396 1785 id
1419 1743 1462 1784 in
1482 1743 1550 1802 ju·

132 1832 241 1860 vene
263 1834 271 1860 :
296 1817 370 1861 sed
395 1827 519 1878 pater
545 1817 631 1861 hoc
657 1833 833 1877 quoque
859 1817 1128 1869 merebatur,
1149 1815 1272 1876 cujus
1296 1816 1553 1877 gravissimo

132 1889 302 1933 vulneri
329 1907 490 1952 magno
517 1889 664 1951 aliquo
692 1889 888 1933 fomento
918 1889 1183 1932 medendum
1209 1888 1304 1932 fuit.
1336 1891 1550 1932 Praeterea

178 2018 260 2050 VH.
286 2031 311 2051 1.
330 2021 408 2051 Heri
423 2032 443 2050 a
460 2029 581 2051 senatu.
600 2020 699 2051 Rom.
725 2021 806 2049 Here

131 2084 151 2102 a.
176 2081 302 2103 senatu.
326 2071 371 2105 H.
392 2092 437 2096 —
454 2071 592 2115 Recepit
609 2070 780 2114 Gierigius
797 2095 805 2109 ‚

129 2135 254 2168 parum
282 2123 343 2155 sibi
369 2131 530 2157 constans
552 2123 644 2155 infra
661 2123 695 2154 Π
709 2147 717 2162 ,
743 2127 782 2162 Is}
797 2146 805 2161 ‚

131 2177 151 2206 6
167 2200 175 2214 ‚
195 2175 255 2207 ubi
282 2178 373 2212 here,
400 2176 481 2208 item
504 2176 541 2207 in
565 2174 662 2207 libris
690 2187 808 2220 reper-

130 2235 203 2259 tum
219 2253 227 2267 ‚
242 2229 459 2273 contempsit.
472 2227 555 2260 Vid.
572 2228 806 2272 Laurenberg.

129 2280 314 2325 Antiquar.
331 2281 367 2313 h.
385 2293 419 2313 v.
436 2280 581 2312 Vossius
599 2279 641 2312 de
658 2279 804 2324 Analog.

127 2333 151 2365 l.
170 2333 234 2371 IV,
250 2345 280 2365 c.
301 2346 339 2376 ¹9
354 2358 362 2372 ,
379 2333 453 2365 init.
470 2334 566 2365 Clav.
584 2333 657 2365 Cic.
675 2332 753 2364 hm.
770 2332 804 2364 S.

130 2406 174 2409 *⁴
193 2389 308 2417 Statua
332 2388 459 2417 decreta
486 2395 539 2417 est.
565 2386 664 2417 Rom.
691 2388 805 2415 Statua

129 2440 258 2469 decreta
269 2463 276 2475 ‚
290 2438 363 2470 sine
374 2447 429 2470 esc.
442 2437 486 2469 H.
502 2458 547 2461 -—
562 2440 735 2479 Nunquam
745 2461 751 2467 .
768 2461 774 2467 .
791 2461 798 2467 .

129 2490 278 2519 tubarum
294 2502 421 2521 sonum.
439 2513 445 2519 .
463 2490 661 2520 .au.dierum.
680 2492 743 2528 τοῖς
761 2491 803 2534 μὴ

128 2541 804 2587 wagwxeoeoelnmgsss‘vooe.Plutarch.Moral.

129 2605 165 2637 p.
190 2606 266 2625 220.
284 2594 323 2625 Ε.
342 2595 376 2626 S.
394 2615 439 2618 ——
456 2598 566 2626 Decus.
586 2598 727 2625 Dec-ora.
745 2619 751 2624 .
768 2619 774 2625 .
792 2620 797 2625 .

129 2644 193 2675 disi
213 2645 367 2678 solebant
387 2654 591 2679 ornamenta
611 2654 643 2678 et
663 2646 803 2691 proemia

129 2698 352 2730 fortitudinis.
373 2699 434 2730 En.

929 2030 958 2049 2.
991 2021 1188 2049 Bructerum.
1213 2015 1297 2048 Vid.
1328 2014 1475 2060 LongoI.
1505 2015 1550 2049 ad

872 2070 955 2102 Tac.
969 2069 1135 2102 German.
1149 2081 1179 2101 c.
1192 2068 1358 2106 XXXIII,
1372 2080 1407 2112 p.
1424 2079 1500 2100 122.
1513 2069 1548 2101 S.

873 2143 918 2146 —
930 2123 1078 2153 Bructeri
1086 2122 1178 2153 intra
1188 2120 1345 2152 Rhenum
1357 2145 1365 2159 ‚
1378 2120 1549 2165 Luppiam

875 2176 1014 2217 (Lippe)
1035 2181 1067 2206 et
1086 2172 1251 2206 Amisiam
1277 2173 1393 2216 (Ems)
1420 2172 1550 2205 incole-

875 2227 971 2260 bant.
992 2229 1056 2260 En.
1078 2247 1122 2251 -—
1142 2228 1289 2258 Influxit.
1313 2226 1434 2258 Cicero
1448 2251 1457 2266 5
1477 2226 1551 2271 opi-

873 2292 940 2312 nor
954 2304 963 2319 ,
983 2279 1173 2324 scripsisset
1191 2279 1345 2316 7·edu.z-it,·
1363 2278 1390 2311 si
1407 2278 1551 2324 quidem

872 2332 928 2365 hic
942 2332 985 2365 de
998 2335 1182 2364 reductione
1196 2332 1319 2376 agitur.
1332 2332 1365 2364 S.
1379 2352 1424 2356 —
1440 2334 1552 2363 oscen„

873 2395 1004 2427 latoque
1031 2387 1122 2416 bello.
1146 2388 1293 2415 ostentat
1318 2384 1447 2415 bellum
1462 2408 1470 2422 ‚
1487 2383 1548 2427 qui

872 2437 979 2483 copiis
1010 2436 1142 2469 eductis
1174 2436 1209 2469 id
1241 2435 1405 2468 minatur.
1439 2435 1479 2467 E.
1504 2455 1548 2459 —

872 2491 1113 2522 Ferocisst'mam
1132 2499 1271 2532 gentem.
1292 2489 1387 2532 Ipsos
1409 2488 1547 2519 Eruet&

872 2555 928 2575 ros
946 2567 954 2581 ‚
975 2542 1140 2586 populum
1160 2540 1421 2573 Germanicum.
1445 2540 1485 2570 F..

920 2602 951 2631 4.
981 2598 1145 2625 Fomeuto.
1174 2592 1322 2636 Tropice
1348 2590 1475 2623 dicitnr
1504 2591 1547 2624 (le

871 2647 1018 2685 solatiis,
1046 2659 1120 2691 qua·
1146 2646 1259 2678 valent
1298 2644 1339 2677 ad
1369 2643 1546 2676 leniendos

872 2700 975 2731 animi
994 2699 1143 2731 ‹tohu-vs.
1164 2699 1224 2729 ΗΠ.
