<?xml version="1.0" encoding="UTF-8"?>
<!DOCTYPE html PUBLIC "-//W3C//DTD XHTML 1.0 Transitional//EN"
    "http://www.w3.org/TR/xhtml1/DTD/xhtml1-transitional.dtd">
<html xmlns="http://www.w3.org/1999/xhtml" xml:lang="en" lang="en">
 <head>
  <title>
</title>
<meta http-equiv="Content-Type" content="text/html;charset=utf-8" />
  <meta name='ocr-system' content='tesseract 3.04.00' />
  <meta name='ocr-capabilities' content='ocr_page ocr_carea ocr_par ocr_line ocrx_word'/>
</head>
<body>
  <div class='ocr_page' id='page_1' title='image "./epistolarumlibri01plinuoft_0130.png"; bbox 0 0 1742 2989; ppageno 0'>
   <div class='ocr_carea' id='block_1_1' title="bbox 153 174 1558 535">
    <p class='ocr_par' dir='ltr' id='par_1_1' title="bbox 157 174 1123 223">
     <span class='ocr_line' id='line_1_1' title="bbox 157 174 1123 223; baseline -0.007 -1"><span class='ocrx_word' id='word_1_1' title='bbox 157 179 215 223; x_wconf 80' lang='lat'>50</span> <span class='ocrx_word' id='word_1_2' title='bbox 590 178 636 216; x_wconf 68' lang='lat' dir='ltr'>(l.</span> <span class='ocrx_word' id='word_1_3' title='bbox 672 175 896 217; x_wconf 81' lang='lat' dir='ltr'>PLINII</span> <span class='ocrx_word' id='word_1_4' title='bbox 932 174 1056 216; x_wconf 87' lang='lat' dir='ltr'>LIB.</span> <span class='ocrx_word' id='word_1_5' title='bbox 1091 174 1123 215; x_wconf 92' lang='lat' dir='ltr'>I.</span> 
     </span>
    </p>

    <p class='ocr_par' dir='ltr' id='par_1_2' title="bbox 153 256 1558 535">
     <span class='ocr_line' id='line_1_2' title="bbox 155 256 1558 319; baseline -0.007 -17"><span class='ocrx_word' id='word_1_6' title='bbox 155 260 344 319; x_wconf 83' lang='lat' dir='ltr'>aliquam</span> <span class='ocrx_word' id='word_1_7' title='bbox 362 256 588 317; x_wconf 80' lang='lat' dir='ltr'>stropham</span> <span class='ocrx_word' id='word_1_8' title='bbox 613 256 832 298; x_wconf 74' lang='lat' dir='ltr'>inveniam</span> <span class='ocrx_word' id='word_1_9' title='bbox 857 272 865 298; x_wconf 76' lang='grc' dir='ltr'>ε</span> <span class='ocrx_word' id='word_1_10' title='bbox 893 270 1106 314; x_wconf 80' lang='lat' dir='ltr'>agamque</span> <span class='ocrx_word' id='word_1_11' title='bbox 1129 268 1323 295; x_wconf 81' lang='lat' dir='ltr'>caussam</span> <span class='ocrx_word' id='word_1_12' title='bbox 1346 260 1489 303; x_wconf 75' lang='lat' dir='ltr'>tuam,</span> <span class='ocrx_word' id='word_1_13' title='bbox 1507 259 1558 293; x_wconf 81' lang='lat' dir='ltr'>ut</span> 
     </span>
     <span class='ocr_line' id='line_1_3' title="bbox 154 321 1558 394; baseline -0.009 -18"><span class='ocrx_word' id='word_1_14' title='bbox 154 336 291 394; x_wconf 82' lang='lat' dir='ltr'>ipsam</span> <span class='ocrx_word' id='word_1_15' title='bbox 320 348 475 392; x_wconf 76' lang='lat' dir='ltr'>agere,</span> <span class='ocrx_word' id='word_1_16' title='bbox 505 346 639 390; x_wconf 89' lang='lat' dir='ltr'>quum</span> <span class='ocrx_word' id='word_1_17' title='bbox 668 338 713 371; x_wconf 89' lang='lat' dir='ltr'>tu</span> <span class='ocrx_word' id='word_1_18' title='bbox 741 327 883 383; x_wconf 78' lang='lat' dir='ltr'>voles,</span> <span class='ocrx_word' id='word_1_19' title='bbox 912 327 1064 388; x_wconf 88' lang='lat' dir='ltr'>possis.</span> <span class='ocrx_word' id='word_1_20' title='bbox 1096 327 1171 369; x_wconf 88' lang='lat' dir='ltr'>Est</span> <span class='ocrx_word' id='word_1_21' title='bbox 1201 325 1316 367; x_wconf 82' lang='lat' dir='ltr'>enim</span> <span class='ocrx_word' id='word_1_22' title='bbox 1347 339 1449 367; x_wconf 90' lang='lat' dir='ltr'>sane</span> <span class='ocrx_word' id='word_1_23' title='bbox 1475 321 1558 365; x_wconf 89' lang='lat' dir='ltr'>alia</span> 
     </span>
     <span class='ocr_line' id='line_1_4' title="bbox 153 394 1558 461; baseline -0.01 -10"><span class='ocrx_word' id='word_1_24' title='bbox 153 407 265 451; x_wconf 85' lang='lat' dir='ltr'>ratio</span> <span class='ocrx_word' id='word_1_25' title='bbox 287 416 359 449; x_wconf 89' lang='lat' dir='ltr'>tua</span> <span class='ocrx_word' id='word_1_26' title='bbox 374 441 384 461; x_wconf 80' lang='lat'>,</span> <span class='ocrx_word' id='word_1_27' title='bbox 410 403 493 448; x_wconf 88' lang='lat' dir='ltr'>alia</span> <span class='ocrx_word' id='word_1_28' title='bbox 517 420 611 446; x_wconf 85' lang='lat' dir='ltr'>mea</span> <span class='ocrx_word' id='word_1_29' title='bbox 634 402 715 445; x_wconf 83' lang='lat' dir='ltr'>fuit</span> <span class='ocrx_word' id='word_1_30' title='bbox 737 418 746 444; x_wconf 74' lang='grc' dir='ltr'>ε</span> <span class='ocrx_word' id='word_1_31' title='bbox 771 418 871 444; x_wconf 90' lang='lat' dir='ltr'>nam</span> <span class='ocrx_word' id='word_1_32' title='bbox 891 400 1103 461; x_wconf 82' lang='lat' dir='ltr'>judicium</span> <span class='ocrx_word' id='word_1_33' title='bbox 1130 395 1442 442; x_wconf 86' lang='lat' dir='ltr'>centumvirale</span> <span class='ocrx_word' id='word_1_34' title='bbox 1472 394 1558 438; x_wconf 85' lang='lat' dir='ltr'>dif-</span> 
     </span>
     <span class='ocr_line' id='line_1_5' title="bbox 153 471 1557 535; baseline -0.009 -12"><span class='ocrx_word' id='word_1_35' title='bbox 153 479 256 523; x_wconf 82' lang='lat' dir='ltr'>ferri</span> <span class='ocrx_word' id='word_1_36' title='bbox 283 478 404 522; x_wconf 91' lang='lat' dir='ltr'>nullo</span> <span class='ocrx_word' id='word_1_37' title='bbox 431 476 594 531; x_wconf 81' lang='lat' dir='ltr'>modo;</span> <span class='ocrx_word' id='word_1_38' title='bbox 621 474 737 519; x_wconf 86' lang='lat' dir='ltr'>istud</span> <span class='ocrx_word' id='word_1_39' title='bbox 765 490 877 535; x_wconf 79' lang='lat' dir='ltr'>aegre</span> <span class='ocrx_word' id='word_1_40' title='bbox 903 473 1078 534; x_wconf 88' lang='lat' dir='ltr'>quidem</span> <span class='ocrx_word' id='word_1_41' title='bbox 1099 508 1110 529; x_wconf 82' lang='lat'>,</span> <span class='ocrx_word' id='word_1_42' title='bbox 1138 471 1212 515; x_wconf 83' lang='lat' dir='ltr'>sed</span> <span class='ocrx_word' id='word_1_43' title='bbox 1232 480 1378 514; x_wconf 87' lang='lat' dir='ltr'>tamen</span> <span class='ocrx_word' id='word_1_44' title='bbox 1399 477 1557 530; x_wconf 84' lang='lat' dir='ltr'>potest.</span> 
     </span>
    </p>
   </div>
   <div class='ocr_carea' id='block_1_2' title="bbox 154 552 280 597">
    <p class='ocr_par' dir='ltr' id='par_1_3' title="bbox 154 552 280 597">
     <span class='ocr_line' id='line_1_6' title="bbox 154 552 280 597; baseline -0.024 0"><span class='ocrx_word' id='word_1_45' title='bbox 154 552 280 597; x_wconf 83' lang='lat' dir='ltr'>Vale.</span> 
     </span>
    </p>
   </div>
   <div class='ocr_carea' id='block_1_3' title="bbox 769 838 949 894">
    <p class='ocr_par' dir='ltr' id='par_1_4' title="bbox 769 838 949 894">
     <span class='ocr_line' id='line_1_7' title="bbox 769 838 949 894; baseline -0.006 0"><span class='ocrx_word' id='word_1_46' title='bbox 769 838 949 894; x_wconf 88' lang='lat' dir='ltr'>XIX.</span> 
     </span>
    </p>
   </div>
   <div class='ocr_carea' id='block_1_4' title="bbox 155 987 1564 1109">
    <p class='ocr_par' dir='ltr' id='par_1_5' title="bbox 155 987 1564 1109">
     <span class='ocr_line' id='line_1_8' title="bbox 155 987 1564 1042; baseline -0.008 -10"><span class='ocrx_word' id='word_1_47' title='bbox 155 997 300 1041; x_wconf 80' lang='lat' dir='ltr'>Firmo,</span> <span class='ocrx_word' id='word_1_48' title='bbox 320 993 501 1042; x_wconf 85' lang='lat' dir='ltr'>municipi</span> <span class='ocrx_word' id='word_1_49' title='bbox 516 1005 604 1037; x_wconf 82' lang='lat' dir='ltr'>suo,</span> <span class='ocrx_word' id='word_1_50' title='bbox 623 1000 789 1027; x_wconf 82' lang='lat' dir='ltr'>trecenta</span> <span class='ocrx_word' id='word_1_51' title='bbox 804 990 973 1026; x_wconf 84' lang='lat' dir='ltr'>sestertia</span> <span class='ocrx_word' id='word_1_52' title='bbox 990 988 1104 1025; x_wconf 84' lang='lat' dir='ltr'>offert</span> <span class='ocrx_word' id='word_1_53' title='bbox 1118 987 1165 1024; x_wconf 84' lang='lat' dir='ltr'>ad</span> <span class='ocrx_word' id='word_1_54' title='bbox 1183 999 1334 1023; x_wconf 87' lang='lat' dir='ltr'>censum</span> <span class='ocrx_word' id='word_1_55' title='bbox 1351 994 1564 1035; x_wconf 75' lang='lat' dir='ltr'>equestrem</span> 
     </span>
     <span class='ocr_line' id='line_1_9' title="bbox 207 1049 1563 1109; baseline -0.007 -14"><span class='ocrx_word' id='word_1_56' title='bbox 207 1057 449 1109; x_wconf 77' lang='lat' dir='ltr'>explendum.</span> <span class='ocrx_word' id='word_1_57' title='bbox 476 1059 609 1094; x_wconf 86' lang='lat' dir='ltr'>Sermo</span> <span class='ocrx_word' id='word_1_58' title='bbox 641 1068 791 1104; x_wconf 83' lang='lat' dir='ltr'>pressus</span> <span class='ocrx_word' id='word_1_59' title='bbox 818 1062 874 1090; x_wconf 88' lang='lat' dir='ltr'>est</span> <span class='ocrx_word' id='word_1_60' title='bbox 901 1062 1103 1102; x_wconf 81' lang='lat' dir='ltr'>etpurus,</span> <span class='ocrx_word' id='word_1_61' title='bbox 1131 1052 1251 1100; x_wconf 84' lang='lat' dir='ltr'>qualis</span> <span class='ocrx_word' id='word_1_62' title='bbox 1278 1051 1495 1087; x_wconf 81' lang='lat' dir='ltr'>dominatur</span> <span class='ocrx_word' id='word_1_63' title='bbox 1526 1049 1563 1084; x_wconf 88' lang='lat' dir='ltr'>in</span> 
     </span>
    </p>
   </div>
   <div class='ocr_carea' id='block_1_5' title="bbox 208 1119 1029 1174">
    <p class='ocr_par' dir='ltr' id='par_1_6' title="bbox 208 1119 1029 1174">
     <span class='ocr_line' id='line_1_10' title="bbox 208 1119 1029 1174; baseline -0.01 -13"><span class='ocrx_word' id='word_1_64' title='bbox 208 1123 408 1174; x_wconf 80' lang='lat' dir='ltr'>colloquiis</span> <span class='ocrx_word' id='word_1_65' title='bbox 430 1121 704 1171; x_wconf 71' lang='lat' dir='ltr'>elegantiorum</span> <span class='ocrx_word' id='word_1_66' title='bbox 726 1119 935 1155; x_wconf 86' lang='lat' dir='ltr'>hominum.</span> <span class='ocrx_word' id='word_1_67' title='bbox 961 1121 1029 1154; x_wconf 73' lang='lat' dir='ltr'>Ei».</span> 
     </span>
    </p>
   </div>
   <div class='ocr_carea' id='block_1_6' title="bbox 353 1252 1367 1289">
    <p class='ocr_par' dir='ltr' id='par_1_7' title="bbox 353 1252 1367 1289">
     <span class='ocr_line' id='line_1_11' title="bbox 353 1252 1367 1289; baseline -0.01 0"><span class='ocrx_word' id='word_1_68' title='bbox 353 1262 394 1289; x_wconf 87' lang='lat' dir='ltr'>C.</span> <span class='ocrx_word' id='word_1_69' title='bbox 431 1258 665 1288; x_wconf 84' lang='lat' dir='ltr'>PLINIUS</span> <span class='ocrx_word' id='word_1_70' title='bbox 702 1255 939 1284; x_wconf 79' lang='lat' dir='ltr'><strong>ROMANO</strong></span> <span class='ocrx_word' id='word_1_71' title='bbox 977 1253 1160 1282; x_wconf 83' lang='lat' dir='ltr'>FIRMO</span> <span class='ocrx_word' id='word_1_72' title='bbox 1196 1252 1297 1281; x_wconf 88' lang='lat' dir='ltr'>SUO</span> <span class='ocrx_word' id='word_1_73' title='bbox 1333 1252 1367 1280; x_wconf 89' lang='lat' dir='ltr'>S.</span> 
     </span>
    </p>
   </div>
   <div class='ocr_carea' id='block_1_7' title="bbox 117 1369 1572 2168">
    <p class='ocr_par' dir='ltr' id='par_1_8' title="bbox 117 1369 1572 2168">
     <span class='ocr_line' id='line_1_12' title="bbox 222 1369 1566 1431; baseline -0.01 -7"><span class='ocrx_word' id='word_1_74' title='bbox 222 1382 508 1424; x_wconf 77' lang='lat' dir='ltr'><strong>MUNICEPS</strong></span> <span class='ocrx_word' id='word_1_75' title='bbox 538 1386 585 1419; x_wconf 90' lang='lat' dir='ltr'>tu</span> <span class='ocrx_word' id='word_1_76' title='bbox 614 1391 736 1418; x_wconf 92' lang='lat' dir='ltr'>meus</span> <span class='ocrx_word' id='word_1_77' title='bbox 765 1383 807 1416; x_wconf 88' lang='lat' dir='ltr'>et</span> <span class='ocrx_word' id='word_1_78' title='bbox 836 1371 1162 1431; x_wconf 85' lang='lat' dir='ltr'>condiscipulus</span> <span class='ocrx_word' id='word_1_79' title='bbox 1185 1406 1195 1425; x_wconf 78' lang='lat'>,</span> <span class='ocrx_word' id='word_1_80' title='bbox 1227 1380 1270 1413; x_wconf 89' lang='lat' dir='ltr'>et</span> <span class='ocrx_word' id='word_1_81' title='bbox 1299 1369 1353 1412; x_wconf 84' lang='lat' dir='ltr'>ab</span> <span class='ocrx_word' id='word_1_82' title='bbox 1386 1369 1566 1411; x_wconf 87' lang='lat' dir='ltr'>ineunte</span> 
     </span>
     <span class='ocr_line' id='line_1_13' title="bbox 157 1439 1566 1507; baseline -0.011 -9"><span class='ocrx_word' id='word_1_83' title='bbox 157 1464 281 1498; x_wconf 80' lang='lat' dir='ltr'>aetate</span> <span class='ocrx_word' id='word_1_84' title='bbox 315 1448 643 1496; x_wconf 81' lang='lat' dir='ltr'>contubernalis</span> <span class='ocrx_word' id='word_1_85' title='bbox 684 1465 691 1490; x_wconf 93' lang='lat'>:</span> <span class='ocrx_word' id='word_1_86' title='bbox 734 1456 858 1507; x_wconf 86' lang='lat' dir='ltr'>pater</span> <span class='ocrx_word' id='word_1_87' title='bbox 895 1455 995 1489; x_wconf 88' lang='lat' dir='ltr'>tuus</span> <span class='ocrx_word' id='word_1_88' title='bbox 1029 1454 1072 1488; x_wconf 85' lang='lat' dir='ltr'>et</span> <span class='ocrx_word' id='word_1_89' title='bbox 1105 1444 1235 1487; x_wconf 86' lang='lat' dir='ltr'>matri</span> <span class='ocrx_word' id='word_1_90' title='bbox 1272 1452 1314 1485; x_wconf 86' lang='lat' dir='ltr'>et</span> <span class='ocrx_word' id='word_1_91' title='bbox 1349 1439 1566 1484; x_wconf 86' lang='lat' dir='ltr'>avunculo</span> 
     </span>
     <span class='ocr_line' id='line_1_14' title="bbox 158 1518 1567 1581; baseline -0.01 -11"><span class='ocrx_word' id='word_1_92' title='bbox 158 1544 280 1581; x_wconf 81' lang='lat' dir='ltr'>meo,</span> <span class='ocrx_word' id='word_1_93' title='bbox 303 1525 411 1568; x_wconf 81' lang='lat' dir='ltr'>mihi</span> <span class='ocrx_word' id='word_1_94' title='bbox 441 1524 571 1566; x_wconf 86' lang='lat' dir='ltr'>etiam</span> <span class='ocrx_word' id='word_1_95' title='bbox 593 1557 603 1575; x_wconf 71' lang='lat'>‚</span> <span class='ocrx_word' id='word_1_96' title='bbox 634 1530 849 1581; x_wconf 83' lang='lat' dir='ltr'>quantum</span> <span class='ocrx_word' id='word_1_97' title='bbox 884 1519 1020 1562; x_wconf 62' lang='lat' dir='ltr'>aetatis</span> <span class='ocrx_word' id='word_1_98' title='bbox 1055 1518 1278 1560; x_wconf 80' lang='lat' dir='ltr'>diversitas</span> <span class='ocrx_word' id='word_1_99' title='bbox 1313 1531 1436 1576; x_wconf 85' lang='lat' dir='ltr'>passa</span> <span class='ocrx_word' id='word_1_100' title='bbox 1471 1524 1536 1557; x_wconf 86' lang='lat' dir='ltr'>est</span> <span class='ocrx_word' id='word_1_101' title='bbox 1556 1549 1567 1567; x_wconf 83' lang='lat'>,</span> 
     </span>
     <span class='ocr_line' id='line_1_15' title="bbox 159 1590 1569 1656; baseline -0.011 -13"><span class='ocrx_word' id='word_1_102' title='bbox 159 1599 381 1643; x_wconf 85' lang='lat' dir='ltr'>familiaris</span> <span class='ocrx_word' id='word_1_103' title='bbox 402 1615 410 1640; x_wconf 93' lang='lat'>:</span> <span class='ocrx_word' id='word_1_104' title='bbox 438 1612 606 1656; x_wconf 82' lang='lat' dir='ltr'>magnae</span> <span class='ocrx_word' id='word_1_105' title='bbox 632 1604 674 1637; x_wconf 86' lang='lat' dir='ltr'>et</span> <span class='ocrx_word' id='word_1_106' title='bbox 700 1610 850 1653; x_wconf 83' lang='lat' dir='ltr'>graves</span> <span class='ocrx_word' id='word_1_107' title='bbox 876 1608 1060 1643; x_wconf 78' lang='lat' dir='ltr'>caussae,</span> <span class='ocrx_word' id='word_1_108' title='bbox 1083 1607 1162 1634; x_wconf 87' lang='lat' dir='ltr'>cur</span> <span class='ocrx_word' id='word_1_109' title='bbox 1187 1590 1405 1648; x_wconf 85' lang='lat' dir='ltr'>suscipere</span> <span class='ocrx_word' id='word_1_110' title='bbox 1431 1597 1473 1629; x_wconf 89' lang='lat' dir='ltr'>et</span> <span class='ocrx_word' id='word_1_111' title='bbox 1499 1602 1569 1629; x_wconf 91' lang='lat' dir='ltr'>au-</span> 
     </span>
     <span class='ocr_line' id='line_1_16' title="bbox 117 1663 1569 1733; baseline -0.01 -15"><span class='ocrx_word' id='word_1_112' title='bbox 117 1702 133 1720; x_wconf 67' lang='lat'>·,2</span> <span class='ocrx_word' id='word_1_113' title='bbox 161 1690 261 1733; x_wconf 82' lang='lat' dir='ltr'>gere</span> <span class='ocrx_word' id='word_1_114' title='bbox 288 1672 547 1732; x_wconf 77' lang='lat' dir='ltr'>dignitatem</span> <span class='ocrx_word' id='word_1_115' title='bbox 576 1678 695 1711; x_wconf 86' lang='lat' dir='ltr'>tuam</span> <span class='ocrx_word' id='word_1_116' title='bbox 726 1667 921 1710; x_wconf 79' lang='lat' dir='ltr'>debeam.</span> <span class='ocrx_word' id='word_1_117' title='bbox 956 1668 1060 1709; x_wconf 86' lang='lat' dir='ltr'>Esse</span> <span class='ocrx_word' id='word_1_118' title='bbox 1094 1674 1240 1707; x_wconf 87' lang='lat' dir='ltr'>autem</span> <span class='ocrx_word' id='word_1_119' title='bbox 1277 1663 1356 1706; x_wconf 87' lang='lat' dir='ltr'>tibi</span> <span class='ocrx_word' id='word_1_120' title='bbox 1392 1670 1569 1705; x_wconf 88' lang='lat' dir='ltr'>centum</span> 
     </span>
     <span class='ocr_line' id='line_1_17' title="bbox 161 1735 1567 1799; baseline -0.01 -9"><span class='ocrx_word' id='word_1_121' title='bbox 161 1746 348 1790; x_wconf 86' lang='lat' dir='ltr'>millium</span> <span class='ocrx_word' id='word_1_122' title='bbox 374 1760 554 1788; x_wconf 86' lang='lat' dir='ltr'>censum</span> <span class='ocrx_word' id='word_1_123' title='bbox 583 1742 685 1785; x_wconf 86' lang='lat' dir='ltr'>satis</span> <span class='ocrx_word' id='word_1_124' title='bbox 712 1741 875 1783; x_wconf 89' lang='lat' dir='ltr'>indicat</span> <span class='ocrx_word' id='word_1_125' title='bbox 894 1774 905 1791; x_wconf 83' lang='lat'>‚</span> <span class='ocrx_word' id='word_1_126' title='bbox 935 1738 1053 1799; x_wconf 84' lang='lat' dir='ltr'>quod</span> <span class='ocrx_word' id='word_1_127' title='bbox 1076 1737 1190 1798; x_wconf 87' lang='lat' dir='ltr'>apud</span> <span class='ocrx_word' id='word_1_128' title='bbox 1211 1753 1290 1779; x_wconf 87' lang='lat' dir='ltr'>nos</span> <span class='ocrx_word' id='word_1_129' title='bbox 1312 1735 1490 1778; x_wconf 87' lang='lat' dir='ltr'>decurio</span> <span class='ocrx_word' id='word_1_130' title='bbox 1511 1750 1567 1776; x_wconf 88' lang='lat' dir='ltr'>es.</span> 
     </span>
     <span class='ocr_line' id='line_1_18' title="bbox 161 1808 1569 1880; baseline -0.009 -18"><span class='ocrx_word' id='word_1_131' title='bbox 161 1820 305 1880; x_wconf 82' lang='lat' dir='ltr'>Igitur</span> <span class='ocrx_word' id='word_1_132' title='bbox 325 1854 336 1871; x_wconf 72' lang='lat'>‚</span> <span class='ocrx_word' id='word_1_133' title='bbox 366 1827 413 1860; x_wconf 88' lang='lat' dir='ltr'>ut</span> <span class='ocrx_word' id='word_1_134' title='bbox 442 1826 484 1859; x_wconf 85' lang='lat' dir='ltr'>te</span> <span class='ocrx_word' id='word_1_135' title='bbox 512 1831 603 1858; x_wconf 87' lang='lat' dir='ltr'>non</span> <span class='ocrx_word' id='word_1_136' title='bbox 630 1815 866 1858; x_wconf 83' lang='lat' dir='ltr'>decurione</span> <span class='ocrx_word' id='word_1_137' title='bbox 894 1812 1059 1863; x_wconf 74' lang='lat' dir='ltr'>solum,</span> <span class='ocrx_word' id='word_1_138' title='bbox 1090 1827 1243 1854; x_wconf 87' lang='lat' dir='ltr'>verum</span> <span class='ocrx_word' id='word_1_139' title='bbox 1267 1810 1397 1852; x_wconf 87' lang='lat' dir='ltr'>etiam</span> <span class='ocrx_word' id='word_1_140' title='bbox 1424 1808 1569 1868; x_wconf 85' lang='lat' dir='ltr'>equite</span> 
     </span>
     <span class='ocr_line' id='line_1_19' title="bbox 161 1883 1571 1950; baseline -0.009 -15"><span class='ocrx_word' id='word_1_141' title='bbox 161 1895 365 1936; x_wconf 83' lang='lat' dir='ltr'>Romano</span> <span class='ocrx_word' id='word_1_142' title='bbox 394 1889 695 1950; x_wconf 70' lang='lat' dir='ltr'>perfruamur,</span> <span class='ocrx_word' id='word_1_143' title='bbox 721 1886 860 1930; x_wconf 79' lang='lat' dir='ltr'>offero</span> <span class='ocrx_word' id='word_1_144' title='bbox 890 1886 969 1929; x_wconf 82' lang='lat' dir='ltr'>tibi</span> <span class='ocrx_word' id='word_1_145' title='bbox 999 1885 1053 1928; x_wconf 86' lang='lat' dir='ltr'>ad</span> <span class='ocrx_word' id='word_1_146' title='bbox 1084 1883 1325 1945; x_wconf 85' lang='lat' dir='ltr'>implendas</span> <span class='ocrx_word' id='word_1_147' title='bbox 1351 1890 1571 1942; x_wconf 85' lang='lat' dir='ltr'>equestres</span> 
     </span>
     <span class='ocr_line' id='line_1_20' title="bbox 120 1953 1572 2014; baseline -0.008 -9"><span class='ocrx_word' id='word_1_148' title='bbox 120 1975 138 2007; x_wconf 74' lang='lat'>13</span> <span class='ocrx_word' id='word_1_149' title='bbox 165 1964 391 2008; x_wconf 80' lang='lat' dir='ltr'>facultates</span> <span class='ocrx_word' id='word_1_150' title='bbox 408 1979 481 2005; x_wconf 89' lang='lat' dir='ltr'>ccc</span> <span class='ocrx_word' id='word_1_151' title='bbox 500 1960 636 2004; x_wconf 86' lang='lat' dir='ltr'>millia</span> <span class='ocrx_word' id='word_1_152' title='bbox 647 1960 960 2003; x_wconf 68' lang='lat' dir='ltr'>nummfimTe</span> <span class='ocrx_word' id='word_1_153' title='bbox 978 1973 1214 2001; x_wconf 87' lang='lat' dir='ltr'>memorem</span> <span class='ocrx_word' id='word_1_154' title='bbox 1234 1956 1364 2014; x_wconf 84' lang='lat' dir='ltr'>hujus</span> <span class='ocrx_word' id='word_1_155' title='bbox 1377 1953 1572 1997; x_wconf 90' lang='lat' dir='ltr'>muneris</span> 
     </span>
     <span class='ocr_line' id='line_1_21' title="bbox 167 2025 1570 2093; baseline -0.01 -12"><span class='ocrx_word' id='word_1_156' title='bbox 167 2038 366 2082; x_wconf 85' lang='lat' dir='ltr'>amicitiae</span> <span class='ocrx_word' id='word_1_157' title='bbox 391 2045 550 2078; x_wconf 81' lang='lat' dir='ltr'>nostrae</span> <span class='ocrx_word' id='word_1_158' title='bbox 574 2034 838 2077; x_wconf 81' lang='lat' dir='ltr'>diuturnitas</span> <span class='ocrx_word' id='word_1_159' title='bbox 862 2032 1058 2093; x_wconf 87' lang='lat' dir='ltr'>spondet.</span> <span class='ocrx_word' id='word_1_160' title='bbox 1082 2033 1174 2090; x_wconf 83' lang='lat' dir='ltr'>Ego</span> <span class='ocrx_word' id='word_1_161' title='bbox 1195 2046 1248 2072; x_wconf 88' lang='lat' dir='ltr'>ne</span> <span class='ocrx_word' id='word_1_162' title='bbox 1268 2027 1375 2070; x_wconf 81' lang='lat' dir='ltr'>illud</span> <span class='ocrx_word' id='word_1_163' title='bbox 1395 2025 1570 2086; x_wconf 88' lang='lat' dir='ltr'>quidem</span> 
     </span>
     <span class='ocr_line' id='line_1_22' title="bbox 169 2101 1572 2168; baseline -0.01 -14"><span class='ocrx_word' id='word_1_164' title='bbox 169 2111 384 2155; x_wconf 84' lang='lat' dir='ltr'>admoneo</span> <span class='ocrx_word' id='word_1_165' title='bbox 402 2144 413 2164; x_wconf 79' lang='lat'>‚</span> <span class='ocrx_word' id='word_1_166' title='bbox 435 2108 555 2168; x_wconf 91' lang='lat' dir='ltr'>quod</span> <span class='ocrx_word' id='word_1_167' title='bbox 575 2107 810 2150; x_wconf 85' lang='lat' dir='ltr'>admonere</span> <span class='ocrx_word' id='word_1_168' title='bbox 831 2106 1031 2149; x_wconf 81' lang='lat' dir='ltr'>deberem</span> <span class='ocrx_word' id='word_1_169' title='bbox 1046 2140 1057 2158; x_wconf 92' lang='lat'>,</span> <span class='ocrx_word' id='word_1_170' title='bbox 1078 2103 1160 2146; x_wconf 87' lang='lat' dir='ltr'>nisi</span> <span class='ocrx_word' id='word_1_171' title='bbox 1182 2112 1223 2145; x_wconf 87' lang='lat' dir='ltr'>te</span> <span class='ocrx_word' id='word_1_172' title='bbox 1241 2101 1395 2145; x_wconf 88' lang='lat' dir='ltr'>scirem</span> <span class='ocrx_word' id='word_1_173' title='bbox 1417 2107 1572 2159; x_wconf 88' lang='lat' dir='ltr'>sponte</span> 
     </span>
    </p>
   </div>
   <div class='ocr_carea' id='block_1_8' title="bbox 171 2174 1572 2241">
    <p class='ocr_par' dir='ltr' id='par_1_9' title="bbox 171 2174 1572 2241">
     <span class='ocr_line' id='line_1_23' title="bbox 171 2174 1572 2241; baseline -0.01 -14"><span class='ocrx_word' id='word_1_174' title='bbox 171 2184 408 2237; x_wconf 75' lang='lat' dir='ltr'>facturum,</span> <span class='ocrx_word' id='word_1_175' title='bbox 424 2191 473 2224; x_wconf 83' lang='lat' dir='ltr'>ut</span> <span class='ocrx_word' id='word_1_176' title='bbox 490 2181 703 2241; x_wconf 81' lang='lat' dir='ltr'>dignitate</span> <span class='ocrx_word' id='word_1_177' title='bbox 721 2197 744 2223; x_wconf 86' lang='lat' dir='ltr'>a</span> <span class='ocrx_word' id='word_1_178' title='bbox 759 2197 827 2223; x_wconf 87' lang='lat' dir='ltr'>me</span> <span class='ocrx_word' id='word_1_179' title='bbox 845 2180 945 2222; x_wconf 87' lang='lat' dir='ltr'>data</span> <span class='ocrx_word' id='word_1_180' title='bbox 962 2195 1091 2238; x_wconf 90' lang='lat' dir='ltr'>quam</span> <span class='ocrx_word' id='word_1_181' title='bbox 1107 2174 1421 2219; x_wconf 85' lang='lat' dir='ltr'>modestissime</span> <span class='ocrx_word' id='word_1_182' title='bbox 1436 2182 1572 2215; x_wconf 84' lang='lat' dir='ltr'>utare.</span> 
     </span>
    </p>
   </div>
   <div class='ocr_carea' id='block_1_9' title="bbox 174 2311 843 2516">
    <p class='ocr_par' dir='ltr' id='par_1_10' title="bbox 174 2311 843 2516">
     <span class='ocr_line' id='line_1_24' title="bbox 218 2311 841 2356; baseline -0.01 -7"><span class='ocrx_word' id='word_1_183' title='bbox 218 2317 313 2349; x_wconf 86' lang='lat' dir='ltr'>XIX.</span> <span class='ocrx_word' id='word_1_184' title='bbox 335 2328 366 2346; x_wconf 74' lang='lat'>2.</span> <span class='ocrx_word' id='word_1_185' title='bbox 384 2317 551 2356; x_wconf 77' lang='lat' dir='ltr'>Equestres</span> <span class='ocrx_word' id='word_1_186' title='bbox 561 2315 751 2356; x_wconf 69' lang='lat' dir='ltr'>facultales.</span> <span class='ocrx_word' id='word_1_187' title='bbox 771 2311 841 2343; x_wconf 87' lang='grc' dir='ltr'>ΗΟ-</span> 
     </span>
     <span class='ocr_line' id='line_1_25' title="bbox 174 2367 533 2413; baseline -0.011 -12"><span class='ocrx_word' id='word_1_188' title='bbox 174 2377 239 2402; x_wconf 80' lang='lat' dir='ltr'>rat.</span> <span class='ocrx_word' id='word_1_189' title='bbox 260 2368 356 2413; x_wconf 84' lang='lat' dir='ltr'>epist.</span> <span class='ocrx_word' id='word_1_190' title='bbox 372 2367 388 2398; x_wconf 86' lang='grc' dir='ltr'>Ῑ</span> <span class='ocrx_word' id='word_1_191' title='bbox 402 2391 410 2405; x_wconf 87' lang='grc'><em>,</em></span> <span class='ocrx_word' id='word_1_192' title='bbox 434 2379 446 2398; x_wconf 87' lang='lat'>1</span> <span class='ocrx_word' id='word_1_193' title='bbox 466 2391 474 2405; x_wconf 84' lang='lat'>‚</span> <span class='ocrx_word' id='word_1_194' title='bbox 493 2368 533 2409; x_wconf 76' lang='lat'>57</span> 
     </span>
     <span class='ocr_line' id='line_1_26' title="bbox 174 2417 843 2457; baseline -0.009 -3"><span class='ocrx_word' id='word_1_195' title='bbox 174 2434 218 2454; x_wconf 86' lang='lat' dir='ltr'>ne</span> <span class='ocrx_word' id='word_1_196' title='bbox 234 2420 376 2453; x_wconf 80' lang='lat' dir='ltr'>Bentleii</span> <span class='ocrx_word' id='word_1_197' title='bbox 394 2431 401 2451; x_wconf 77' lang='lat' dir='ltr'>z</span> <span class='ocrx_word' id='word_1_198' title='bbox 420 2435 432 2447; x_wconf 82' lang='lat' dir='ltr'>u</span> <span class='ocrx_word' id='word_1_199' title='bbox 445 2419 502 2450; x_wconf 78' lang='lat' dir='ltr'>Est</span> <span class='ocrx_word' id='word_1_200' title='bbox 518 2417 652 2450; x_wconf 83' lang='lat' dir='ltr'>animus</span> <span class='ocrx_word' id='word_1_201' title='bbox 666 2417 725 2449; x_wconf 78' lang='lat' dir='ltr'>tibi</span> <span class='ocrx_word' id='word_1_202' title='bbox 737 2442 745 2457; x_wconf 69' lang='lat'>7</span> <span class='ocrx_word' id='word_1_203' title='bbox 763 2425 843 2449; x_wconf 81' lang='lat' dir='ltr'>sunt</span> 
     </span>
     <span class='ocr_line' id='line_1_27' title="bbox 178 2468 843 2516; baseline -0.008 -10"><span class='ocrx_word' id='word_1_204' title='bbox 178 2486 289 2506; x_wconf 84' lang='lat' dir='ltr'>mores</span> <span class='ocrx_word' id='word_1_205' title='bbox 308 2498 316 2513; x_wconf 83' lang='lat'>‚</span> <span class='ocrx_word' id='word_1_206' title='bbox 342 2479 392 2504; x_wconf 88' lang='lat' dir='ltr'>est</span> <span class='ocrx_word' id='word_1_207' title='bbox 417 2470 536 2516; x_wconf 79' lang='lat' dir='ltr'>lingua</span> <span class='ocrx_word' id='word_1_208' title='bbox 558 2469 712 2514; x_wconf 85' lang='lat' dir='ltr'>fidesque</span> <span class='ocrx_word' id='word_1_209' title='bbox 741 2481 748 2501; x_wconf 67' lang='grc' dir='ltr'><strong><em>ι</em></strong></span> <span class='ocrx_word' id='word_1_210' title='bbox 777 2468 843 2502; x_wconf 73' lang='lat' dir='ltr'>Sed</span> 
     </span>
    </p>
   </div>
   <div class='ocr_carea' id='block_1_10' title="bbox 905 2306 1575 2501">
    <p class='ocr_par' dir='ltr' id='par_1_11' title="bbox 906 2306 1574 2406">
     <span class='ocr_line' id='line_1_28' title="bbox 907 2306 1574 2353; baseline -0.007 -11"><span class='ocrx_word' id='word_1_211' title='bbox 907 2322 926 2342; x_wconf 82' lang='lat' dir='ltr'>a</span> <span class='ocrx_word' id='word_1_212' title='bbox 958 2310 1075 2342; x_wconf 76' lang='lat' dir='ltr'>Cortio</span> <span class='ocrx_word' id='word_1_213' title='bbox 1106 2308 1248 2353; x_wconf 79' lang='lat' dir='ltr'>inspecti</span> <span class='ocrx_word' id='word_1_214' title='bbox 1276 2320 1356 2340; x_wconf 88' lang='lat' dir='ltr'>cum</span> <span class='ocrx_word' id='word_1_215' title='bbox 1384 2306 1574 2339; x_wconf 84' lang='lat' dir='ltr'>Brummcri</span> 
     </span>
     <span class='ocr_line' id='line_1_29' title="bbox 906 2361 1286 2406; baseline -0.008 -11"><span class='ocrx_word' id='word_1_216' title='bbox 906 2362 1083 2406; x_wconf 78' lang='lat' dir='ltr'>excerptis.</span> <span class='ocrx_word' id='word_1_217' title='bbox 1102 2361 1228 2393; x_wconf 82' lang='lat' dir='ltr'>Placet.</span> <span class='ocrx_word' id='word_1_218' title='bbox 1250 2361 1286 2394; x_wconf 91' lang='lat' dir='ltr'>S.</span> 
     </span>
    </p>

    <p class='ocr_par' dir='ltr' id='par_1_12' title="bbox 905 2410 1575 2501">
     <span class='ocr_line' id='line_1_30' title="bbox 956 2410 1574 2447; baseline -0.01 -1"><span class='ocrx_word' id='word_1_219' title='bbox 956 2418 985 2447; x_wconf 78' lang='lat'>3.</span> <span class='ocrx_word' id='word_1_220' title='bbox 1001 2417 1072 2446; x_wconf 76' lang='lat' dir='ltr'>Nisi</span> <span class='ocrx_word' id='word_1_221' title='bbox 1086 2425 1114 2446; x_wconf 80' lang='lat' dir='ltr'>te</span> <span class='ocrx_word' id='word_1_222' title='bbox 1128 2415 1248 2446; x_wconf 76' lang='lat' dir='ltr'>scirem.</span> <span class='ocrx_word' id='word_1_223' title='bbox 1261 2411 1383 2445; x_wconf 86' lang='lat' dir='ltr'>Omisit</span> <span class='ocrx_word' id='word_1_224' title='bbox 1397 2420 1427 2442; x_wconf 80' lang='lat' dir='ltr'>te</span> <span class='ocrx_word' id='word_1_225' title='bbox 1439 2410 1574 2442; x_wconf 77' lang='lat' dir='ltr'>Cortius</span> 
     </span>
     <span class='ocr_line' id='line_1_31' title="bbox 905 2463 1575 2501; baseline -0.012 -1"><span class='ocrx_word' id='word_1_226' title='bbox 905 2469 1072 2501; x_wconf 83' lang='lat' dir='ltr'>librorum</span> <span class='ocrx_word' id='word_1_227' title='bbox 1089 2466 1291 2500; x_wconf 81' lang='lat' dir='ltr'>auctoritate</span> <span class='ocrx_word' id='word_1_228' title='bbox 1305 2476 1311 2496; x_wconf 88' lang='lat'>:</span> <span class='ocrx_word' id='word_1_229' title='bbox 1323 2475 1386 2496; x_wconf 87' lang='lat' dir='ltr'>nec</span> <span class='ocrx_word' id='word_1_230' title='bbox 1399 2463 1575 2494; x_wconf 80' lang='lat' dir='ltr'>Brunnue-</span> 
     </span>
    </p>
   </div>
   <div class='ocr_carea' id='block_1_11' title="bbox 546 2364 843 2404">
    <p class='ocr_par' dir='ltr' id='par_1_13' title="bbox 546 2364 843 2404">
     <span class='ocr_line' id='line_1_32' title="bbox 546 2364 843 2404; baseline -0.003 -7"><span class='ocrx_word' id='word_1_231' title='bbox 546 2390 554 2404; x_wconf 86' lang='lat'><em>‚</em></span> <span class='ocrx_word' id='word_1_232' title='bbox 575 2378 616 2397; x_wconf 80' lang='lat' dir='ltr'>ex</span> <span class='ocrx_word' id='word_1_233' title='bbox 635 2364 843 2397; x_wconf 76' lang='lat' dir='ltr'>emendatio-</span> 
     </span>
    </p>
   </div>
   <div class='ocr_carea' id='block_1_12' title="bbox 178 2521 845 2724">
    <p class='ocr_par' dir='ltr' id='par_1_14' title="bbox 178 2521 845 2724">
     <span class='ocr_line' id='line_1_33' title="bbox 178 2521 844 2570; baseline -0.009 -11"><span class='ocrx_word' id='word_1_234' title='bbox 178 2523 440 2570; x_wconf 79' lang='lat' dir='ltr'>quadringentis</span> <span class='ocrx_word' id='word_1_235' title='bbox 457 2536 513 2556; x_wconf 84' lang='lat' dir='ltr'>sex</span> <span class='ocrx_word' id='word_1_236' title='bbox 527 2531 655 2567; x_wconf 81' lang='lat' dir='ltr'>septem</span> <span class='ocrx_word' id='word_1_237' title='bbox 672 2522 774 2554; x_wconf 83' lang='lat' dir='ltr'>millia</span> <span class='ocrx_word' id='word_1_238' title='bbox 788 2521 844 2553; x_wconf 85' lang='lat' dir='ltr'>(le-</span> 
     </span>
     <span class='ocr_line' id='line_1_34' title="bbox 179 2574 843 2617; baseline -0.006 -8"><span class='ocrx_word' id='word_1_239' title='bbox 179 2578 267 2617; x_wconf 80' lang='lat' dir='ltr'>sint;</span> <span class='ocrx_word' id='word_1_240' title='bbox 294 2577 393 2608; x_wconf 88' lang='lat' dir='ltr'>Plebs</span> <span class='ocrx_word' id='word_1_241' title='bbox 415 2576 492 2608; x_wconf 78' lang='lat' dir='ltr'>cris.</span> <span class='ocrx_word' id='word_1_242' title='bbox 506 2593 522 2604; x_wconf 87' lang='lat'>»</span> <span class='ocrx_word' id='word_1_243' title='bbox 541 2574 631 2606; x_wconf 87' lang='lat' dir='ltr'>Add.</span> <span class='ocrx_word' id='word_1_244' title='bbox 653 2574 757 2606; x_wconf 73' lang='lat' dir='ltr'>Mart.</span> <span class='ocrx_word' id='word_1_245' title='bbox 778 2575 843 2613; x_wconf 77' lang='lat' dir='ltr'>IV,</span> 
     </span>
     <span class='ocr_line' id='line_1_35' title="bbox 180 2628 845 2674; baseline -0.009 -12"><span class='ocrx_word' id='word_1_246' title='bbox 180 2633 237 2674; x_wconf 76' lang='grc'>67.</span> <span class='ocrx_word' id='word_1_247' title='bbox 247 2629 290 2662; x_wconf 89' lang='lat' dir='ltr'>G.</span> <span class='ocrx_word' id='word_1_248' title='bbox 301 2650 345 2653; x_wconf 89' lang='lat'>—</span> <span class='ocrx_word' id='word_1_249' title='bbox 359 2630 455 2661; x_wconf 75' lang='lat' dir='ltr'>Rom.</span> <span class='ocrx_word' id='word_1_250' title='bbox 469 2630 525 2660; x_wconf 74' lang='lat' dir='ltr'>Ad</span> <span class='ocrx_word' id='word_1_251' title='bbox 542 2629 716 2670; x_wconf 72' lang='lat' dir='ltr'>implendas</span> <span class='ocrx_word' id='word_1_252' title='bbox 733 2628 845 2669; x_wconf 65' lang='lat' dir='ltr'>equitis</span> 
     </span>
     <span class='ocr_line' id='line_1_36' title="bbox 182 2678 844 2724; baseline -0.008 -9"><span class='ocrx_word' id='word_1_253' title='bbox 182 2681 373 2715; x_wconf 75' lang='lat' dir='ltr'>facultates.</span> <span class='ocrx_word' id='word_1_254' title='bbox 395 2681 437 2713; x_wconf 82' lang='lat' dir='ltr'>H.</span> <span class='ocrx_word' id='word_1_255' title='bbox 456 2702 501 2706; x_wconf 84' lang='lat'>—</span> <span class='ocrx_word' id='word_1_256' title='bbox 520 2680 572 2714; x_wconf 85' lang='lat' dir='ltr'>Sic</span> <span class='ocrx_word' id='word_1_257' title='bbox 590 2687 621 2713; x_wconf 86' lang='lat' dir='ltr'>ct</span> <span class='ocrx_word' id='word_1_258' title='bbox 639 2679 752 2724; x_wconf 77' lang='lat' dir='ltr'>plui-cs</span> <span class='ocrx_word' id='word_1_259' title='bbox 771 2678 844 2711; x_wconf 81' lang='lat' dir='ltr'>libri</span> 
     </span>
    </p>
   </div>
   <div class='ocr_carea' id='block_1_13' title="bbox 909 2514 1576 2619">
    <p class='ocr_par' dir='ltr' id='par_1_15' title="bbox 909 2514 1575 2619">
     <span class='ocr_line' id='line_1_37' title="bbox 909 2514 1575 2565; baseline -0.015 -11"><span class='ocrx_word' id='word_1_260' title='bbox 909 2534 967 2554; x_wconf 77' lang='lat' dir='ltr'>rus</span> <span class='ocrx_word' id='word_1_261' title='bbox 984 2521 1017 2553; x_wconf 84' lang='lat' dir='ltr'>in</span> <span class='ocrx_word' id='word_1_262' title='bbox 1043 2520 1110 2553; x_wconf 84' lang='lat' dir='ltr'>suis</span> <span class='ocrx_word' id='word_1_263' title='bbox 1128 2519 1265 2565; x_wconf 73' lang='lat' dir='ltr'>leperit.</span> <span class='ocrx_word' id='word_1_264' title='bbox 1284 2518 1364 2562; x_wconf 83' lang='lat' dir='ltr'>Ipsa</span> <span class='ocrx_word' id='word_1_265' title='bbox 1386 2514 1481 2547; x_wconf 80' lang='lat' dir='ltr'>sedes</span> <span class='ocrx_word' id='word_1_266' title='bbox 1503 2515 1575 2558; x_wconf 82' lang='lat' dir='ltr'>ejus</span> 
     </span>
     <span class='ocr_line' id='line_1_38' title="bbox 909 2566 1576 2619; baseline -0.015 -12"><span class='ocrx_word' id='word_1_267' title='bbox 909 2586 997 2619; x_wconf 54' lang='lat' dir='ltr'>vagt</span> <span class='ocrx_word' id='word_1_268' title='bbox 1027 2572 1238 2617; x_wconf 70' lang='lat' dir='ltr'>glossematis</span> <span class='ocrx_word' id='word_1_269' title='bbox 1272 2575 1385 2602; x_wconf 84' lang='lat' dir='ltr'>movet</span> <span class='ocrx_word' id='word_1_270' title='bbox 1416 2566 1576 2611; x_wconf 85' lang='lat' dir='ltr'>suspicio—</span> 
     </span>
    </p>
   </div>
   <div class='ocr_carea' id='block_1_14' title="bbox 910 2620 1571 2659">
    <p class='ocr_par' dir='ltr' id='par_1_16' title="bbox 910 2620 1571 2659">
     <span class='ocr_line' id='line_1_39' title="bbox 910 2620 1571 2659; baseline -0.015 0"><span class='ocrx_word' id='word_1_271' title='bbox 910 2640 1001 2659; x_wconf 80' lang='lat' dir='ltr'>nem.</span> <span class='ocrx_word' id='word_1_272' title='bbox 1024 2626 1077 2659; x_wconf 82' lang='lat' dir='ltr'>Cf.</span> <span class='ocrx_word' id='word_1_273' title='bbox 1100 2623 1271 2657; x_wconf 82' lang='lat' dir='ltr'>Drakenb.</span> <span class='ocrx_word' id='word_1_274' title='bbox 1294 2620 1336 2654; x_wconf 83' lang='lat' dir='ltr'>ad</span> <span class='ocrx_word' id='word_1_275' title='bbox 1353 2620 1427 2652; x_wconf 81' lang='lat' dir='ltr'>Liv.</span> <span class='ocrx_word' id='word_1_276' title='bbox 1445 2620 1484 2658; x_wconf 91' lang='lat' dir='ltr'>I,</span> <span class='ocrx_word' id='word_1_277' title='bbox 1507 2620 1571 2652; x_wconf 70' lang='lat'>2¹3,</span> 
     </span>
    </p>
   </div>
   <div class='ocr_carea' id='block_1_15' title="bbox 939 2675 1572 2719">
    <p class='ocr_par' dir='ltr' id='par_1_17' title="bbox 939 2675 1572 2719">
     <span class='ocr_line' id='line_1_40' title="bbox 939 2675 1572 2719; baseline -0.02 -6.437"><span class='ocrx_word' id='word_1_278' title='bbox 939 2679 998 2711; x_wconf 88' lang='lat' dir='ltr'>.S.</span> <span class='ocrx_word' id='word_1_279' title='bbox 1021 2699 1065 2703; x_wconf 81' lang='lat'>-—</span> <span class='ocrx_word' id='word_1_280' title='bbox 1094 2682 1196 2719; x_wconf 82' lang='lat' dir='ltr'>Quam</span> <span class='ocrx_word' id='word_1_281' title='bbox 1222 2675 1447 2708; x_wconf 74' lang='lat' dir='ltr'>modestissime</span> <span class='ocrx_word' id='word_1_282' title='bbox 1473 2681 1572 2702; x_wconf 70' lang='lat' dir='ltr'>aare</span> 
     </span>
    </p>
   </div>
  </div>
 </body>
</html>
