1742 2989
136 219 194 264 70
552 206 602 249 C.
642 206 869 251 PLINII
904 208 1030 250 LIB.
1071 209 1134 251 Il.

134 294 345 345 tanquam
372 285 426 329 ad
453 286 573 331 hunc
598 288 743 348 ipsum
771 286 987 332 honorem
1018 287 1186 350 publici
1215 287 1380 333 funeris
1411 305 1552 333 reser-

96 371 113 405 2}
135 367 274 403 vatus.
302 360 482 403 Annum
519 361 698 404 tertium
735 370 779 404 et
812 363 1132 424 octogesimum
1155 363 1337 407 excessit
1369 363 1415 406 in
1438 362 1553 407 altis-

91 1110 110 1137 (i

134 431 242 475 sima
269 433 620 494 tranquillitate,
647 435 742 495 pari
766 437 1061 480 veneratione.
1088 439 1204 481 Usus
1234 446 1298 481 est
1322 436 1450 480 firma
1475 453 1554 480 va-

135 504 329 550 letudine
370 524 380 551 :
421 508 503 551 nisi
538 508 657 569 quod
694 507 893 553 solebant
927 510 966 553 ei
1003 526 1159 554 manus
1198 519 1409 565 tremere,
1445 510 1555 553 citra

133 578 331 623 dolorem
357 590 506 625 tamen
526 599 534 626 :
558 582 702 627 aditus
725 589 899 627 tantum
922 585 1076 628 mortis
1097 583 1250 628 durior
1269 584 1556 645 longiorque,

134 653 208 697 sed
228 654 300 698 hic
320 655 411 715 ipse
433 655 677 701 laudabilis.
701 659 819 702 Nam
840 675 977 719 quum
999 674 1152 701 vocem
1172 667 1466 719 praepararet,
1487 674 1555 701 ac-

135 737 260 771 turus
285 728 330 771 in
357 729 589 774 consulatu
616 732 807 792 principi
834 733 1019 793 gratias,
1042 731 1177 788 liber,
1200 748 1332 793 quem
1353 731 1466 775 forte
1487 747 1556 775 ac-

135 811 315 861 ceperat
341 803 624 862 grandiorem
641 841 652 860 ,
680 815 724 849 et
746 807 838 849 seni
867 816 910 850 et
933 807 1065 850 stanti
1090 807 1185 867 ipso
1212 806 1408 867 pondere
1435 804 1557 866 elap-

135 890 206 917 sus
235 885 313 919 est.
348 879 478 921 Hunc
508 878 615 921 dum
644 880 930 940 consequitur
959 879 1244 941 colligitque,
1274 896 1354 940 per
1382 878 1486 922 laeve
1515 888 1557 922 et

136 946 355 991 lubricum
382 952 686 1010 pavimentum
707 988 718 1008 ,
741 952 918 996 fallente
938 954 1121 1014 vestigio
1136 988 1147 1009 ,
1168 952 1327 997 cecidit
1343 987 1355 1008 ,
1379 968 1556 995 coxam-

136 1038 221 1082 que
251 1022 407 1084 fregit,
428 1041 526 1085 quae
551 1042 708 1086 parum
738 1037 840 1087 apte
872 1027 1111 1083 collocata,
1138 1026 1384 1070 reluctante
1406 1034 1558 1079 aetate,

136 1095 249 1140 male
285 1098 401 1141 coiit.
443 1100 588 1160 Hujus
623 1101 706 1143 viri
740 1102 955 1161 exsequiae
992 1117 1207 1161 magnum
1246 1109 1559 1144 ornamentum

137 1170 352 1231 principi,
378 1188 590 1233 magnum
612 1173 795 1230 saeculo,
820 1190 1034 1236 magnum
1060 1175 1192 1218 etiam
1219 1173 1315 1217 foro
1342 1183 1385 1217 et
1408 1173 1561 1216 rostris

137 1242 394 1288 attulerunt.
410 1246 638 1292 Laudatus
656 1258 721 1292 est
738 1265 763 1292 a
779 1248 987 1293 Cornelio
1002 1249 1156 1293 Tacito
1173 1264 1301 1291 :nam
1319 1248 1392 1292 hic
1409 1263 1561 1307 supre-

137 1333 235 1360 mus
264 1317 461 1363 felicitati
489 1321 581 1381 ejus
605 1322 808 1366 cumulus
832 1324 1014 1367 accessit
1029 1358 1039 1377 ,
1065 1322 1269 1366 laudator
1292 1321 1560 1382 eloquentis-

137 1391 283 1434 simus.
314 1395 370 1436 Et
400 1392 471 1436 ille
502 1395 681 1455 quidem
713 1396 870 1456 plenus
902 1398 1029 1441 annis
1062 1396 1198 1451 abiit,
1228 1395 1383 1456 plenus
1415 1395 1558 1438 hono-

138 1462 281 1519 ribus,
303 1463 387 1508 illis
413 1467 546 1510 etiam
571 1485 681 1528 quos
704 1470 923 1514 recusavit
944 1487 954 1513 :
980 1470 1107 1513 nobis
1130 1480 1278 1513 tamen
1299 1468 1561 1529 quaereiidtis

139 1553 190 1580 ac
217 1536 533 1584 desiderandus
561 1551 624 1585 est
642 1578 653 1598 ,
674 1552 721 1586 ut
748 1542 972 1604 exemplar
997 1544 1076 1587 aevi
1104 1543 1263 1603 prioris
1291 1559 1300 1585 ε
1323 1542 1434 1584 1111111
1451 1558 1557 1585 vero

138 1612 385 1671 praecipue,
416 1615 491 1673 qui
525 1613 647 1658 illuni
678 1633 768 1659 non
800 1616 941 1661 solum
970 1616 1174 1677 publice,
1203 1615 1279 1660 sed
1304 1616 1437 1659 etiam
1462 1616 1557 1675 pri-

140 1728 197 1757 Ad
207 1728 291 1759 hunc
300 1752 306 1758 .
320 1754 326 1760 .
339 1753 345 1760 .
356 1740 541 1762 reservatus.
554 1732 655 1764 Rom.
668 1734 726 1764 Ad
733 1734 817 1765 laune

140 1782 242 1822 ipsum
267 1782 419 1814 honorem
434 1784 561 1825 publici
567 1785 696 1827 finieris
716 1799 817 1817 reser-

141 1843 258 1866 vatum.
277 1834 403 1868 Verior
417 1843 467 1868 est
482 1836 636 1881 vulgata.
655 1837 698 1870 H.

883 1733 1045 1766 fracturis
1075 1732 1268 1778 proprium.
1304 1732 1409 1766 Plene
1442 1732 1563 1765 Celsus

883 1786 971 1819 VIII
986 1812 994 1826 ‚
1016 1799 1035 1831 7
1051 1811 1059 1826 ,
1082 1788 1137 1818 ubi
1154 1799 1193 1817 ea
1209 1785 1369 1829 (maxilla
1387 1786 1511 1830 fracta)
1530 1787 1562 1817 in

882 1852 974 1871 suam
991 1842 1097 1871 sedem
1117 1841 1280 1871 collocata
1298 1848 1353 1872 est.
1370 1839 1405 1872 S.

189 1888 219 1918 5.
242 1891 382 1919 Actm'us
391 1913 516 1920 ......
520 1891 663 1933 principi
674 1893 816 1934 gratias.

141 1939 300 1973 Solelnne
310 1949 383 1974 tuni
394 1942 513 1981 fuisse,
525 1950 561 1974 ut
571 1944 695 1987 gratias
707 1951 822 1989 ageret

143 1993 274 2025 Consul
292 1994 443 2039 Principi
457 2020 465 2034 ,
481 1995 535 2027 vel
550 2008 588 2027 ex
603 1996 750 2029 Pliniani
763 2009 822 2042 pa-

143 2046 295 2091 negyrici
307 2047 477 2092 principio
489 2056 637 2081 constat.
648 2048 740 2082 Add.
752 2051 820 2089 HI,

147 2098 186 2130 18
201 2123 209 2137 ,
232 2110 262 2131 1.
278 2098 322 2131 G.

190 2170 235 2174 ———
256 2154 351 2183 Hunc
375 2155 450 2184 dum
475 2156 690 2196 consequitur.
716 2155 815 2188 Rom.

146 2206 240 2234 Hunc
263 2206 338 2235 dnm
363 2207 515 2247 seqnitur.
536 2205 581 2238 H.
602 2227 647 2231 —
668 2208 758 2239 Dum
777 2208 817 2239 li-

144 2256 247 2288 brum
265 2256 485 2290 delabentem
504 2259 725 2304 prosequitur
744 2273 820 2293 cor—

145 2321 228 2353 pore
251 2309 293 2341 ad
315 2317 442 2342 terram
462 2322 576 2355 prono
594 2337 602 2351 ‚
626 2319 660 2343 ut
681 2313 821 2358 arripiat

147 2368 179 2393 et
199 2362 369 2395 sustollat.
390 2364 524 2396 Ornata
543 2377 608 2396 vox
622 2390 631 2405 ,
650 2378 725 2410 quzc
746 2379 819 2398 reni

148 2415 245 2458 quasi
254 2415 376 2460 pingit,
386 2423 418 2448 et
429 2416 583 2449 sensibus
596 2416 769 2451 admovet.
778 2420 818 2451 E.

148 2487 193 2490 —
209 2470 397 2500 Relucentne
409 2479 517 2501 (etate.
530 2471 619 2502 Nota
633 2483 686 2502 res
701 2478 750 2502 cst
765 2496 772 2511 ,
788 2471 821 2503 111

149 2519 288 2552 senibus
301 2521 428 2553 ossium
440 2525 608 2555 fracturas
619 2526 702 2554 male
716 2526 818 2559 coire,

150 2571 186 2604 h.
206 2585 235 2604 e.
253 2572 440 2607 difficulter
455 2575 569 2607 sanari
584 2576 747 2608 membris
766 2589 822 2621 ap-

150 2625 285 2665 tandis,
310 2628 499 2671 praesertim
525 2628 585 2661 ubi
609 2628 681 2660 hacc
703 2642 823 2670 parum

150 2688 227 2719 apte
250 2682 412 2712 collocata
434 2689 513 2713 sunt
527 2706 536 2719 ,
558 2683 698 2713 selda-ht
719 2684 823 2725 ‹inge-

153 2732 277 2763 ric-luet.
303 2733 343 2764 1³..
367 2754 411 2758 —
440 2736 605 2766 Collocare
630 2736 669 2767 dc
695 2734 820 2767 ossium

931 1895 963 1924 6.
980 1895 1067 1924 Nam
1083 1893 1149 1924 hic.
1166 1916 1174 1924 .
1189 1894 1348 1924 accessit.
1361 1893 1459 1925 Rom.
1475 1893 1563 1922 Nam

888 1945 939 1976 lzic
963 1947 1029 1989 ejus
1054 1958 1218 1988 supremus
1231 1946 1394 1988 felicitati
1422 1946 1563 1976 calculus

888 1999 1034 2029 adcessit.
1051 1997 1095 2030 H.

936 2062 965 2089 7.
998 2052 1099 2082 Nobis
1133 2060 1240 2081 tamen
1271 2052 1473 2092 quoerendus.
1508 2049 1562 2082 Sic

884 2114 1005 2134 omnes
1024 2102 1113 2135 libri.
1140 2104 1258 2143 Quum
1280 2110 1395 2135 tamen
1419 2115 1564 2145 quoerere

883 2155 938 2188 vel
960 2158 1121 2198 requirere
1144 2163 1176 2188 et
1198 2157 1382 2186 desiderare
1403 2154 1561 2187 eamdem

885 2208 988 2251 plane
1003 2208 1072 2240 vim
1088 2208 1241 2240 habeant
1255 2233 1264 2247 ,
1282 2207 1361 2241 vide
1379 2221 1423 2241 an
1440 2207 1562 2240 melius

886 2259 953 2304 legi
967 2260 1073 2305 possit
1087 2285 1095 2300 ‚
1113 2263 1304 2303 querendus.
1323 2260 1367 2293 G.
1385 2282 1431 2285 —-—
1448 2261 1563 2293 Immo

887 2325 969 2345 vcro
996 2326 1066 2345 non
1091 2312 1251 2346 eamdem
1269 2314 1338 2346 11111
1360 2313 1425 2346 illis
1450 2312 1562 2346 verbis

887 2378 960 2398 esse
973 2391 982 2405 ,
999 2366 1200 2410 intelligitur
1214 2379 1253 2399 ex
1268 2365 1368 2411 epist.
1381 2366 1432 2398 VI
1446 2391 1454 2405 ,
1473 2379 1503 2398 2.
1521 2367 1561 2398 In

887 2420 1070 2450 desiderare
1088 2419 1166 2463 plus
1186 2428 1236 2452 est
1254 2444 1262 2458 ,
1283 2431 1388 2464 quam
1413 2418 1448 2450 in
1474 2431 1562 2460 qna·-

888 2484 965 2503 rere.
981 2471 1022 2503 E.
1043 2492 1087 2495 —
1112 2476 1154 2503 lJt
1172 2474 1340 2514 exemplar
1357 2473 1418 2502 α’νί
1429 2472 1560 2513 prioris.

888 2524 985 2556 Rom.
1015 2528 1056 2555 Ut
1079 2527 1246 2567 exemplar
1267 2526 1347 2556 firitoe
1359 2525 1481 2566 prt'ort's
1492 2548 1502 2561 ‚
1525 2531 1563 2554 ut

888 2576 995 2608 Cortii
1013 2576 1162 2610 codices.
1182 2577 1341 2610 Proxima
1360 2576 1464 2608 verba
1480 2601 1489 2614 ,
1507 2578 1565 2607 sed

889 2631 985 2660 eciam
1000 2632 1152 2671 privatim
1167 2656 1174 2667 ‚
1197 2630 1231 2662 in
1250 2631 1347 2661 Boin.
1367 2641 1436 2660 non
1454 2627 1563 2672 inagis

890 2682 1015 2716 adsunt
1030 2708 1038 2721 ‚
1058 2696 1163 2728 quain
1189 2683 1223 2714 in
1242 2680 1441 2714 melioribus
1467 2679 1561 2713 codi-

889 2736 985 2768 cibus
1000 2760 1007 2774 ‚
1026 2748 1134 2780 eaque
1150 2735 1269 2769 merito
1284 2733 1498 2767 reciduntur.
1515 2733 1559 2765 H.
