1742 2989
619 248 959 290 EPiS'l'OLA
1001 250 1046 289 V.
1470 251 1528 294 &3

129 332 313 388 Quoties
327 330 444 373 enim
465 328 518 372 ad
540 328 760 372 fastidium
776 328 1029 389 legentium,
1048 328 1311 389 deliciasque
1327 332 1531 391 respicio,

129 403 324 464 intelligo
349 402 476 445 nobis
502 401 928 446 commendationem
956 419 1008 446 ex
1033 403 1126 463 ipsa
1151 402 1452 447 mediocritate
1478 405 1532 448 li-

128 477 194 519 bri
225 475 473 536 petendam.
505 474 625 518 Idem
656 484 830 529 tamen,
859 476 935 536 qui
965 492 990 519 a
1020 486 1060 519 te
1088 476 1202 519 hanc
1233 478 1530 522 austeritatem

128 551 252 610 exigo
267 583 277 603 ,
299 565 434 610 cogor
452 548 496 591 id
514 583 526 604 7
549 548 667 609 quod
692 548 912 593 diversum
938 559 1002 593 est
1026 549 1248 610 postulare
1267 587 1278 607 ‚
1307 561 1355 594 ut
1375 552 1419 593 in
1440 551 1532 612 ple-

128 624 271 683 risque
285 622 474 666 frontem
489 623 696 666 remittas.
717 623 829 666 Sunt
846 623 962 666 enim
978 622 1176 683 quaedam
1191 623 1534 668 adolescentium

127 696 305 740 auribus
324 695 490 750 danda,
510 696 749 756 praesertim
769 697 803 739 si
823 697 1004 739 materia
1024 712 1114 739 non
1134 696 1381 757 refragetur
1402 714 1410 740 ε
1432 713 1535 740 nam

126 769 441 830 descriptiones
470 769 671 813 locorum
694 804 705 824 ⁷
736 786 830 830 quae
870 770 914 812 in
944 769 1030 813 hoc
1067 768 1179 812 libro
1216 768 1536 830 frequentiores

126 853 255 887 erunt
272 879 283 899 ‚
306 860 395 886 non
416 843 623 887 historice
644 853 817 887 tantum
837 878 848 899 7
876 843 951 886 sed
973 859 1111 904 prope
1134 843 1304 903 poetice
1327 844 1535 904 prosequi

126 917 189 960 fas
211 927 288 961 est.
317 916 451 973 Quod
478 926 624 960 tamen
654 918 687 960 si
717 916 813 977 quis
842 917 1055 959 exstiterit
1074 950 1084 969 ‚
1107 917 1181 976 qui
1202 925 1327 976 putet
1349 932 1428 959 nos
1451 914 1535 959 lau-

126 991 211 1033 tius
231 989 402 1044 fecisse⁷
420 1006 551 1050 quam
574 990 786 1033 orationis
806 989 1010 1032 severitas
1031 989 1177 1049 exigat
1195 1006 1203 1032 ε
1222 989 1354 1050 hujus
1376 988 1455 1049 (ut
1477 990 1536 1033 ita

125 1063 309 1106 dixerim
331 1062 346 1122 )
369 1063 592 1107 tristitiam
617 1062 794 1124 reliquae
820 1073 964 1123 partes
991 1063 1174 1106 actionis
1198 1079 1378 1106 exorare
1402 1063 1536 1106 debe-

125 1137 248 1180 bunt.
274 1136 437 1180 Adnixi
463 1146 580 1180 certe
615 1153 789 1191 sumus,
822 1147 871 1180 ut
900 1136 1143 1197 quamlibet
1171 1135 1343 1180 diversa
1374 1153 1533 1196 genera

127 1209 338 1254 lectorum
353 1245 364 1264 ,
388 1226 466 1270 per
490 1209 638 1270 plures
662 1209 835 1253 dicendi
857 1211 1022 1270 species
1043 1219 1311 1253 teneremus.
1337 1211 1400 1253 Ac
1423 1210 1533 1253 sicut

124 1301 327 1328 veremur
343 1320 354 1340 ‚
380 1301 435 1327 ne
459 1283 722 1344 quibusdam
748 1300 846 1344 pars
871 1283 1018 1344 aliqua
1044 1282 1287 1326 secundum
1309 1299 1433 1325 suam
1459 1299 1533 1327 cu-

123 1435 292 1468 librorum
306 1459 315 1475 ‚
333 1447 420 1480 quos
437 1433 557 1467 laudat
573 1435 710 1468 Cortius
724 1459 732 1474 ‚
751 1435 797 1467 al-

123 1488 187 1521 teri
204 1489 391 1520 deservimus
408 1487 555 1533 praetuli.
573 1487 616 1520 G.
635 1508 681 1512 —
695 1489 793 1520 Rom.

126 1543 253 1572 Pariter
269 1550 302 1572 et
315 1542 494 1584 defensioni
505 1543 571 1584 ejus
587 1542 776 1573 deservimus
786 1567 793 1578 ,

124 1606 195 1625 11011
219 1595 378 1625 servimus.
406 1592 451 1625 H.
471 1613 517 1617 —
542 1592 715 1637 Gierigius
742 1595 797 1624 de-

123 1648 270 1678 servimus
288 1645 473 1679 revocavit.
495 1644 550 1677 Nil
568 1645 684 1678 refert.
705 1646 740 1679 S.

173 1707 204 1736 4.
230 1700 546 1731 commendacionem
571 1710 613 1729 ex
637 1700 708 1741 ipsa
735 1711 796 1730 me-

124 1754 303 1783 diocritate.
315 1751 368 1784 Sic
382 1758 414 1782 et
427 1751 525 1783 Rom.
538 1750 610 1783 sine
623 1753 733 1783 eciam.
749 1751 795 1786 Η,

124 1824 170 1828 -
188 1806 421 1835 Mediocritaee.
444 1802 575 1847 Exiguo
593 1802 699 1835 libelli
723 1816 796 1836 am-

125 1857 197 1889 bitu
208 1881 216 1897 ‚
232 1868 337 1902 quem
348 1856 518 1889 lectorum
529 1854 699 1888 desidiosa
714 1856 797 1888 mol-

125 1910 212 1943 lities
231 1909 393 1955 postulat.
412 1909 453 1941 E.

172 1966 202 1995 5.
238 1964 475 1994 Ausceritczcem.
508 1961 674 1994 severitas
703 1961 797 1993 bono

125 2028 240 2048 sensu.
256 2015 442 2060 Sumptum
460 2014 528 2046 hoc
545 2026 565 2046 a
581 2014 662 2045 vino
675 2038 684 2053 ‚
701 2013 797 2058 quod

126 2076 296 2102 vetustate
308 2068 437 2113 accepit
448 2077 611 2099 austerum
623 2079 796 2112 saporem,

125 2129 229 2166 atque
242 2121 307 2154 hac
323 2121 395 2167 ipsa
410 2120 606 2153 austeritate
622 2132 797 2152 common-

125 2173 240 2207 datur.
256 2174 322 2206 En.

172 2247 217 2251 -—
228 2228 495 2258 Adolescenciam.
504 2226 575 2267 Qui
588 2226 681 2258 locos
694 2225 798 2258 110110-

126 2292 179 2312 res
194 2304 202 2319 ‚
221 2279 317 2311 lusus
331 2279 459 2323 ingenii
473 2304 482 2318 ‚
500 2287 532 2312 et
547 2278 797 2324 splendidiores

125 2340 268 2365 ornatus
287 2339 417 2365 amant.
447 2331 548 2364 Unde
568 2332 641 2365 haec
665 2332 737 2377 ipsa
759 2332 796 2364 111

125 2386 280 2419 oratione
313 2397 333 2418 a
363 2384 558 2417 rhetoribus
591 2384 681 2417 dicta
717 2393 796 2417 511111

125 2437 323 2485 μειρακιώδη
337 2465 347 2479 ,
376 2438 524 2475 νεανικὰ,
552 2440 767 2484 νεανιεύματα
786 2464 795 2479 ‚

126 2492 266 2536 puerilia
281 2516 289 2531 ‚
305 2490 473 2538 juvenilia
489 2490 619 2523 Latinis
634 2515 642 2530 ‚
663 2490 705 2523 de
723 2491 796 2535 qui-

106 2543 190 2577 'bus
219 2544 253 2576 in
283 2551 430 2589 utraque
457 2542 673 2587 Technolog.
703 2542 793 2575 rhet.

125 2596 286 2630 diximus.
307 2597 348 2629 E.

172 2652 202 2681 6.
233 2652 363 2682 Lautius
374 2651 501 2693 fecisse.
524 2649 631 2692 FJ'ecit
659 2648 795 2681 Cornus

124 2701 268 2734 verbum
280 2727 288 2742 ‚
305 2702 400 2747 quod
414 2714 533 2735 01111105
548 2726 556 2741 ,
572 2700 676 2734 credo
691 2726 698 2740 ,
715 2700 794 2733 editi

124 2753 239 2786 adhuc
280 2763 534 2791 servaverunt,
575 2754 795 2798 reposuitque

864 1437 987 1472 laetius,
1007 1435 1063 1467 cui
1081 1434 1118 1466 in
1142 1434 1209 1466 hac
1235 1433 1277 1466 >re
1303 1434 1418 1467 locum
1445 1447 1536 1476 esse,

862 1486 967 1533 idque
992 1486 1036 1520 ad
1059 1487 1263 1520 sententiam
1283 1486 1384 1519 Plinii
1409 1489 1538 1532 optime

862 1539 1048 1573 convenire
1063 1565 1072 1580 ‚
1092 1539 1193 1573 facile
1212 1539 1262 1572 illi
1287 1540 1352 1572 fuit
1375 1542 1536 1586 probare.

860 1591 928 1625 Sed
950 1592 1065 1636 ipsum
1086 1600 1203 1625 tamen
1227 1595 1346 1625 laucius
1370 1593 1417 1626 ita
1436 1595 1538 1628 nobis

860 1643 996 1677 lautum
1009 1653 1114 1690 atque
1125 1645 1278 1677 facetum
1292 1644 1488 1686 videbatur,
1502 1655 1538 1679 ut

860 1696 947 1730 illud
960 1709 1157 1743 expungere
1168 1710 1238 1730 11011
1251 1710 1445 1743 possemus.
1456 1700 1539 1734 Suc-

861 1751 1258 1784 currebatTerentianus
1271 1751 1443 1796 parasitus
1457 1777 1464 1792 ‚
1477 1754 1537 1798 qui

861 1802 952 1835 Eun.
971 1804 1024 1835 III
1039 1828 1048 1844 ‚
1073 1816 1086 1835 1
1103 1829 1112 1843 ‚
1134 1804 1178 1848 37
1194 1828 1202 1843 ‚
1223 1802 1266 1836 de
1292 1811 1392 1836 acute
1416 1805 1509 1838 (licto
1527 1832 1535 1846 ‚

862 1859 995 1894 Facete,
1011 1856 1124 1901 iuquit
1135 1881 1144 1895 ‚
1160 1858 1279 1898 lepide,
1293 1858 1389 1889 laute.
1408 1858 1451 1889 Et
1467 1858 1538 1903 ipse

861 1907 998 1940 Tullius
1022 1907 1066 1940 de
1084 1909 1182 1941 Orat.
1209 1909 1225 1941 I
1240 1933 1248 1948 ‚
1271 1909 1313 1941 36
1333 1920 1341 1942 ;
1360 1914 1399 1940 In
1428 1922 1538 1943 orato-

861 1962 904 1992 ris
921 1963 1129 1993 instrumento
1145 1971 1211 1993 tam
1227 1964 1349 1993 lautam
1363 1966 1539 2005 supelleeti-

862 2015 922 2045 lem
933 2013 1107 2059 (loquitur
1121 2013 1164 2046 de
1178 2014 1395 2060 philosophia
1407 2041 1416 2055 ‚
1433 2015 1538 2050 histo-

861 2067 911 2099 ria
924 2092 933 2107 ‚
953 2067 1158 2112 antiquitate
1171 2092 1180 2107 ‚
1196 2070 1279 2112 etc.)
1293 2081 1358 2099 non
1374 2071 1535 2102 videram.

861 2121 905 2152 Et
918 2118 1042 2165 quidni
1058 2123 1149 2151 lauta
1167 2120 1208 2152 sit
1223 2121 1333 2153 oratio
1345 2146 1354 2161 ‚
1370 2134 1479 2166 quum
1496 2124 1538 2155 sit

861 2172 954 2217 apud
966 2172 1115 2205 eundem
1125 2172 1327 2207 Ciceronem
1336 2175 1442 2208 Bruto
1458 2189 1534 2222 cap.

861 2226 925 2258 XX
938 2250 947 2265 ‚
965 2228 1092 2257 unctior
1109 2228 1259 2269 quaedam
1278 2229 1538 2272 splendidiorque

862 2281 1056 2310 consuetudo
1070 2281 1231 2321 loquendi.
1243 2278 1297 2311 Ad
1310 2279 1535 2314 aedificiorum

861 2331 963 2364 etiam
983 2331 1157 2376 totiusque
1176 2331 1264 2364 adeo
1283 2332 1358 2365 vita?
1378 2333 1537 2378 splendo-

860 2397 934 2417 rem
960 2384 1101 2424 referri,
1132 2384 1246 2417 notius
1271 2393 1319 2417 est
1336 2410 1344 2424 ‚
1366 2398 1469 2430 quam
1500 2395 1535 2419 ut

860 2437 1125 2469 commemorari
1144 2437 1303 2483 pluribus
1326 2437 1462 2471 (10110111.
1489 2439 1534 2472 G.

858 2491 1010 2523 -—P10m.
1024 2493 1090 2521 [Vos
1103 2492 1331 2534 latt'usseeisse,
1349 2505 1445 2533 quam
1460 2506 1518 2524 ora
1529 2514 1535 2517 -

860 2545 954 2574 tionis
970 2544 1119 2586 facultas
1145 2545 1266 2585 castigat.
1294 2544 1382 2588 Lege
1408 2547 1532 2586 laetius,

860 2594 954 2639 quod
976 2595 1056 2627 huic
1078 2596 1218 2641 propius
1242 2603 1316 2634 051,
1338 2608 1442 2640 quam
1464 2601 1532 2630 lau>

861 2649 978 2684 tius‚·et
993 2651 1149 2680 severitas.
1166 2648 1208 2680 Π.
1220 2669 1262 2671 ψ-
1276 2651 1389 2679 lartius
1404 2650 1531 2694 placuit

861 2701 961 2733 etiam
982 2702 1012 2733 J.
1036 2703 1075 2734 A.
1097 2701 1266 2734 Ernestio.
1288 2700 1367 2733 Vid.
1388 2702 1532 2736 Gesneri

862 2753 903 2785 ml
922 2766 998 2786 011111
1017 2754 1170 2798 epistola.
1187 2755 1275 2786 Sanc
1293 2756 1392 2785 heliu>
1412 2757 1532 2788 nwliw.

1277 2813 1306 2854 Γ)
1323 2850 1327 2855 ,

1560 926 1580 955 (ἰ
