1742 2989
286 188 376 244 348

687 191 735 234 C.
771 191 1000 234 PLINII
1035 192 1158 237 LIB.
1197 196 1278 237 VI.

282 270 449 314 solicite
481 271 727 315 recitaturis
760 270 1076 331 providendum
1105 283 1192 330 est,
1223 289 1313 317 non
1342 272 1482 317 solum
1517 284 1565 318 ut
1603 276 1688 319 sint

284 345 365 405 ipsi
395 346 512 400 sani,
532 361 682 388 verum
711 345 842 388 etiam
875 354 924 388 ut
953 361 1078 390 sanos
1104 346 1353 390 adhibeant.
1376 345 1496 391 Vale.

283 476 461 510 audiretur
473 477 612 510 Paullus
626 502 634 517 ‚
650 489 758 523 quum
774 478 878 511 Prisci
896 491 953 512 co-

282 529 399 575 gitatio
413 530 570 563 homines
588 529 734 562 subinde
751 530 880 564 subiret
895 556 903 571 ‚
921 539 953 564 et

280 582 387 615 risum
408 583 448 614 iis
464 590 655 623 excuteret,
675 583 735 628 qui
750 583 951 617 recitantem

281 635 383 667 etiam
411 635 568 668 Paullum
598 648 617 668 a
644 635 757 669 studio
780 644 813 668 et
837 637 951 669 calore

279 688 528 732 pronuntiandi
542 688 673 733 pudore
688 688 840 734 quodam
855 702 952 721 revo-

279 752 332 772 cai
341 749 384 773 et.
397 741 558 784 Sicfiigus
570 741 781 786 explicamus
791 741 834 774 ad
844 741 952 783 Quin-

280 792 327 826 til.
343 794 389 832 V,
402 807 434 837 7,
451 796 505 827 26.
517 794 560 826 G.
573 796 741 828 *Locus
757 794 953 828 simillimus

279 853 328 878 est
347 845 441 892 apud
458 846 598 879 Sueton.
617 846 742 880 Claud.
757 859 834 893 cap.
850 848 949 887 XLI,

1019 478 1061 512 de
1078 479 1223 513 Claudio
1238 480 1406 513 recitante
1423 491 1430 512 :
1447 493 1531 524 aegre
1540 483 1685 524 perlegit,

1018 533 1220 576 refrigeratus
1236 546 1330 576 sape,
1345 540 1410 565 etc.
1421 533 1471 565 De
1474 534 1601 576 frigore
1614 532 1687 574 illo,

1016 583 1075 629 qui
1090 584 1189 629 plura
1205 584 1394 625 desiderat,
1415 586 1515 618 adeat
1531 593 1687 618 nostrum

1015 637 1098 670 Lex.
1114 637 1284 670 Technol.
1300 637 1388 670 rhet.
1406 637 1467 670 lat.
1486 637 1521 669 in
1539 638 1688 680 voc.fri-

1011 692 1115 734 gidus.
1136 690 1176 722 E.
1194 711 1236 715 -—
1255 692 1366 734 Frigus
1382 689 1438 723 hic
1454 689 1499 722 ad
1513 688 1687 723 auditores

1014 741 1233 776 referendum
1250 769 1258 785 ‚
1283 742 1342 788 qui
1360 767 1369 782 ‚
1396 749 1511 775 mente
1538 740 1687 774 ridiculo

1014 794 1074 828 illo
1091 803 1257 840 occupata
1270 820 1279 836 ,
1298 795 1499 829 recitantem
1515 793 1687 840 negligen-

1014 848 1081 882 tius
1099 847 1270 882 audirent.
1286 847 1319 881 S.

296 976 1666 989 :mmmmmmmmmmwmummwmumwsmwwmsmnsmm

896 1118 1057 1174 XVI.

328 1267 519 1304 Avunculi
539 1267 682 1304 exitum
702 1267 852 1314 Tacito,
873 1267 1068 1304 historiam
1091 1267 1300 1318 scripturo,
1317 1276 1471 1318 rogatus
1490 1277 1628 1305 narrat.

601 1407 639 1436 C.
679 1408 914 1437 PLINIUS
947 1408 1155 1437 TACITO
1191 1408 1292 1437 SUO
1328 1408 1359 1437 S.

340 1527 498 1577 Pims,
527 1534 574 1567 ut
604 1524 683 1567 tibi
714 1523 917 1568 avunculi
946 1525 1028 1567 mei
1062 1525 1226 1568 exitum
1256 1523 1470 1580 scribam,
1497 1541 1585 1584 quo
1610 1540 1680 1567 ve=

276 1597 365 1640 rius
401 1596 572 1640 tradere
610 1598 793 1656 posteris
832 1597 979 1657 possis.
1024 1599 1200 1642 Gratias
1237 1613 1333 1658 ago.
1377 1599 1493 1642 Nam
1532 1596 1683 1649 video,

276 1670 407 1713 morti
434 1669 552 1729 ejus,
580 1671 613 1713 si
643 1669 886 1713 celebretur
914 1686 936 1712 a
963 1679 1028 1724 te,
1058 1669 1351 1713 immortalem
1378 1668 1563 1730 gloriam
1592 1685 1683 1713 esse

274 1744 559 1803 propositam.
588 1743 801 1799 Quamvis
832 1744 946 1785 enim
974 1742 1371 1803 pulcherrimarum
1398 1742 1519 1785 clade
1543 1751 1681 1785 terra-

274 1832 394 1866 rum,
414 1826 463 1858 ut
483 1815 658 1875 populi,
681 1825 729 1858 ut
749 1815 902 1871 urbes,
927 1815 1197 1859 memorabili
1219 1831 1342 1871 casu,
1365 1816 1487 1876 quasi
1513 1831 1684 1875 semper

273 1890 493 1942 victurus,
520 1888 754 1944 occiderit3
775 1890 970 1949 quamvis
996 1890 1086 1949 ipse
1113 1888 1302 1949 plurima
1331 1905 1465 1949 opera
1491 1898 1533 1931 et
1555 1904 1683 1931 man-

274 1978 374 2004 sura
399 1961 646 2005 condiderit
662 1997 672 2016 ,
696 1961 884 2005 multum
908 1972 1053 2005 tamen
1074 1962 1357 2022 perpetuitati
1380 1961 1471 2021 ejus
1495 1961 1681 2020 scripto-

275 2052 372 2078 rum
397 2044 575 2078 tuorum
602 2036 818 2079 aeternitas
842 2034 983 2080 addet.
1012 2035 1229 2096 Equidem
1254 2035 1404 2078 beatos
1430 2043 1563 2094 puto,
1582 2033 1680 2093 qui·

320 2163 416 2196 XVI.
441 2166 643 2195 1.A‡·11nculi
662 2167 732 2197 mei.
753 2165 851 2197 Plinii
873 2178 943 2198 ma-

274 2217 377 2261 j‹)ri5‚
397 2230 415 2249 a
435 2229 504 2261 quo
533 2215 717 2262 adoptatus
738 2218 861 2250 Noster
880 2226 941 2250 est.

274 2269 371 2302 Hanc
384 2269 560 2314 epistolam
568 2270 667 2308 alias,
678 2270 713 2302 in
723 2270 834 2302 fronte
844 2270 944 2303 Chre-

273 2322 464 2354 stomathiae
480 2322 642 2355 Plinianae
660 2323 738 2355 satis
754 2324 891 2368 copiose
908 2323 945 2356 il-

273 2373 510 2407 lustravimus.
535 2374 598 2406 Hic
629 2375 792 2408 brevitate
820 2375 946 2409 tenebi-

276 2439 352 2459 inus
366 2426 573 2459 institutum.
591 2426 634 2459 G.

325 2492 354 2511 2.
382 2484 421 2511 Ut
446 2482 544 2512 nrbes.
572 2479 694 2512 Merito
721 2487 836 2513 tuetur
861 2480 945 2512 anti-

275 2544 379 2576 quam
414 2532 598 2565 lectionem
635 2532 769 2564 Cortius
786 2557 794 2572 ,
825 2540 943 2565 contra

275 2584 470 2616 Casauboni
495 2585 728 2629 conjecturam
749 2587 832 2616 mbis
851 2597 944 2618 rece-

276 2643 368 2680 ptam
381 2649 400 2669 a
411 2636 571 2669 Cellario.
583 2636 823 2669 G.-Plur1'ma
834 2651 942 2680 opera.

278 2690 362 2730 Quae
385 2699 537 2724 recenset
557 2692 680 2724 Noster
699 2690 766 2731 III,
790 2690 822 2724 5.
852 2690 945 2724 Nihil

1009 2177 1183 2210 superesse
1210 2171 1333 2209 praeter
1358 2163 1551 2196 naturalem
1578 2162 1682 2195 histo-

1009 2218 1115 2257 riam,
1136 2217 1182 2249 ibi
1200 2216 1389 2250 indicatum
1409 2223 1470 2250 est.
1489 2215 1532 2247 G.
1544 2235 1589 2239 —
1601 2216 1682 2245 Scri-

1004 2280 1134 2313 ptorum
1147 2280 1272 2302 tuorum
1285 2271 1456 2301 aeternitas.
1469 2269 1553 2309 Quae
1567 2274 1680 2299 tamen

1010 2324 1075 2356 hac
1084 2331 1182 2369 parte
1193 2322 1381 2367 intercepta
1390 2329 1451 2354 est.
1464 2318 1680 2364 Beueigitur‚

1010 2376 1117 2416 Plini,
1143 2374 1304 2408 avunculi
1331 2375 1381 2407 tui
1406 2374 1504 2406 famae
1526 2370 1592 2404 hac
1614 2371 1682 2415 epi-

1010 2428 1096 2461 stola
1127 2426 1341 2462 consuluisti.
1373 2427 1416 2459 G.
1429 2445 1474 2450 —-
1487 2425 1583 2456 Rom.
1607 2439 1619 2451 a
1636 2422 1680 2454 Ut

1009 2480 1149 2526 populi,
1165 2488 1203 2512 ut
1221 2480 1322 2512 urbes
1342 2475 1555 2511 memorabili
1575 2487 1655 2507 casu
1670 2499 1679 2514 ‚

1009 2533 1109 2578 quasi
1136 2544 1269 2576 semper
1305 2530 1456 2563 victurus
1488 2526 1651 2560 occiderit
1670 2537 1677 2558 ι

1010 2585 1167 2631 quamvis
1182 2584 1250 2629 ipse
1264 2582 1413 2627 plurima
1428 2579 1617 2624 scripserit,
1633 2586 1681 2611 ta-

1010 2650 1090 2671 men
1120 2634 1339 2683 perpetuitati
1375 2636 1446 2680 ejus
1477 2633 1678 2677 scriptorum

1009 2698 1149 2723 tuorum
1165 2687 1333 2721 aeternitas
1347 2685 1482 2718 addet.»
1495 2684 1538 2716 H.
