1742 2989
595 237 941 280 EPISTULA
975 238 1057 279 IV.
1446 241 1526 301 147

123 329 299 380 peracta
315 318 529 380 judicium
550 334 695 370 nosse,
712 319 820 361 mire
841 318 1118 378 concupisco.
1134 317 1284 373 Quum
1305 318 1531 378 publicum

123 409 233 453 opus
272 408 368 435 mea
406 391 592 452 pecunia
626 390 912 434 inchoaturus
947 392 990 434 in
1021 392 1185 434 Tuscos
1220 393 1504 437 excurrissem
1522 431 1532 446 ,

123 475 330 526 accepto,
356 474 402 508 ut
435 463 665 525 praefectus
692 465 861 518 aerarii,
891 473 1161 516 commeatu,
1189 462 1318 524 legati
1350 468 1532 524 provin-

124 539 200 583 ciae
218 539 404 591 Baeticae,
425 537 619 598 questuri
643 536 696 580 de
723 537 1035 597 proconsulatu
1052 537 1212 582 Caecilii
1235 537 1439 594 Classici,
1463 541 1535 583 ad-

125 621 328 654 vocatum
355 627 425 655 me
449 627 473 653 a
499 619 653 653 senatu
680 610 918 670 petierunt.
943 610 1132 672 Collegae
1156 612 1338 672 optimi,
1362 614 1536 674 meique

125 685 430 740 amantissimi,
442 683 494 727 (16
507 683 752 727 communis
766 683 899 728 officii
915 685 1244 728 necessitatibus
1259 685 1538 747 praeloquuti,

126 775 332 802 excusare
352 774 421 801 me
440 766 482 801 et
500 758 689 800 eximere
705 767 946 801 tentarunt.
962 760 1142 801 Factum
1163 768 1228 802 est
1245 769 1422 804 senatus
1440 778 1540 804 0011-

125 831 289 876 sultum
311 848 525 892 perquam
545 831 839 875 honorificum
853 867 864 887 ,
885 841 934 874 ut
956 832 1082 875 darer
1103 833 1446 893 provincialibus
1470 852 1540 896 pa-

127 916 304 959 tronus,
326 905 359 948 si
380 905 433 948 ab
455 905 549 965 ipso
570 921 639 947 me
661 905 979 966 impetrassent.
998 906 1151 966 Legati
1174 923 1323 951 rursus
1345 908 1540 963 inducti,

127 980 287 1022 iterum
306 995 375 1021 me
394 978 485 1038 jam
508 988 767 1038 praesentem
788 979 1122 1039 postulaverunt
1142 980 1403 1025 advocatum
1424 1000 1435 1038 3
1462 984 1540 1026 1111-

127 1053 349 1114 plorantes
376 1052 507 1096 fidem
534 1069 702 1108 meam,
722 1070 852 1113 quam
881 1062 1024 1097 essent
1051 1063 1205 1097 contra
1228 1055 1420 1099 Massam
1447 1059 1541 1100 Bae-

127 1128 249 1171 bium
282 1127 449 1188 experti
472 1143 482 1181 3
515 1126 752 1187 allegantes
782 1128 1018 1188 patrocinii
1048 1126 1202 1171 foedus.
1250 1130 1446 1188 Sequuta
1479 1141 1543 1174 est

130 1201 368 1246 clarissima
388 1210 563 1244 senatus
583 1201 800 1256 adsensio,
815 1217 910 1261 quae
931 1200 1037 1244 solet
1061 1200 1235 1245 decreta
1261 1218 1542 1262 praecurrere.

130 1278 243 1320 Tuln
275 1291 378 1335 ego,
404 1277 600 1330 Desino,
628 1276 807 1335 inquam
823 1311 834 1331 ‚
861 1277 1022 1319 Patres
1050 1276 1324 1336 Conscrl'pll',
1346 1288 1539 1337 putare,

130 1366 198 1392 me
206 1349 364 1407 justas
386 1352 691 1392 excusationis
714 1364 904 1392 caussas
929 1348 1159 1391 adtulisse.
1185 1347 1358 1392 Placuit
1383 1360 1426 1393 et
1454 1368 1543 1394 1110-

131 1422 268 1465 destia
290 1422 502 1465 sermonis
527 1431 570 1465 et
594 1422 718 1465 ratio.
743 1421 969 1482 Compulit
993 1431 1139 1465 autem
1162 1438 1232 1465 me
1258 1422 1313 1465 acl
1335 1423 1419 1467 hoc
1443 1442 1545 1469 con-

130 1494 275 1538 silium
296 1511 387 1538 non
409 1493 549 1537 solum
569 1510 808 1538 consensus
829 1504 1305 1555 senatus‚quamquam
1327 1496 1398 1540 hic
1419 1501 1547 1542 maxi-

132 1585 222 1622 me,
236 1584 390 1611 verum
411 1568 543 1611 etiam
566 1566 636 1610 alii
658 1568 837 1628 quidam
855 1569 1070 1622 minores,
1090 1567 1163 1611 sed
1186 1577 1333 1612 tamen
1355 1574 1542 1616 numeri.

180 1694 244 1727 IV.
269 1707 301 1727 2.
322 1695 489 1726 Publicam
508 1706 598 1736 opus.
619 1693 807 1738 Templum

1572 1370 1589 1402 §.1

133 1746 168 1779 in
180 1747 324 1780 Tiferno
334 1746 501 1778 Tiberino
512 1771 521 1786 ,
537 1744 579 1778 (16
595 1758 664 1791 quo
682 1746 747 1785 IV,
769 1758 780 1776 1
798 1770 807 1785 ,

137 1805 169 1840 4.
193 1803 307 1831 Tuscos
334 1806 450 1832 autem
476 1810 555 1831 suos
582 1797 743 1831 describit
761 1799 808 1837 V,

136 1855 170 1885 6.
182 1851 225 1885 G.
238 1873 283 1877 ——
294 1856 332 1883 In
349 1855 463 1883 Tuscos
477 1852 697 1882 excurrissem.
708 1852 807 1883 Rom.

139 1910 175 1937 In
200 1909 314 1936 Tuscos
340 1906 600 1936 cxcncurrissem.
627 1903 671 1936 H.
699 1923 745 1928 —
770 1907 809 1934 ln

141 1962 273 1996 Tuscos,
284 1958 467 1990 Tifernum
486 1956 691 1988 Tiberinum
702 1981 711 1994 ,
729 1967 811 2000 prae-

136 2010 202 2044 (1115
228 2011 302 2055 ejus
328 2009 496 2042 vicinum.
518 2009 571 2041 Ibi
591 2008 707 2053 gratiae
728 2008 812 2040 refe-

137 2063 253 2097 rendae
268 2076 393 2096 caussa
409 2076 486 2105 opus
494 2064 672 2104 publicum,
688 2073 812 2106 nempe

139 2115 308 2161 templum
324 2141 332 2156 ‚
365 2118 539 2148 exstruxit.
563 2114 628 2146 ΕΙ).
650 2133 694 2138 —-
720 2112 812 2145 Vide

139 2170 316 2203 Drakenh.
360 2167 404 2201 ad
434 2167 568 2199 Livium
597 2167 613 2198 I
630 2191 638 2205 ‚
675 2178 712 2198 12
731 2190 739 2205 ‚
769 2167 788 2198 8
803 2177 811 2204 ;

141 2223 157 2254 I
172 2247 180 2263 ⁷
210 2223 249 2255 15
268 2246 276 2261 ‚
307 2233 337 2253 1.
357 2221 392 2253 S.
412 2240 458 2244 ——
481 2222 679 2251 Commenta.
700 2218 812 2251 Venia

142 2274 261 2308 eundi.
281 2273 366 2305 Petit
383 2284 458 2304 eam
479 2270 606 2303 Plinius
624 2283 642 2302 a
659 2271 813 2316 Trajano

142 2329 173 2360 X
187 2352 196 2367 ‚
218 2330 271 2365 24.
286 2324 375 2357 Vide
389 2324 486 2357 Clav.
500 2323 658 2356 Ciceron.
675 2322 712 2355 h.
726 2336 759 2355 v.
778 2325 812 2356 S.

142 2400 187 2404 ——
199 2380 321 2411 Caecilii
335 2378 476 2409 Classici.
492 2376 542 2409 De
556 2388 624 2420 quo
639 2383 671 2407 et
685 2375 728 2408 (16
742 2388 817 2408 suc-

147 2444 245 2465 cessu
262 2442 390 2464 caussae
403 2454 411 2468 ,
429 2440 533 2473 quam
548 2427 604 2460 hic
621 2440 639 2460 a
654 2440 689 2460 se
703 2440 817 2461 susce-

144 2493 237 2530 ptam
252 2491 389 2522 narrat,
411 2481 477 2513 hoc
496 2480 583 2512 libro
597 2480 689 2512 infra
706 2493 759 2525 ep.
777 2492 797 2524 9
811 2505 819 2520 ,

147 2537 297 2583 exponit.
313 2536 357 2568 G.

195 2590 227 2622 3.
245 2591 380 2631 Collegae
391 2589 514 2630 optimi.
527 2585 660 2632 Reliqui
670 2585 821 2618 Praefecti

149 2641 256 2674 aerarii
269 2667 277 2682 ‚
292 2641 336 2674 de
349 2652 419 2686 quo
429 2640 633 2685 magistratu
647 2638 726 2672 vide
736 2639 822 2670 Tor-

150 2701 238 2725 rent.
252 2692 297 2726 ad
308 2694 447 2727 Sueton.
461 2691 588 2725 Claud.
603 2703 676 2736 cap.
690 2691 820 2723 XXIV.

150 2746 264 2785 Quam
281 2745 490 2779 laboriosum
507 2744 591 2778 illud
607 2756 735 2776 munus
749 2743 820 2776 fuc-

874 1693 917 1726 rit
931 1718 939 1733 ‚
956 1705 1133 1738 quamque
1144 1693 1274 1737 justam
1292 1693 1380 1727 adeo
1400 1696 1549 1731 aliorum

874 1758 1059 1778 munerum
1073 1757 1132 1778 exc
1140 1746 1333 1779 usationem
1348 1749 1548 1792 praebucrit,

873 1798 954 1832 vide
972 1798 1066 1843 apud
1082 1800 1246 1831 Nostrum
1262 1800 1295 1837 Ι,
1320 1812 1359 1832 10
1373 1825 1381 1840 ,
1398 1813 1433 1844 9.
1452 1802 1496 1835 G.

928 1856 960 1891 4.
981 1855 1035 1882 ,Me
1045 1853 1119 1895 jam
1130 1861 1321 1894 praesentem
1333 1878 1342 1890 ‚
1364 1862 1429 1886 etc.
1449 1856 1547 1889 Rom.

876 1908 929 1936 Me
939 1906 1012 1947 jam
1023 1914 1215 1946 proesenccm
1233 1906 1425 1938 advocatum
1438 1919 1552 1950 poscu-

877 1959 1030 1988 laverunt.
1052 1956 1095 1988 H.
1112 1976 1158 1980 —-
1178 1959 1299 1988 Contra
1316 1961 1462 1991 Dlassam
1482 1965 1551 1994 Bcc-

878 2011 972 2041 bz'um.
994 2009 1044 2041 De
1059 2021 1128 2054 quo
1145 2009 1214 2041 VII
1229 2034 1237 2049 ‚
1257 2010 1312 2042 33.
1330 2010 1373 2043 G.

941 2082 986 2086 »-
1018 2063 1204 2093 Clarissima
1231 2073 1360 2094 senatus
1391 2067 1550 2099 adsensio.

877 2116 975 2147 Rom.
987 2117 1122 2145 Senatus
1136 2116 1316 2146 clarissima
1330 2118 1490 2151 adsensio,
1507 2119 1551 2153 H.

928 2167 959 2200 5.
988 2170 1101 2198 Verum
1128 2169 1227 2199 eciam
1255 2170 1332 2206 alii,
1361 2177 1426 2203 etc.
1454 2173 1551 2206 Rom.

883 2224 996 2250 Verum
1025 2229 1057 2250 et
1076 2221 1137 2251 alii
1161 2222 1295 2262 quidam
1319 2224 1456 2254 minores
1470 2249 1478 2263 ‚
1500 2229 1557 2257 sed

881 2282 986 2304 tamen
998 2273 1166 2310 innumeri,
1177 2273 1310 2306 vitiose.
1324 2273 1367 2306 H.
1381 2295 1425 2299 —
1440 2281 1553 2310 Verum

882 2334 932 2362 et,
955 2324 1073 2356 Cortio
1092 2336 1232 2369 quoque
1250 2326 1435 2370 probatum
1451 2354 1459 2368 ,
1480 2331 1555 2375 pla-

883 2384 949 2409 cet.
970 2376 1003 2409 S.
1020 2397 1065 2400 —
1082 2379 1239 2410 Minores.
1251 2404 1258 2410 .
1271 2403 1277 2409 .
1294 2383 1445 2413 ,ηιιιηεί-ί.
1464 2382 1556 2415 Nihil

886 2429 1074 2461 solemnius
1088 2455 1096 2469 ,
1118 2443 1223 2475 quam
1246 2434 1388 2463 raciones
1412 2446 1556 2476 vocare,

887 2481 945 2514 ubi
961 2480 1003 2514 de
1020 2483 1163 2515 consilio
1177 2482 1347 2528 capiendo
1362 2497 1474 2518 sermo
1489 2496 1557 2529 cst,

887 2534 969 2566 hinc
985 2537 1182 2567 calculorum
1198 2536 1327 2568 mentio
1342 2561 1350 2575 ,
1368 2536 1450 2570 hinc
1465 2542 1555 2579 daci,

883 2588 999 2629 putari
1014 2585 1140 2619 dicitur
1157 2591 1258 2626 racio,
1279 2595 1342 2620 etc.
1363 2587 1439 2623 Huc
1456 2592 1558 2626 etiam

887 2638 1108 2671 referendum
1122 2665 1130 2679 ‚
1142 2640 1236 2685 quod
1250 2639 1396 2672 ›ulmeros
1411 2646 1561 2688 appellat

888 2703 1026 2724 caussas
1046 2717 1054 2731 ‚
1078 2692 1204 2737 quibus
1234 2700 1367 2725 motuni
1397 2706 1432 2726 sc
1462 2696 1558 2732 dicit,

888 2743 940 2777 Sit·
955 2743 1079 2777 deinde
1092 2744 1122 2785 §-
1140 2745 1171 2777 8.
1189 2748 1227 2775 ln
1242 2758 1365 2776 summa
1376 2771 1382 2780 .
1398 2761 1562 2793 computa„

1283 2818 1355 2846 10.
