1742 2989
589 210 639 253 C.
676 209 901 253 PLINII
934 210 1055 251 LIB.
1091 210 1175 252 IV.

179 295 238 336 ita
264 303 382 337 recta
406 292 580 353 ingenia
602 290 801 335 debilitat
821 291 1104 345 verecundia,
1131 305 1335 352 perversa
1353 289 1587 334 confirmat

131 365 152 401 4
179 366 373 410 audacia.
393 365 607 425 Exemplo
627 375 692 408 est
709 364 904 426 Regulus
924 382 931 407 :
952 364 1219 409 imbecillum
1248 364 1382 418 latus,
1406 380 1453 407 os
1482 380 1586 407 con-

178 440 323 483 fusum
339 475 349 495 ,
386 440 588 483 haesitans
622 438 773 499 lingua
789 473 800 492 ,
835 437 1079 482 tardissima
1122 438 1317 481 inventio
1331 472 1341 491 ,
1374 436 1586 480 memoria

1404 526 1413 554 :
1446 519 1484 553 et
1517 518 1587 553 ta—

178 603 280 628 men
307 603 359 629 eo
380 585 652 646 impudentia
674 587 855 646 ipsoque
876 584 949 628 illo
971 585 1119 628 furore
1140 586 1361 646 pervenit,
1378 594 1426 627 ut
1447 601 1472 627 a
1493 582 1588 643 plu-

181 213 272 264 214

178 512 298 556 nulla
330 530 338 556 :
370 511 479 555 nihil
510 512 699 572 denique
728 521 887 572 praeter
916 510 1141 572 ingenium
1168 512 1370 554 insanum

133 660 153 693 5
179 660 300 703 rimis
323 670 473 703 orator
495 661 724 703 habeatur.
747 662 901 720 Itaque
925 661 1173 703 Herennius
1196 658 1378 703 Senecio
1403 657 1588 701 mirifice

179 734 359 776 Catonis
385 732 491 776 illud
518 733 570 776 de
595 743 770 776 oratore
792 734 836 776 in
856 733 975 777 hunc
996 749 1018 777 e
1039 733 1261 776 contrario
1288 733 1418 776 vertit
1441 749 1448 774 :
1476 732 1589 776 Ora-

178 816 250 848 tor
276 818 345 850 est
374 810 448 851 vir
475 807 645 861 malus,
677 806 856 851 dicendi
880 810 1119 868 imperitus.
1154 807 1284 862 Non,
1315 802 1589 858 mehercule,

180 881 290 922 Cato
318 880 408 939 ipse
434 888 522 921 tam
550 880 662 922 bene
682 897 835 923 verum
862 889 1104 934 oratorem,
1122 895 1255 939 quam
1278 878 1348 922 hic
1368 875 1588 937 Regulum

133 955 153 985 6
179 952 402 1011 expressit.
433 952 656 1007 Habesne,
683 969 771 1013 quo
800 952 876 996 tali
903 952 1095 1013 epistolae
1122 968 1272 1013 parem
1304 952 1490 1011 gratiam
1523 966 1587 992 re-

180 1024 322 1067 feras?
346 1025 518 1079 Habes,
550 1026 585 1069 si
615 1026 912 1086 rescripseris,
945 1043 1052 1069 num
1080 1024 1239 1085 aliquis
1269 1025 1314 1067 in
1345 1023 1590 1082 municipio

179 1107 325 1142 vestro
346 1115 398 1141 ex
417 1098 639 1142 sodalibus
660 1100 788 1154 meis,
807 1116 915 1143 num
938 1100 1070 1143 etiam
1094 1100 1186 1160 ipse
1208 1108 1257 1142 tu
1281 1114 1400 1141 nunc
1422 1096 1591 1140 luctuo-

179 1189 277 1216 sum
304 1172 461 1233 Reguli
495 1172 685 1229 librum,
715 1183 764 1217 ut
792 1173 1053 1229 circulator,
1087 1173 1131 1216 in
1167 1171 1263 1215 foro
1295 1170 1478 1232 legeris,
1505 1169 1591 1213 sci-

180 1244 302 1299 licet,
325 1256 374 1289 ut
396 1247 456 1289 ait
476 1247 821 1299 Demosthenes,
847 1248 997 1307 ἐπάρας
1024 1250 1096 1295 τὴν
1124 1249 1278 1306 φωνὴν,
1303 1246 1369 1289 καὶ
1388 1245 1565 1307 γεγηθὼς
1580 1278 1590 1297 ,

180 1359 229 1392 iio
248 1373 332 1393 vero
351 1360 598 1394 difficultatum
628 1374 667 1394 ac
687 1360 857 1405 periculo-

180 1424 260 1445 rum
271 1414 529 1447 cunctationem
538 1421 570 1446 et
577 1421 707 1446 metum
715 1413 857 1446 adfert.»

182 1465 275 1498 Add.
294 1467 340 1505 V,
356 1479 411 1510 17,
433 1468 472 1506 33
493 1467 583 1506 VII,
604 1479 658 1510 17,
677 1467 730 1499 13.
751 1466 794 1498 G.

230 1524 261 1559 4.
293 1523 333 1550 Os
368 1522 543 1563 confusum.
582 1520 659 1551 Non
699 1518 854 1563 intelligo

183 1570 318 1603 vultum
331 1571 426 1604 haud
438 1571 668 1616 compositum
682 1582 690 1609 ;
702 1583 783 1603 nam
795 1572 857 1603 Re-

181 1623 286 1668 gulus
297 1649 305 1663 ‚
318 1631 354 1655 nt
368 1624 501 1657 vultum
513 1631 604 1656 recte
615 1630 855 1667 componeret,

183 1676 263 1709 satis
289 1675 403 1709 audax
431 1684 463 1708 et
492 1674 674 1720 impudens
697 1683 782 1708 erat.
798 1675 858 1706 Vi-

182 1728 266 1761 tium
281 1729 394 1774 potius
409 1728 503 1761 vocis
517 1736 549 1760 et
564 1726 857 1773 pronuntiationis

183 1780 390 1813 describitur
399 1807 407 1817 ,
417 1779 512 1826 quod
524 1787 571 1813 est
583 1780 654 1825 ejus
665 1806 672 1817 ,
683 1780 743 1824 qui
751 1780 859 1812 verba

182 1832 319 1878 singula
332 1847 403 1866 non
414 1841 507 1866 recte
523 1833 671 1877 explicat
685 1857 694 1871 ‚
707 1831 857 1878 syllabas

183 1888 344 1918 obscurat
355 1911 363 1926 ‚
378 1885 538 1926 devorat,
552 1893 617 1918 etc.
635 1884 857 1918 Contrarium

184 1947 234 1972 est
260 1953 294 1971 os
313 1942 469 1982 planum,
495 1938 589 1984 quod
609 1937 702 1971 idem
727 1937 858 1971 Plinius

184 1991 282 2036 epist.
297 1994 316 2022 (5
329 2017 337 2031 ‚
355 2004 366 2023 1
378 2004 390 2023 1
407 2016 415 2031 ‚
433 1998 682 2024 commemorat
694 2015 702 2030 ,
718 1990 775 2022 ubi
788 1989 856 2023 vid.

183 2043 329 2076 Gesner.
344 2045 383 2076 E.
403 2064 448 2068 -—
463 2043 623 2076 Valerius
643 2043 818 2076 Maximus
839 2055 859 2076 a

184 2096 304 2129 Cortio
334 2096 494 2129 laudatus
512 2096 599 2128 VIII
615 2121 623 2135 ‚
645 2108 680 2140 7,
696 2097 794 2128 Rom.
818 2097 834 2128 I
849 2121 858 2136 ‚

185 2162 219 2180 os
236 2151 436 2180 lzoesitatione
450 2151 648 2191 impeditum.
664 2149 699 2182 S.
719 2169 764 2173 —-
785 2152 860 2180 Tar-

185 2203 316 2233 dissima
327 2203 472 2232 inventio.
483 2201 556 2233 Hoc
565 2201 678 2246 ipsum
691 2202 859 2245 Regulum

184 2254 285 2287 tardo
300 2262 333 2287 et
351 2253 465 2286 hebeti
485 2253 623 2298 ingenio
641 2266 714 2287 esse
734 2254 857 2298 arguit.

185 2307 275 2339 Nam
283 2305 327 2338 ad
336 2305 599 2351 excogitandum
607 2331 615 2345 ‚
624 2307 676 2338 vel
683 2305 861 2339 invenien-

187 2359 271 2392 dum
284 2361 430 2391 acumine
440 2371 525 2402 opus
539 2366 602 2399 est,
612 2358 705 2404 quod
720 2358 860 2404 proprie

187 2411 230 2445 de
246 2412 314 2444 hoc
331 2411 485 2444 sollertiae
502 2423 626 2455 genere
645 2411 772 2444 dicitur
785 2411 858 2443 Cic.

187 2465 283 2497 Brut.
299 2465 342 2497 68
358 2489 366 2503 ‚
381 2463 439 2496 ubi
451 2464 551 2496 etiam
565 2466 676 2495 tardus
687 2465 718 2495 in
734 2465 861 2506 excogi-

189 2520 289 2548 tando
301 2516 484 2561 opponitur
497 2518 645 2548 acutiori.
658 2517 698 2548 E.

235 2590 280 2593 -—
297 2572 344 2599 Eo
362 2571 579 2611 impudentia,
601 2575 665 2601 etc.
689 2570 786 2600 Rom.
811 2571 859 2600 Eo

189 2623 385 2663 impudentia
394 2624 522 2663 ipsoque
529 2623 582 2653 illo
581 2622 699 2664 surore
700 2623 857 2664 provenit,

191 2675 375 2715 utplurimis
385 2684 498 2706 orator
510 2675 665 2706 habeatur
673 2700 680 2709 ,
698 2674 769 2707 sine
779 2684 861 2718 prae-

189 2725 357 2769 positione
371 2738 401 2756 α.
418 2725 458 2756 H.

970 1361 1003 1394 5.
1035 1364 1151 1403 Itaque
1181 1361 1374 1397 Herennius,
1401 1366 1466 1392 etc.
1493 1359 1591 1391 Rom.

923 1417 941 1444 I
943 1423 1040 1456 taque
1046 1415 1223 1444 Herennius
1234 1414 1361 1443 Senecio
1372 1413 1504 1456 mirifice
1514 1413 1596 1443 illud

925 1468 1065 1497 Catonis.
1088 1465 1133 1496 H.
1149 1485 1195 1489 —
1216 1466 1346 1496 Catonis
1357 1489 1364 1495 .
1379 1490 1385 1496 .
1401 1490 1408 1496 .
1432 1463 1594 1495 Definitio

923 1517 1117 1551 Catoniana
1131 1542 1140 1557 ‚
1158 1519 1214 1549 ‘vir
1231 1519 1344 1554 bonus,
1366 1518 1496 1548 dicendi
1504 1517 1593 1559 peri-

924 1580 991 1609 tus,
1010 1578 1060 1603 est
1073 1568 1167 1615 apud
1179 1568 1327 1610 Quintil.
1344 1569 1432 1608 XII,
1451 1581 1482 1608 1,
1502 1581 1532 1601 1.
1547 1568 1591 1601 G.

970 1625 1004 1655 6.
1039 1626 1073 1655 Si
1101 1624 1295 1665 rescripseris
1307 1647 1315 1659 ‚
1350 1635 1424 1653 num
1461 1623 1591 1664 aliquis.

922 1677 1021 1708 Rom.
1048 1678 1083 1707 Si
1106 1677 1283 1718 scripseris,
1306 1688 1381 1706 num
1405 1676 1533 1716 uliquis.
1548 1674 1592 1706 H.

922 1749 967 1753 -«
983 1730 1108 1760 Scilicet
1126 1737 1160 1759 ut
1177 1730 1240 1765 ait,
1263 1734 1325 1759 etc.
1344 1728 1443 1759 Rom.
1471 1728 1593 1773 ἐπάρας

922 1783 1056 1819 scilicet,
1073 1790 1107 1811 ut
1125 1783 1173 1812 ait
1194 1782 1437 1818 Demosthenes,
1459 1781 1516 1816 τὴν
1535 1794 1596 1825 φω-

922 1836 988 1871 νήν.
1007 1834 1051 1868 Η,
1073 1854 1118 1858 -
1132 1833 1230 1866 Idem
1248 1832 1334 1866 ordo
1354 1833 1387 1865 in
1410 1832 1484 1866 aliis
1498 1832 1595 1864 libris

924 1887 1059 1920 obvius.
1076 1914 1084 1927 ‚
1099 1886 1225 1932 placet.
1240 1886 1273 1919 S.
1294 1906 1339 1911 ——
1359 1887 1593 1917 Demosthenes.

923 1941 1022 1973 Orat.
1044 1953 1108 1986 pro
1129 1952 1257 1974 corona
1276 1951 1352 1983 cap.
1374 1950 1430 1981 90.
1455 1950 1489 1982 p.
1506 1939 1569 1968 166
1585 1961 1593 1976 ‚

924 1993 1022 2039 cujus
1032 1993 1100 2025 loci
1111 1991 1260 2024 suavitas
1270 2015 1278 2029 ‚
1292 1999 1324 2023 et
1335 2002 1483 2022 acumen
1495 1989 1595 2021 Plinii

923 2045 1069 2090 intelligi
1093 2057 1163 2077 non
1185 2051 1316 2089 potest,
1338 2042 1403 2074 nisi
1426 2049 1519 2074 totus
1546 2041 1596 2073 in-

924 2098 1101 2143 spiciatur.
1122 2098 1269 2129 Accusat
1294 2095 1469 2127 inimicum
1492 2106 1595 2126 suum

924 2150 1172 2183 Demosthenes
1186 2173 1195 2188 ‚
1227 2147 1288 2193 qui
1319 2147 1354 2179 in
1388 2158 1596 2179 commemo-

924 2202 1034 2236 randa
1057 2201 1252 2235 calamitate
1273 2200 1411 2245 publica
1431 2197 1499 2234 οὐδ’
1521 2198 1596 2233 ἐδά-

925 2270 1052 2303 κρυσεν,
1071 2253 1140 2288 008³
1157 2256 1272 2288 ἔπαθεν
1291 2251 1381 2287 οὐδὲν
1400 2257 1539 2287 τοιοῦτον
1555 2257 1595 2297 τῇ

925 2311 1007 2354 ψυχῇ
1020 2337 1028 2350 ‚
1048 2320 1148 2350 neque
1169 2310 1344 2343 lacrymam
1359 2307 1526 2349 effuderit,
1544 2317 1598 2335 ne-

925 2370 986 2398 que
1011 2357 1118 2387 animo
1137 2367 1170 2386 se
1189 2355 1378 2385 commoveri
1402 2353 1595 2388 ostenderit,-

925 2407 985 2441 sed
997 2410 1123 2440 sublata
1133 2419 1214 2438 voce
1223 2431 1230 2443 ‚
1245 2406 1495 2437 exsultabundus
1508 2402 1596 2435 illud

926 2461 1017 2494 enim
1037 2468 1087 2493 est
1105 2459 1264 2506 γεγηθώς,
1283 2457 1377 2503 quod
1396 2455 1514 2501 gaudii
1536 2468 1596 2488 no-

925 2514 1053 2546 tionem
1072 2512 1273 2558 adjunctam
1293 2510 1409 2542 habet.
1430 2515 1462 2541 et
1484 2509 1595 2539 modu-

927 2568 1008 2599 lanti
1017 2575 1146 2609 gutture
1159 2563 1321 2608 loquutus
1339 2561 1380 2593 sit
1392 2585 1401 2600 ‚
1414 2568 1478 2592 etc.
1491 2559 1595 2594 Hunc

926 2618 1123 2651 AEschinem
1152 2616 1254 2661 igitur
1275 2614 1425 2646 imitatus
1453 2620 1523 2653 est,
1551 2611 1594 2645 de

925 2670 1025 2703 Plinii
1053 2668 1266 2714 suspicione,
1284 2664 1434 2710 Lepidus
1452 2665 1485 2697 in
1504 2676 1591 2710 prae·

927 2721 1070 2766 legendo
1094 2720 1213 2764 Reguli
1243 2719 1352 2758 libro,
1379 2726 1418 2750 ut
1446 2730 1515 2751 non
1541 2717 1592 2749 lu-
