1742 2989
550 219 899 262 EPISTOLA
935 218 1070 261 XVI.
1430 219 1509 278 187

114 298 261 343 oculos
282 308 407 342 erant
427 315 434 341 :
459 314 546 358 quo
569 298 710 359 majus
733 309 796 342 est
817 300 909 342 sine
930 300 1108 359 praemio
1126 300 1403 351 aeternitatis„
1423 303 1513 344 sine

114 373 293 432 praemio
317 371 463 432 gloriae
489 371 648 415 abdere
674 371 907 433 lacrymas,
932 372 1104 433 operire
1130 372 1320 427 luctum,
1342 372 1513 418 amisso-

113 462 197 505 que
237 445 350 498 filio,
385 455 570 489 matrem
610 444 754 489 adhuc
787 462 929 507 agere.
958 446 1270 489 Scribonianus
1309 463 1427 489 arma
1468 449 1511 490 iu
1541 465 1555 491 7

112 517 283 579 Illyrico
310 528 463 563 contra
488 518 722 563 Claudium
749 528 945 562 moverat
975 536 984 562 ε
1012 518 1155 562 fuerat
1175 522 1317 563 Paetus
1345 520 1388 562 in
1415 536 1513 580 par-

113 592 252 647 tibus,
284 602 328 636 et
361 592 504 636 occiso
540 592 854 645 Scriboniano,
885 594 1070 635 Romam
1106 592 1377 636 trahebatur.
1408 595 1514 636 Erat
1538 600 1557 631 8

112 665 398 709 adscensurus
427 682 581 709 navem
610 683 619 708 :
651 666 779 709 Arria
804 665 963 709 milites
990 666 1166 719 orabat,
1195 676 1246 709 ut
1274 665 1401 709 simul
1432 667 1513 709 im-

111 747 364 797 poneretur.
395 739 595 798 «Nempe
626 739 767 791 enim,
800 739 963 799 inquit,
992 738 1135 783 daturi
1166 741 1266 784 estis
1296 739 1511 784 consulari

111 811 204 854 viro
234 811 425 855 servulos
455 811 649 873 aliquos,
675 829 865 873 quorum
895 830 917 856 e
947 829 1081 856 manu
1113 813 1259 857 cibum
1289 814 1461 875 capiat,
1491 832 1513 857 a

111 885 268 943 quibus
294 885 528 941 vestiatur,
549 901 572 928 a
594 885 753 946 quibus
778 884 985 929 calcietur
1008 903 1016 929 :
1038 887 1186 930 onmia
1207 886 1271 931 vel
1295 887 1384 931 sola
1406 905 1514 948 prae-

110 957 292 1000 stabo.»
325 950 428 1001 Non
464 959 728 1019 impetravit.
761 958 985 1003 Conduxit
1019 960 1298 1020 piscatoriam
1332 962 1513 1005 navicu-
1540 984 1559 1012 9

110 1028 220 1085 lam,
256 1031 498 1092 ingensque
539 1032 765 1093 navigium
800 1033 983 1076 minimo
1018 1044 1202 1094 sequuta
1236 1045 1309 1079 est.
1347 1035 1514 1079 Eadem

109 1103 227 1163 apud
252 1103 487 1148 Claudium
517 1106 643 1150 uxori
672 1106 977 1160 Scriboniani,
1004 1123 1140 1166 quum
1179 1107 1251 1151 illa
1283 1107 1515 1168 profitere-

110 1186 182 1219 tur
211 1178 422 1222 indicium
457 1196 466 1222 :
497 1182 654 1240 «Ego,
682 1180 851 1240 inquit,
883 1189 925 1222 te
954 1179 1154 1235 audiam,
1184 1181 1308 1241 cujus
1337 1182 1382 1224 in
1415 1199 1515 1242 gre-

109 1251 198 1294 mio
221 1252 536 1296 Scribonianus
561 1254 727 1298 occisus
753 1261 838 1306 est,
864 1262 905 1296 et
926 1253 1101 1297 vivis?»
1127 1257 1193 1299 Ex
1216 1272 1303 1315 quo
1329 1256 1514 1299 manife-

109 1333 225 1367 stum
252 1335 339 1379 est,
367 1326 405 1369 ei
434 1325 665 1370 consilium
694 1325 1000 1386 pulcherrimae
1025 1328 1178 1371 mortis
1206 1345 1295 1371 non
1320 1329 1513 1372 subitum

109 1396 255 1442 fuisse.
285 1399 407 1455 Quin
434 1399 565 1442 etiam
592 1415 729 1460 quum
759 1400 973 1455 Thrasea,
1001 1417 1135 1461 gener
1164 1401 1284 1462 ejus,
1311 1402 1514 1463 depreca-
1546 1431 1584 1449 ω

108 1480 253 1525 retur,
278 1488 332 1515 ne
356 1473 468 1515 mori
492 1482 722 1533 pergeret,
749 1474 951 1533 interque
978 1473 1062 1517 alia
1086 1474 1263 1519 dixisset
1291 1493 1298 1519 :
1329 1478 1430 1519 «Tu
1452 1477 1515 1519 vis

109 1560 213 1604 ergo
243 1544 376 1588 filiam
406 1555 553 1602 tuam,
580 1547 614 1589 si
643 1546 751 1590 mihi
780 1546 1058 1607 pereundum
1089 1548 1248 1603 fuerit,
1279 1551 1390 1593 mori
1420 1567 1515 1594 me-

108 1616 270 1660 cum?>›
291 1618 543 1679 respondit:
567 1620 646 1664 «Si
670 1629 758 1663 tam
780 1619 855 1663 diu
876 1629 1085 1682 tantaque
1108 1623 1341 1666 concordia
1359 1624 1516 1667 vixerit

110 1700 277 1747 tecum,
297 1709 430 1752 quam
451 1710 531 1754 ego
552 1711 651 1737 cum
669 1696 812 1749 Paeto,
826 1693 965 1737 volo.»
985 1696 1181 1738 Auxerat
1202 1696 1286 1740 1100
1306 1714 1515 1758 responso
1545 1719 1555 1739 1
1569 1718 1580 1738 1

109 1780 258 1807 curam
279 1782 458 1809 suorum
483 1783 493 1809 ε
521 1768 731 1810 attentius
752 1766 1083 1811 custodiebatur
1107 1786 1115 1811 :
1139 1770 1294 1823 sensit,
1314 1780 1356 1814 et
1376 1788 1384 1814 τ
1405 1772 1515 1816 «Ni-

157 1899 188 1931 7.
215 1890 328 1920 Furius
359 1890 509 1921 Camillus
534 1891 776 1925 Scribonianus,

108 1939 286 1973 Dalmatia?
316 1941 447 1987 legatus
465 1967 474 1981 ,
511 1942 643 1974 bellum
682 1942 780 1974 civile

107 1993 217 2025 movit
230 1993 294 2026 sub
307 1993 453 2027 Claudio
464 2020 472 2035 ‚
487 1994 547 2027 sed
560 2007 579 2027 a
594 1994 758 2027 militibus
771 2020 779 2034 ‚

109 2044 141 2077 in
156 2046 393 2090 poenitentiam
407 2047 572 2092 religione
583 2047 755 2080 conversis
770 2073 778 2087 ,

108 2097 291 2132 destitutus
303 2124 311 2139 ‚
324 2108 435 2133 morte
449 2101 643 2134 voluntaria
660 2101 776 2147 periit.

109 2150 249 2184 Sueton.
266 2152 390 2186 Claud.
410 2154 462 2186 13.
480 2154 545 2187 En.

156 2204 189 2236 8.
209 2207 339 2246 Nempe.
354 2206 431 2238 Non
445 2213 494 2238 est
507 2206 543 2239 h.
559 2206 583 2238 1.
599 2205 780 2250 indignan-

109 2255 162 2288 tis.
184 2256 278 2289 Serio
295 2257 394 2289 Arria
419 2258 486 2291 hoc
511 2266 715 2302 argumento
735 2258 780 2291 ad

109 2308 233 2341 milites
250 2321 312 2341 usa
329 2317 378 2341 est
390 2334 399 2349 ‚
416 2322 502 2354 quos
517 2335 526 2350 ‚
540 2311 651 2344 omnis
666 2324 780 2356 exper-

109 2367 158 2393 tes
171 2360 395 2393 humanitatis
408 2387 416 2401 ‚
429 2362 474 2395 ita
487 2362 629 2395 demum
644 2363 779 2398 flectere

108 2425 206 2457 posse
222 2414 365 2458 putabat
380 2439 388 2453 ,
408 2414 437 2447 si
455 2415 538 2460 quid
556 2415 595 2448 iis
615 2428 779 2462 compen-

109 2465 157 2498 dii
175 2465 382 2499 ostenderet.
403 2468 435 2500 S.
452 2488 498 2492 —
511 2470 627 2499 Omnia
642 2472 698 2501 mel
708 2472 777 2501 sola

105 2522 277 2560 praestabo.
315 2521 412 2552 Rom.
455 2523 571 2552 Omnia
599 2524 669 2553 sola
695 2536 778 2564 prte-

109 2574 211 2604 stabo.
227 2572 271 2604 H.

156 2635 188 2666 9.
200 2628 388 2668 Ingensque.
398 2653 404 2658 .
413 2635 558 2668 .seqnuca
569 2636 622 2658 est.
635 2626 755 2671 Cogita
767 2653 774 2665 ‚

111 2687 215 2719 quam
232 2679 465 2722 periculosum
486 2679 527 2711 sit
545 2678 707 2711 navicula
726 2680 776 2725 pi-

110 2729 254 2761 scatoria
266 2733 440 2772 improbum
455 2734 586 2763 Acir-iam
600 2732 757 2777 trajicere
767 2758 775 2768 ,

845 1889 981 1934 hocque
1000 1890 1147 1922 otiosum
1162 1916 1170 1930 ,
1191 1899 1250 1923 ant
1269 1891 1421 1924 alienum
1443 1907 1514 1927 0330

846 1943 998 1987 negabis.
1015 1943 1048 1976 S.

891 1997 1279 2039 -E3·o...te(111diam.Et
1288 1996 1517 2031 videamlucis

846 2060 950 2080 usura
959 2049 1129 2082 fruentem
1141 2074 1148 2088 ‚
1161 2057 1193 2081 et
1202 2050 1389 2094 periculum
1401 2052 1517 2084 amicis

845 2100 959 2133 mariti
977 2101 1027 2133 tui
1043 2109 1217 2134 creantem
1232 2127 1240 2141 ,
1262 2111 1298 2135 ut
1317 2103 1389 2148 ipsa
1409 2104 1517 2149 impu-

845 2153 983 2186 nitatem
995 2154 1229 2199 consequaris.
1241 2155 1332 2188 Illud
1345 2157 1435 2188 enim
1447 2158 1516 2190 fere

844 2207 1023 2250 praemium
1049 2209 1168 2240 indicii.
1196 2209 1395 2241 Forumlam
1416 2213 1517 2255 profi-

845 2261 905 2290 ceri
913 2261 1064 2291 indicizmz
1074 2260 1257 2294 illustravit
1267 2262 1362 2294 Cort.
1377 2261 1420 2294 ad
1431 2262 1513 2296 Sall.

844 2313 921 2357 Jug.
937 2313 1082 2353 XXXV,
1097 2316 1130 2346 6.
1150 2314 1194 2346 G.

844 2386 889 2389 ——
908 2369 953 2396 Et
968 2367 1057 2398 vivis.
1079 2366 1208 2412 Supplc
1223 2381 1307 2410 quw.
1326 2366 1407 2399 Vid.
1432 2367 1516 2398 Bur-

845 2430 961 2450 mann.
979 2418 1023 2451 ad
1043 2418 1176 2453 Phaedr.
1194 2422 1209 2452 I
1221 2446 1228 2459 ‚

890 2491 936 2495 —
952 2474 1093 2504 Pulchra
1112 2486 1195 2504 mors
1207 2499 1214 2508 ,
1237 2475 1331 2512 καλός
1353 2474 1489 2511 θάνατος
1504 2500 1512 2512 ,

1251 2434 1311 2458 22,
1337 2432 1389 2452 152.
1408 2420 1440 2452 S.

843 2523 985 2557 honesta
997 2550 1005 2563 ,
1026 2524 1174 2569 gloriosa
1189 2551 1197 2565 ‚
1213 2537 1288 2570 quse
1306 2525 1429 2557 sortem
1445 2526 1514 2557 ani-

842 2589 938 2609 mum
952 2576 1093 2611 indicat.
1106 2578 1198 2611 Talis
1213 2578 1406 2610 habebatur
1420 2590 1512 2610 mors

842 2642 983 2669 corum,
1008 2631 1067 2676 qui
1093 2631 1145 2663 vel
1173 2632 1205 2663 in
1233 2630 1351 2675 praelio
1378 2631 1512 2663 fortiter

842 2691 1032 2727 pugnantes
1057 2683 1246 2722 cadebant,
1275 2684 1323 2715 vel
1350 2684 1443 2727 gravi
1468 2683 1512 2716 (10

841 2748 961 2768 caussa
977 2736 1036 2780 ipsi
1048 2737 1151 2769 vitam
1173 2736 1352 2769 finiebant.
1376 2737 1438 2768 En.
