1742 2989
906 436 1006 490 VI.

252 588 435 637 Bithynos
456 587 612 624 decreto
633 586 912 623 accusationem
926 584 1069 621 Vareni
1089 584 1257 620 omisisse
1278 599 1285 619 :
1308 592 1432 620 tacere
1454 583 1660 620 consultius

656 650 849 687 interdum
870 662 983 699 quam
1004 649 1121 685 multa
1142 649 1258 697 loqui.

542 788 583 817 C.
620 786 854 816 PLINIUS
888 786 1154 815 MACRINO
1184 786 1354 815 SUO‘S.

313 910 464 952 RARA
491 915 534 950 et
560 904 766 949 notabilis
790 921 859 949 res
884 904 1069 965 contigit
1087 907 1289 959 Vareno,
1316 906 1371 948 sit
1392 905 1491 950 licet
1513 907 1658 951 adhuc

248 981 394 1025 dubia.
423 980 598 1041 Bithyni
625 979 946 1023 accusationem
974 978 1091 1038 ejus,
1124 988 1173 1021 ut
1198 987 1363 1021 temere
1388 979 1654 1035 inchoatam,

246 1056 442 1099 omisisse
456 1066 707 1098 narrantur.
727 1053 978 1096 Narrantur
992 1050 1119 1094 dico?
1145 1049 1275 1094 Adest
1291 1051 1528 1110 provinciae
1542 1052 1654 1113 lega-

248 1137 336 1171 tus:
355 1126 502 1171 attulit
516 1127 741 1184 decretum
757 1123 925 1169 consilii
942 1124 996 1167 ad
1008 1126 1224 1168 Caesarem
1236 1159 1247 1178 ‚
1267 1123 1415 1168 attulit
1427 1125 1482 1168 ad
1494 1125 1655 1170 multos

245 1200 467 1261 principes
490 1200 609 1243 viros
625 1234 636 1253 ,
677 1197 825 1242 attulit
851 1198 982 1241 etiam
1010 1196 1064 1240 ad
1089 1213 1189 1249 nos,
1214 1198 1378 1241 Vareni
1403 1197 1650 1244 advocatos.

201 1295 216 1314 2
244 1275 414 1317 Perstat
439 1283 586 1316 tamen
610 1271 726 1315 idem
753 1270 825 1314 ille
843 1272 1034 1330 Magnus
1061 1287 1071 1314 :
1105 1271 1212 1331 quin
1238 1271 1370 1314 etiam
1393 1272 1653 1332 Nigrinum,

243 1339 459 1398 optimum
485 1338 625 1380 virum
639 1372 650 1390 ‚
673 1336 1018 1397 pertinacissime
1038 1345 1223 1379 exercet.
1252 1337 1335 1379 Per
1354 1336 1472 1380 hunc
1490 1353 1512 1380 a
1532 1339 1652 1381 Con-

242 1409 407 1454 sulibus
421 1409 689 1471 postulabat,
706 1419 754 1452 ut
767 1411 971 1453 Varenus
983 1409 1188 1452 exhibere
1202 1410 1395 1453 rationes
1409 1420 1651 1469 cogeretur.

196 1493 215 1525 3
242 1483 518 1527 Adsistebam
533 1485 712 1526 Vareno
723 1483 815 1543 jam
831 1491 1001 1525 tantum
1019 1492 1067 1526 ut
1079 1482 1267 1537 amicus,
1287 1492 1330 1525 et
1344 1492 1486 1526 tacere
1500 1483 1650 1527 decre-

240 1577 401 1604 veram.
430 1559 555 1604 Nihil
576 1560 691 1602 enim
718 1569 805 1601 tam
831 1559 1124 1611 contrarium,
1150 1575 1281 1618 quam
1308 1560 1342 1602 si
1368 1559 1606 1603 advocatus
1625 1577 1649 1603 a

240 1642 393 1676 senatu
416 1632 543 1675 datus
560 1629 841 1675 defenderem
862 1641 911 1674 ut
930 1647 1052 1674 reum
1066 1666 1077 1686 ,
1099 1632 1168 1674 cui
1190 1648 1301 1691 opus
1322 1642 1451 1686 esset,
1474 1649 1529 1676 ne
1550 1650 1650 1677 reus

193 1723 213 1759 4
242 1704 475 1748 videretur.
502 1706 652 1760 Quum
673 1713 842 1756 tamen,
863 1703 988 1746 finita
1009 1702 1305 1763 postulatione
1327 1704 1522 1764 Nigrini,
1546 1722 1650 1749 con-

238 1778 351 1822 sules
373 1777 428 1821 ad
448 1793 517 1820 me
538 1775 689 1820 oculos
712 1775 988 1831 retulissent,
1014 1778 1191 1831 Sciatis,
1219 1778 1422 1837 inquam,
1443 1790 1649 1823 constare

237 1851 367 1896 nobis
379 1851 549 1895 silentii
557 1853 701 1893 nostri
713 1852 947 1904 rationem,
963 1865 1104 1909 quum
1121 1866 1255 1893 veros
1271 1851 1446 1910 legatos
1467 1854 1648 1894 orossiu-

236 1929 322 1969 ciae
344 1923 588 1969 audiemus.
617 1924 783 1967 Contra
808 1923 1048 1983 Nigrinus,
1083 1923 1167 1966 Acl
1187 1939 1320 1984 quem
1350 1927 1478 1967 mimi
1509 1926 1646 1968 sunt?

284 2046 347 2077 VI.
361 2058 372 2076 1
384 2071 391 2077 .
404 2049 540 2076 Vareno.
551 2042 753 2088 Repetendae
765 2050 844 2075 sunt
854 2055 906 2076 res

235 2097 338 2144 hujus
352 2097 483 2130 Vareni
512 2109 549 2128 ex
560 2097 606 2136 V,
632 2108 693 2135 2o;
717 2103 749 2128 et
765 2096 829 2135 VI,
850 2095 903 2128 13.

234 2149 447 2183 Nominatim
462 2148 505 2181 de
521 2149 651 2193 Magno
670 2149 717 2187 V,
734 2161 790 2187 20,
809 2153 843 2188 4.
860 2147 903 2180 G.

280 2222 326 2227 —
337 2205 527 2233 Nam-antur
536 2203 628 2232 dico?
640 2202 732 2233 Bene
746 2199 904 2233 additum

232 2255 368 2300 signum
388 2253 642 2298 interrogandi,
657 2252 751 2298 quod
767 2253 801 2285 in
818 2254 905 2285 Cor-

231 2308 325 2340 tiana
343 2306 440 2339 defit.
457 2307 528 2338 Nec
545 2306 637 2338 enim
655 2318 764 2350 vagus
783 2318 903 2337 rumor

232 2360 297 2392 fuit
311 2368 453 2392 auctore
468 2358 600 2390 incerto
614 2382 622 2397 ‚
640 2370 749 2403 quum
764 2358 903 2403 provin·

230 2412 289 2444 ciae
311 2413 442 2456 legatus
468 2409 646 2443 decretum
672 2409 903 2456 Bithynorum

230 2464 274 2497 de
297 2464 517 2496 accusatione
542 2462 731 2494 omittenda
759 2464 902 2495 Romam

230 2516 496 2549 attulisset.Ante
504 2517 594 2546 adest
604 2514 752 2547 subaudi
759 2517 901 2549 immas.

280 2582 310 2602 2.
329 2570 478 2600 Fonteius
498 2571 645 2610 Magnus.
668 2567 767 2599 Unus
787 2580 829 2600 ex
847 2568 902 2600 Bi-

230 2620 366 2666 thynis,
385 2620 427 2652 de
439 2632 509 2665 quo
523 2620 570 2658 V,
587 2618 684 2664 epist.
707 2632 760 2651 20.
777 2620 843 2652 En.
857 2641 901 2645 -

233 2675 410 2715 Nigrinum.
419 2673 487 2713 Qui
496 2672 647 2704 contrav
654 2684 760 2704 arenu
767 2684 798 2704 m
810 2672 901 2704 dixe-

972 2051 1024 2076 rat
1035 2043 1135 2076 etiam
1147 2043 1323 2089 superiore
1334 2044 1469 2076 actione
1478 2045 1524 2084 V,
1541 2056 1596 2084 20,
1609 2047 1642 2076 6.

971 2096 1048 2128 Jam
1067 2108 1150 2129 vero
1165 2096 1292 2129 invitus
1310 2095 1446 2128 videtur
1465 2109 1578 2142 agere.
1598 2096 1641 2129 G.

1019 2154 1051 2189 4.
1064 2151 1183 2180 Contra
1193 2150 1357 2191 Nigrinus.
1369 2148 1512 2194 Sequuti
1525 2161 1643 2182 sumus

971 2201 1182 2234 verissimam
1199 2213 1239 2233 ex
1255 2200 1354 2233 bonis
1368 2200 1464 2234 libris
1484 2201 1645 2234 emenda-

971 2254 1098 2286 tionem
1107 2253 1226 2285 Cortii.
1238 2254 1383 2298 Nuperae
1391 2252 1558 2287 editiones
1565 2266 1644 2286 con-

968 2306 1160 2339 tinuabant:
1169 2307 1334 2337 audieritis
1341 2316 1455 2337 contra
1461 2309 1640 2349 Nigrinum.

968 2361 1016 2390 ad
1023 2372 1116 2401 quem
1127 2360 1315 2390 missisunt:
1326 2371 1383 2401 ego
1394 2361 1506 2397 adme,
1520 2367 1584 2392 etc.
1595 2359 1625 2391 G
1633 2385 1639 2391 .

1015 2432 1059 2436 —
1084 2414 1141 2443 Ad
1172 2424 1265 2453 quem
1294 2413 1383 2442 missi
1415 2417 1510 2443 sunt.³
1539 2412 1639 2456 Apud

968 2464 1130 2496 Senatum
1169 2476 1222 2495 res
1257 2461 1372 2495 adhuc
1405 2470 1478 2494 acta
1517 2463 1638 2495 fuerat.

968 2515 1086 2560 Legati
1111 2516 1193 2549 novi
1218 2529 1288 2547 non
1312 2515 1356 2547 ad
1379 2516 1543 2548 Senatum
1562 2516 1640 2547 mis-

969 2568 1015 2607 si,
1045 2567 1105 2600 sed
1131 2567 1174 2600 ad
1201 2567 1416 2611 Principem,
1438 2574 1469 2599 ct
1497 2566 1542 2599 ad
1569 2568 1638 2612 pri-

967 2629 1063 2654 vatos
1089 2620 1271 2665 quosdam.
1298 2619 1379 2651 Haec
1406 2618 1509 2663 igitur
1532 2619 1637 2652 inter-

967 2673 1102 2717 rogatio
1132 2672 1284 2717 Nigrini,
1309 2683 1410 2716 quem
1439 2672 1529 2715 cogit
1563 2672 1636 2704 Ma-
