1742 2989
646 173 692 215 C.
728 173 953 216 PLINII
988 173 1111 216 LIB.
1148 174 1202 215 V.

162 277 200 297 ια
226 254 322 298 dior
341 253 471 308 mihi,
491 253 721 314 antiquum
744 252 880 296 nobili
901 253 1067 297 honore
1086 253 1284 314 signavit.
1307 254 1408 296 Haec
1424 253 1502 296 tihi
1524 254 1624 297 scri-

225 329 313 388 psi,
339 329 442 389 quia
467 327 520 371 de
545 327 769 381 omnibus,
791 343 886 387 quae
910 343 979 370 me
1004 326 1070 370 vel
1097 325 1415 381 delectant‚vel
1435 336 1625 386 angunt,

224 418 312 445 non
348 401 473 445 aliter
506 410 678 455 tecum,
706 417 837 461 quam
873 416 1068 455 mecum,
1102 399 1221 461 loqui
1257 399 1374 444 soleo
1404 416 1413 442 :
1442 398 1624 450 deinde,

223 474 341 534 quod
362 474 520 517 durum
543 473 866 529 existimabam,
886 483 928 516 te
946 474 1291 518 amantissimum
1312 473 1396 516 mei
1420 472 1623 515 fraudare

160 554 198 587 13
224 546 470 606 voluptate,
499 562 631 607 quam
667 547 757 606 ipse
791 545 1029 606 capiebam.
1064 548 1219 607 Neque
1253 547 1369 590 enim
1404 562 1499 589 sum
1532 555 1621 588 tam

223 619 414 680 sapiens,
438 629 486 663 ut
511 618 619 662 nihil
640 636 737 663 mea
761 619 951 674 intersit,
971 635 1026 662 an
1050 621 1123 673 iis,
1148 636 1243 680 quae
1268 620 1448 663 honeste
1475 618 1623 662 fecisse

222 708 291 735 me
318 692 472 746 credo,
498 692 747 737 testificatio
774 692 971 753 quaedam
987 727 998 747 7
1022 702 1065 735 et
1090 693 1211 752 quasi
1242 692 1471 752 praemium
1496 707 1621 735 acce-

231 189 317 234 272

223 764 308 808 dat.
324 764 444 809 Vale.

224 892 353 921 Honore
366 892 494 933 signare
511 889 606 922 haud
623 889 728 923 dubie
742 890 829 922 nihil
842 897 891 922 est

222 941 387 986 amplius,
411 954 515 988 quam
539 943 726 976 honorare.
751 941 816 976 Sed
836 955 891 973 no-

223 996 291 1026 bilis
315 995 418 1027 honor
439 993 607 1040 displicet.
633 997 834 1033 Notabilem,
854 1002 890 1026 ut

222 1046 257 1078 in
277 1045 352 1079 aliis
376 1047 471 1080 libris
495 1049 641 1094 legitur,
661 1060 754 1081 nunc
783 1046 890 1091 magis

223 1097 361 1132 ferrem.
377 1099 411 1133 Si
424 1107 540 1133 tamen
556 1100 644 1133 illud
659 1099 867 1133 retineamus
881 1124 889 1138 ‚

222 1153 336 1183 nobilis
357 1153 462 1183 honor
488 1153 549 1185 erit
573 1153 619 1192 is,
640 1152 700 1197 qui
722 1151 829 1185 nobili
853 1163 891 1184 ex

222 1203 358 1244 animo,
381 1211 413 1237 et
435 1205 624 1237 honestatis
641 1217 744 1237 sensu
762 1203 867 1237 ducto
880 1228 889 1244 ‚

220 1254 395 1289 tribuitur.
426 1257 468 1289 E.
492 1278 538 1282 -—
556 1259 653 1290 Rom.
675 1258 888 1299 Antiquorum

220 1310 358 1340 notabili
370 1322 465 1342 more.
486 1309 530 1342 H.

271 1360 324 1393 13.
345 1364 423 1393 Tam
441 1364 578 1405 sapiens.
598 1363 730 1409 Nempe
750 1362 890 1395 severis·

222 1410 314 1444 simae
325 1413 498 1458 sapientiae
508 1423 576 1457 est,
587 1427 625 1448 ex
634 1415 777 1448 honeste
787 1427 889 1460 agen-

956 889 1001 922 do
1013 889 1146 922 nullum
1158 890 1336 935 praemium
1347 896 1551 934 exspectare.
1560 887 1625 920 Pli-

955 941 1031 975 nius
1050 942 1095 974 ita
1113 943 1236 974 sentire
1252 950 1374 987 negat,
1394 954 1462 974 non
1482 940 1620 986 quidem

957 994 1063 1034 serio,
1090 993 1147 1027 secl
1180 993 1303 1027 ludens
1327 994 1421 1040 apud
1449 994 1598 1027 amicum
1613 1018 1622 1033 ‚

957 1047 1016 1091 qui
1024 1046 1135 1091 ipsum
1147 1046 1362 1091 intelligeret.
1372 1047 1413 1078 Et
1422 1046 1534 1091 ipsum
1542 1057 1623 1090 prae-

956 1098 1065 1131 mium
1075 1110 1169 1130 nimc
1178 1097 1362 1131 honestum
1373 1106 1433 1131 est.
1447 1098 1535 1130 E.—
1545 1098 1621 1130 Non

956 1150 1044 1183 ludit
1058 1150 1186 1183 Plinius
1205 1149 1297 1195 apud
1311 1151 1460 1183 amicum
1475 1175 1483 1190 ‚
1500 1149 1561 1183 sed
1575 1162 1624 1183 se-

956 1204 1009 1237 rio
1030 1203 1099 1249 agit
1120 1211 1195 1236 :tot
1222 1211 1291 1236 tam
1322 1203 1416 1236 clara
1443 1201 1621 1249 φιλοδοξίας

956 1257 1030 1303 ejus
1055 1255 1209 1302 exempla
1238 1263 1381 1289 exstant.
1410 1256 1444 1289 S.
1460 1276 1505 1280 -
1522 1256 1621 1287 Rom.

956 1313 1069 1353 *Neque
1091 1310 1173 1341 enim
1196 1322 1264 1341 sum
1287 1318 1352 1340 tam
1371 1311 1513 1352 sapiens,
1537 1310 1626 1350 quod

956 1364 1039 1394 nihil
1061 1375 1132 1394 mea
1157 1363 1289 1393 intersit.
1318 1362 1496 1407 Nusquam
1523 1367 1621 1393 antea

955 1415 1052 1461 pejus
1065 1414 1241 1460 scriptum.
1262 1413 1305 1445 H.

238 1545 1604 1559 mmmmtumxmwssxxmmxsxmxzsm§.vsmmsmmzmmmuxxmxxm

878 1671 956 1725 ΙΙ.

223 1822 373 1858 Gratias
395 1820 470 1870 agit
490 1833 561 1870 pro
586 1820 705 1857 turdis
728 1820 910 1869 acceptis,
931 1828 968 1855 et
986 1832 1024 1856 se
1044 1821 1215 1866 jucunde
1242 1822 1423 1869 docteque
1446 1827 1618 1865 excusat,

381 1884 483 1933 quod
507 1884 595 1920 huic
616 1884 763 1920 muneri
785 1896 861 1920 non
881 1882 1109 1932 respondeat
1129 1884 1238 1920 simili
1260 1883 1373 1920 dono.
1395 1887 1462 1921 En.

511 2022 548 2051 C.
587 2022 817 2051 PLINIUS
852 2023 1064 2051 FLACCO

1100 2008 1118 2024 ,ιι

1155 2022 1256 2051 SUO
1292 2023 1325 2051 S.

287 2147 483 2189 ACCEPI
510 2144 829 2204 pulcherrimos
854 2143 1026 2195 turdos,
1051 2159 1150 2187 cum
1176 2143 1332 2203 quibus
1358 2159 1506 2203 parem
1531 2143 1619 2187 cal-

225 2217 370 2262 culum
397 2234 579 2278 ponere,
604 2234 684 2261 nec
708 2216 805 2260 ullis
831 2217 966 2277 copiis
987 2233 1039 2259 ex
1060 2217 1356 2270 Laurentino,
1385 2233 1464 2260 neo
1489 2217 1619 2260 maris

193 2330 198 2334 .
226 2302 313 2334 tam
331 2290 515 2334 turbidis
530 2290 858 2350 tempestatibus
872 2305 1061 2349 possum.
1077 2289 1277 2348 Recipies
1295 2305 1398 2348 ergo
1417 2288 1619 2349 epistolas

270 2415 487 2448 II.*Atnmius
509 2416 640 2446 Flaccus
662 2413 806 2446 Senator
825 2425 883 2445 oc-

224 2467 330 2502 currit
346 2468 395 2500 IX
410 2491 418 2506 ‚
438 2479 491 2512 ep.
516 2466 556 2499 13
568 2490 576 2504 ‚
598 2466 651 2498 13.
666 2466 731 2498 En.

274 2532 304 2552 1.
329 2521 459 2551 Tur-dos.
480 2519 556 2550 Non
579 2529 679 2556 aves,
701 2516 759 2549 sed
778 2517 885 2561 pisces

225 2571 312 2617 lupis
335 2571 471 2604 similes.
490 2570 543 2604 Sic
560 2569 704 2611 Quintil.
719 2569 826 2609 VIII,
847 2583 885 2609 2,

226 2636 244 2667 7
253 2627 374 2661 ‚solem
387 2633 417 2654 ec
431 2633 482 2655 tm
483 2625 539 2654 dos
548 2625 649 2665 pisces
662 2622 786 2666 jungit.
800 2623 839 2655 Ε.
844 2643 887 2647 —-

227 2675 307 2708 Wid.
322 2674 519 2708 Schneidm.
537 2674 663 2706 Histoi·
676 2673 761 2706 Pisv.
778 2686 812 2718 p.
828 2686 887 2718 171,

951 2424 1001 2457 sq.
1023 2411 1057 2445 S.
1074 2431 1118 2436 -—
1132 2415 1200 2443 Nec
1219 2414 1289 2444 ullis
1308 2414 1406 2455 copiis
1422 2425 1463 2444 ex
1480 2416 1619 2444 Lauren-

953 2467 1030 2497 tino.
1050 2465 1146 2497 Rom.
1163 2467 1230 2496 Nec
1254 2467 1338 2496 urbis
1362 2467 1460 2507 copiis
1479 2477 1519 2496 ea:
1536 2469 1619 2496 Lau-

952 2518 1086 2549 rentina.
1098 2517 1175 2549 Non
1186 2516 1390 2549 mutandum
1401 2523 1486 2549 erat.
1499 2516 1595 2549 Dolet
1607 2541 1616 2555 ‚

953 2583 988 2603 se
1002 2568 1098 2615 paria
1120 2568 1233 2602 facere
1246 2581 1314 2601 non
1328 2580 1426 2613 posse
1439 2593 1448 2609 ‚
1465 2581 1521 2600 nec
1535 2571 1617 2600 urbis

954 2624 1052 2665 copiis
1062 2646 1071 2658 ,
1086 2620 1211 2653 scilicet
1222 2634 1262 2652 ex
1276 2623 1469 2653 Laurentino
1479 2646 1489 2659 ,
1502 2621 1535 2653 in
1548 2633 1617 2665 quo

955 2682 1026 2706 tum
1047 2680 1139 2710 erat,
1161 2685 1267 2717 quum
1290 2672 1409 2704 turdos
1429 2672 1615 2717 acciperet,
