<?xml version="1.0" encoding="UTF-8"?>
<!DOCTYPE html PUBLIC "-//W3C//DTD XHTML 1.0 Transitional//EN"
    "http://www.w3.org/TR/xhtml1/DTD/xhtml1-transitional.dtd">
<html xmlns="http://www.w3.org/1999/xhtml" xml:lang="en" lang="en">
 <head>
  <title>
</title>
<meta http-equiv="Content-Type" content="text/html;charset=utf-8" />
  <meta name='ocr-system' content='tesseract 3.04.00' />
  <meta name='ocr-capabilities' content='ocr_page ocr_carea ocr_par ocr_line ocrx_word'/>
</head>
<body>
  <div class='ocr_page' id='page_1' title='image "./epistolarumlibri01plinuoft_0233.png"; bbox 0 0 1742 2989; ppageno 0'>
   <div class='ocr_carea' id='block_1_1' title="bbox 644 226 1082 270">
    <p class='ocr_par' dir='ltr' id='par_1_1' title="bbox 644 226 1082 270">
     <span class='ocr_line' id='line_1_1' title="bbox 644 226 1082 270; baseline -0.005 0"><span class='ocrx_word' id='word_1_1' title='bbox 644 228 992 270; x_wconf 75' lang='lat' dir='ltr'><strong>EPISTULA</strong></span> <span class='ocrx_word' id='word_1_2' title='bbox 1027 226 1082 268; x_wconf 88' lang='lat' dir='ltr'>V.</span> 
     </span>
    </p>
   </div>
   <div class='ocr_carea' id='block_1_2' title="bbox 1480 221 1556 266">
    <p class='ocr_par' dir='ltr' id='par_1_2' title="bbox 1480 221 1556 266">
     <span class='ocr_line' id='line_1_2' title="bbox 1480 221 1556 266; baseline 0 0"><span class='ocrx_word' id='word_1_3' title='bbox 1480 221 1556 266; x_wconf 82' lang='grc'>151</span> 
     </span>
    </p>
   </div>
   <div class='ocr_carea' id='block_1_3' title="bbox 152 305 1610 1028">
    <p class='ocr_par' dir='ltr' id='par_1_3' title="bbox 152 305 1610 1028">
     <span class='ocr_line' id='line_1_3' title="bbox 162 305 1564 374; baseline -0.003 -23"><span class='ocrx_word' id='word_1_4' title='bbox 162 310 280 352; x_wconf 82' lang='lat' dir='ltr'>mina</span> <span class='ocrx_word' id='word_1_5' title='bbox 315 317 494 369; x_wconf 85' lang='lat' dir='ltr'>propter</span> <span class='ocrx_word' id='word_1_6' title='bbox 520 306 855 368; x_wconf 82' lang='lat' dir='ltr'>amplitudinem</span> <span class='ocrx_word' id='word_1_7' title='bbox 882 308 1032 363; x_wconf 83' lang='lat' dir='ltr'>divisi3</span> <span class='ocrx_word' id='word_1_8' title='bbox 1063 306 1223 368; x_wconf 89' lang='lat' dir='ltr'>quibus</span> <span class='ocrx_word' id='word_1_9' title='bbox 1255 313 1474 374; x_wconf 84' lang='lat' dir='ltr'>oratorem</span> <span class='ocrx_word' id='word_1_10' title='bbox 1510 305 1564 348; x_wconf 85' lang='lat' dir='ltr'>ab</span> 
     </span>
     <span class='ocr_line' id='line_1_4' title="bbox 162 380 1563 442; baseline -0.001 -19"><span class='ocrx_word' id='word_1_11' title='bbox 162 380 437 425; x_wconf 86' lang='lat' dir='ltr'>incunabulis</span> <span class='ocrx_word' id='word_1_12' title='bbox 468 381 657 424; x_wconf 84' lang='lat' dir='ltr'>instituit</span> <span class='ocrx_word' id='word_1_13' title='bbox 685 391 728 424; x_wconf 88' lang='lat' dir='ltr'>et</span> <span class='ocrx_word' id='word_1_14' title='bbox 757 381 943 442; x_wconf 79' lang='lat' dir='ltr'>perficit.</span> <span class='ocrx_word' id='word_1_15' title='bbox 977 383 1118 425; x_wconf 82' lang='lat' dir='ltr'><strong>DUBII</strong></span> <span class='ocrx_word' id='word_1_16' title='bbox 1149 394 1377 423; x_wconf 81' lang='lat' dir='ltr'><strong>SERMONIS</strong></span> <span class='ocrx_word' id='word_1_17' title='bbox 1407 395 1525 423; x_wconf 84' lang='lat' dir='ltr'>ocTo</span> <span class='ocrx_word' id='word_1_18' title='bbox 1555 394 1563 420; x_wconf 88' lang='lat'>:</span> 
     </span>
     <span class='ocr_line' id='line_1_5' title="bbox 162 452 1564 516; baseline -0.001 -19"><span class='ocrx_word' id='word_1_19' title='bbox 162 456 333 516; x_wconf 78' lang='lat' dir='ltr'>scripsit</span> <span class='ocrx_word' id='word_1_20' title='bbox 358 455 437 499; x_wconf 88' lang='lat' dir='ltr'>sub</span> <span class='ocrx_word' id='word_1_21' title='bbox 451 456 647 509; x_wconf 80' lang='lat' dir='ltr'>Nerone,</span> <span class='ocrx_word' id='word_1_22' title='bbox 668 457 911 499; x_wconf 83' lang='lat' dir='ltr'>novissimis</span> <span class='ocrx_word' id='word_1_23' title='bbox 927 455 1072 509; x_wconf 83' lang='lat' dir='ltr'>annis⁷</span> <span class='ocrx_word' id='word_1_24' title='bbox 1092 470 1229 514; x_wconf 85' lang='lat' dir='ltr'>quum</span> <span class='ocrx_word' id='word_1_25' title='bbox 1251 468 1379 496; x_wconf 91' lang='lat' dir='ltr'>omne</span> <span class='ocrx_word' id='word_1_26' title='bbox 1402 452 1564 496; x_wconf 85' lang='lat' dir='ltr'>studio-</span> 
     </span>
     <span class='ocr_line' id='line_1_6' title="bbox 160 525 1565 589; baseline -0.001 -20"><span class='ocrx_word' id='word_1_27' title='bbox 160 543 258 570; x_wconf 83' lang='lat' dir='ltr'>rum</span> <span class='ocrx_word' id='word_1_28' title='bbox 281 544 417 588; x_wconf 82' lang='lat' dir='ltr'>genus</span> <span class='ocrx_word' id='word_1_29' title='bbox 437 527 569 589; x_wconf 84' lang='lat' dir='ltr'>paulo</span> <span class='ocrx_word' id='word_1_30' title='bbox 598 528 776 572; x_wconf 88' lang='lat' dir='ltr'>liberius</span> <span class='ocrx_word' id='word_1_31' title='bbox 800 539 842 572; x_wconf 90' lang='lat' dir='ltr'>et</span> <span class='ocrx_word' id='word_1_32' title='bbox 860 528 1045 572; x_wconf 86' lang='lat' dir='ltr'>erectius</span> <span class='ocrx_word' id='word_1_33' title='bbox 1063 525 1358 588; x_wconf 84' lang='lat' dir='ltr'>periculosum</span> <span class='ocrx_word' id='word_1_34' title='bbox 1381 526 1565 569; x_wconf 89' lang='lat' dir='ltr'>servitus</span> 
     </span>
     <span class='ocr_line' id='line_1_7' title="bbox 160 599 1610 647; baseline 0.001 -5"><span class='ocrx_word' id='word_1_35' title='bbox 160 599 339 644; x_wconf 84' lang='lat' dir='ltr'>fecisset.</span> <span class='ocrx_word' id='word_1_36' title='bbox 366 603 402 645; x_wconf 92' lang='lat' dir='ltr'><strong>A</strong></span> <span class='ocrx_word' id='word_1_37' title='bbox 430 618 535 646; x_wconf 84' lang='lat' dir='ltr'><strong>FINE</strong></span> <span class='ocrx_word' id='word_1_38' title='bbox 572 617 753 646; x_wconf 81' lang='lat' dir='ltr'>AUF1D11</span> <span class='ocrx_word' id='word_1_39' title='bbox 788 619 911 647; x_wconf 53' lang='lat' dir='ltr'>inssi</span> <span class='ocrx_word' id='word_1_40' title='bbox 945 617 1168 646; x_wconf 72' lang='lat' dir='ltr'><strong>TRIGINTA</strong></span> <span class='ocrx_word' id='word_1_41' title='bbox 1193 616 1329 644; x_wconf 70' lang='lat' dir='ltr'>umis.</span> <span class='ocrx_word' id='word_1_42' title='bbox 1357 602 1563 645; x_wconf 80' lang='lat' dir='ltr'><strong>NATURAE</strong></span> <span class='ocrx_word' id='word_1_43' title='bbox 1590 607 1610 636; x_wconf 84' lang='lat'><strong>6</strong></span> 
     </span>
     <span class='ocr_line' id='line_1_8' title="bbox 158 672 1565 736; baseline -0.001 -19"><span class='ocrx_word' id='word_1_44' title='bbox 158 690 485 719; x_wconf 80' lang='lat' dir='ltr'><strong>HISTORIARUM</strong></span> <span class='ocrx_word' id='word_1_45' title='bbox 515 692 737 721; x_wconf 75' lang='lat' dir='ltr'><strong>TRIGINTA</strong></span> <span class='ocrx_word' id='word_1_46' title='bbox 772 692 950 720; x_wconf 78' lang='lat' dir='ltr'><strong>SEPTEM</strong></span> <span class='ocrx_word' id='word_1_47' title='bbox 967 711 978 731; x_wconf 82' lang='grc'><em>,</em></span> <span class='ocrx_word' id='word_1_48' title='bbox 1005 692 1115 736; x_wconf 90' lang='lat' dir='ltr'>opus</span> <span class='ocrx_word' id='word_1_49' title='bbox 1151 673 1388 729; x_wconf 78' lang='lat' dir='ltr'>diffusum,</span> <span class='ocrx_word' id='word_1_50' title='bbox 1415 672 1565 716; x_wconf 90' lang='lat' dir='ltr'>erudi-</span> 
     </span>
     <span class='ocr_line' id='line_1_9' title="bbox 158 747 1610 811; baseline 0 -21"><span class='ocrx_word' id='word_1_51' title='bbox 158 757 274 804; x_wconf 78' lang='lat' dir='ltr'>tum,</span> <span class='ocrx_word' id='word_1_52' title='bbox 297 764 377 792; x_wconf 90' lang='lat' dir='ltr'>nec</span> <span class='ocrx_word' id='word_1_53' title='bbox 396 749 542 793; x_wconf 86' lang='lat' dir='ltr'>minus</span> <span class='ocrx_word' id='word_1_54' title='bbox 564 750 736 794; x_wconf 84' lang='lat' dir='ltr'>varium</span> <span class='ocrx_word' id='word_1_55' title='bbox 757 766 889 811; x_wconf 89' lang='lat' dir='ltr'>quam</span> <span class='ocrx_word' id='word_1_56' title='bbox 912 751 1006 811; x_wconf 85' lang='lat' dir='ltr'>ipsa</span> <span class='ocrx_word' id='word_1_57' title='bbox 1028 759 1198 793; x_wconf 86' lang='lat' dir='ltr'>natura.</span> <span class='ocrx_word' id='word_1_58' title='bbox 1223 748 1423 802; x_wconf 82' lang='lat' dir='ltr'>Miraris,</span> <span class='ocrx_word' id='word_1_59' title='bbox 1442 747 1565 808; x_wconf 90' lang='lat' dir='ltr'>quod</span> <span class='ocrx_word' id='word_1_60' title='bbox 1589 756 1610 789; x_wconf 89' lang='grc'><strong><em>7</em></strong></span> 
     </span>
     <span class='ocr_line' id='line_1_10' title="bbox 155 820 1567 885; baseline -0.001 -21"><span class='ocrx_word' id='word_1_61' title='bbox 155 830 221 864; x_wconf 85' lang='lat' dir='ltr'>tot</span> <span class='ocrx_word' id='word_1_62' title='bbox 244 821 494 877; x_wconf 82' lang='lat' dir='ltr'>volumina,</span> <span class='ocrx_word' id='word_1_63' title='bbox 519 822 744 885; x_wconf 84' lang='lat' dir='ltr'>multaque</span> <span class='ocrx_word' id='word_1_64' title='bbox 768 825 814 867; x_wconf 89' lang='lat' dir='ltr'>in</span> <span class='ocrx_word' id='word_1_65' title='bbox 836 824 902 867; x_wconf 89' lang='lat' dir='ltr'>his</span> <span class='ocrx_word' id='word_1_66' title='bbox 929 833 1018 867; x_wconf 84' lang='lat' dir='ltr'>tam</span> <span class='ocrx_word' id='word_1_67' title='bbox 1042 821 1315 883; x_wconf 72' lang='lat' dir='ltr'>scrupulosa,</span> <span class='ocrx_word' id='word_1_68' title='bbox 1338 820 1472 864; x_wconf 89' lang='lat' dir='ltr'>homo</span> <span class='ocrx_word' id='word_1_69' title='bbox 1500 836 1567 863; x_wconf 90' lang='lat' dir='ltr'>oc-</span> 
     </span>
     <span class='ocr_line' id='line_1_11' title="bbox 155 893 1562 959; baseline -0.001 -21"><span class='ocrx_word' id='word_1_70' title='bbox 155 905 340 956; x_wconf 87' lang='lat' dir='ltr'>cupatus</span> <span class='ocrx_word' id='word_1_71' title='bbox 382 895 645 941; x_wconf 76' lang='lat' dir='ltr'>absolverit?</span> <span class='ocrx_word' id='word_1_72' title='bbox 680 898 824 959; x_wconf 85' lang='lat' dir='ltr'>Magis</span> <span class='ocrx_word' id='word_1_73' title='bbox 866 897 1122 952; x_wconf 81' lang='lat' dir='ltr'>miraberis,</span> <span class='ocrx_word' id='word_1_74' title='bbox 1159 896 1192 939; x_wconf 90' lang='lat' dir='ltr'>si</span> <span class='ocrx_word' id='word_1_75' title='bbox 1229 895 1402 949; x_wconf 75' lang='lat' dir='ltr'>scieris,</span> <span class='ocrx_word' id='word_1_76' title='bbox 1441 893 1562 937; x_wconf 89' lang='lat' dir='ltr'>illum</span> 
     </span>
     <span class='ocr_line' id='line_1_12' title="bbox 152 967 1564 1028; baseline 0 -18"><span class='ocrx_word' id='word_1_77' title='bbox 152 967 424 1028; x_wconf 81' lang='lat' dir='ltr'>aliquamdiu</span> <span class='ocrx_word' id='word_1_78' title='bbox 462 986 633 1014; x_wconf 82' lang='lat' dir='ltr'>caussas</span> <span class='ocrx_word' id='word_1_79' title='bbox 672 971 901 1027; x_wconf 80' lang='lat' dir='ltr'>actitasse3</span> <span class='ocrx_word' id='word_1_80' title='bbox 938 969 1170 1014; x_wconf 83' lang='lat' dir='ltr'>decessisse</span> <span class='ocrx_word' id='word_1_81' title='bbox 1210 985 1325 1012; x_wconf 87' lang='lat' dir='ltr'>anno</span> <span class='ocrx_word' id='word_1_82' title='bbox 1363 978 1483 1011; x_wconf 83' lang='lat' dir='ltr'>sexto</span> <span class='ocrx_word' id='word_1_83' title='bbox 1522 977 1564 1010; x_wconf 84' lang='lat' dir='ltr'>et</span> 
     </span>
    </p>
   </div>
   <div class='ocr_carea' id='block_1_4' title="bbox 153 1041 558 1102">
    <p class='ocr_par' dir='ltr' id='par_1_4' title="bbox 153 1041 558 1102">
     <span class='ocr_line' id='line_1_13' title="bbox 153 1041 558 1102; baseline 0.007 -20"><span class='ocrx_word' id='word_1_84' title='bbox 153 1041 517 1102; x_wconf 81' lang='lat' dir='ltr'>quinquagesimo</span> <span class='ocrx_word' id='word_1_85' title='bbox 550 1060 558 1085; x_wconf 94' lang='lat'>:</span> 
     </span>
    </p>
   </div>
   <div class='ocr_carea' id='block_1_5' title="bbox 587 1041 1567 1104">
    <p class='ocr_par' dir='ltr' id='par_1_5' title="bbox 587 1041 1567 1104">
     <span class='ocr_line' id='line_1_14' title="bbox 587 1041 1567 1104; baseline -0.004 -17"><span class='ocrx_word' id='word_1_86' title='bbox 587 1043 781 1087; x_wconf 89' lang='lat' dir='ltr'>medium</span> <span class='ocrx_word' id='word_1_87' title='bbox 812 1053 985 1104; x_wconf 86' lang='lat' dir='ltr'>tempus</span> <span class='ocrx_word' id='word_1_88' title='bbox 1012 1043 1251 1086; x_wconf 87' lang='lat' dir='ltr'>distentum</span> <span class='ocrx_word' id='word_1_89' title='bbox 1279 1041 1567 1102; x_wconf 86' lang='lat' dir='ltr'>impeditum-—</span> 
     </span>
    </p>
   </div>
   <div class='ocr_carea' id='block_1_6' title="bbox 153 1115 1563 1178">
    <p class='ocr_par' dir='ltr' id='par_1_6' title="bbox 153 1115 1563 1178">
     <span class='ocr_line' id='line_1_15' title="bbox 153 1115 1563 1178; baseline 0.001 -22"><span class='ocrx_word' id='word_1_90' title='bbox 153 1130 236 1173; x_wconf 87' lang='lat' dir='ltr'>que</span> <span class='ocrx_word' id='word_1_91' title='bbox 263 1132 349 1175; x_wconf 87' lang='lat' dir='ltr'>qua</span> <span class='ocrx_word' id='word_1_92' title='bbox 375 1115 530 1160; x_wconf 85' lang='lat' dir='ltr'>officiis</span> <span class='ocrx_word' id='word_1_93' title='bbox 557 1118 780 1174; x_wconf 79' lang='lat' dir='ltr'>maximis,</span> <span class='ocrx_word' id='word_1_94' title='bbox 806 1135 892 1178; x_wconf 90' lang='lat' dir='ltr'>qua</span> <span class='ocrx_word' id='word_1_95' title='bbox 919 1118 1110 1162; x_wconf 87' lang='lat' dir='ltr'>amicitia</span> <span class='ocrx_word' id='word_1_96' title='bbox 1136 1117 1388 1178; x_wconf 87' lang='lat' dir='ltr'>principum</span> <span class='ocrx_word' id='word_1_97' title='bbox 1416 1116 1563 1176; x_wconf 80' lang='lat' dir='ltr'>egisse.</span> 
     </span>
    </p>
   </div>
   <div class='ocr_carea' id='block_1_7' title="bbox 138 1250 825 2768">
    <p class='ocr_par' dir='ltr' id='par_1_7' title="bbox 138 1250 825 2768">
     <span class='ocr_line' id='line_1_16' title="bbox 151 1250 821 1299; baseline 0.006 -17"><span class='ocrx_word' id='word_1_98' title='bbox 151 1250 289 1284; x_wconf 76' lang='lat' dir='ltr'>titulum</span> <span class='ocrx_word' id='word_1_99' title='bbox 325 1251 456 1285; x_wconf 83' lang='lat' dir='ltr'>Plinius</span> <span class='ocrx_word' id='word_1_100' title='bbox 495 1253 609 1299; x_wconf 84' lang='lat' dir='ltr'>Major</span> <span class='ocrx_word' id='word_1_101' title='bbox 642 1256 821 1287; x_wconf 84' lang='lat' dir='ltr'>Studiosus.</span> 
     </span>
     <span class='ocr_line' id='line_1_17' title="bbox 150 1303 824 1339; baseline 0.006 -4"><span class='ocrx_word' id='word_1_102' title='bbox 150 1303 209 1335; x_wconf 87' lang='lat' dir='ltr'>Est</span> <span class='ocrx_word' id='word_1_103' title='bbox 229 1304 320 1337; x_wconf 87' lang='lat' dir='ltr'>enim</span> <span class='ocrx_word' id='word_1_104' title='bbox 341 1308 484 1337; x_wconf 80' lang='lat' dir='ltr'>Studiosi</span> <span class='ocrx_word' id='word_1_105' title='bbox 505 1305 561 1338; x_wconf 87' lang='lat' dir='ltr'>hie</span> <span class='ocrx_word' id='word_1_106' title='bbox 581 1318 680 1338; x_wconf 86' lang='lat' dir='ltr'>casus</span> <span class='ocrx_word' id='word_1_107' title='bbox 703 1319 824 1339; x_wconf 86' lang='lat' dir='ltr'>secun-</span> 
     </span>
     <span class='ocr_line' id='line_1_18' title="bbox 150 1354 825 1397; baseline 0.004 -10"><span class='ocrx_word' id='word_1_108' title='bbox 150 1354 215 1388; x_wconf 86' lang='lat' dir='ltr'>dus</span> <span class='ocrx_word' id='word_1_109' title='bbox 229 1381 238 1397; x_wconf 82' lang='grc'>,</span> <span class='ocrx_word' id='word_1_110' title='bbox 263 1365 300 1389; x_wconf 86' lang='lat' dir='ltr'>ut</span> <span class='ocrx_word' id='word_1_111' title='bbox 318 1361 479 1389; x_wconf 83' lang='lat' dir='ltr'>Bellorum</span> <span class='ocrx_word' id='word_1_112' title='bbox 502 1361 701 1397; x_wconf 72' lang='lat' dir='ltr'>Germanice,</span> <span class='ocrx_word' id='word_1_113' title='bbox 726 1361 825 1391; x_wconf 89' lang='lat' dir='ltr'>Dubii</span> 
     </span>
     <span class='ocr_line' id='line_1_19' title="bbox 148 1412 822 1457; baseline 0.009 -19"><span class='ocrx_word' id='word_1_114' title='bbox 148 1412 316 1448; x_wconf 78' lang='lat' dir='ltr'>sermonis,</span> <span class='ocrx_word' id='word_1_115' title='bbox 332 1414 468 1442; x_wconf 68' lang='lat' dir='ltr'>Natura?</span> <span class='ocrx_word' id='word_1_116' title='bbox 481 1413 699 1444; x_wconf 76' lang='lat' dir='ltr'>historiarum.</span> <span class='ocrx_word' id='word_1_117' title='bbox 711 1412 822 1457; x_wconf 80' lang='lat' dir='ltr'>Igitur</span> 
     </span>
     <span class='ocr_line' id='line_1_20' title="bbox 150 1461 821 1511; baseline 0.007 -19"><span class='ocrx_word' id='word_1_118' title='bbox 150 1461 244 1506; x_wconf 84' lang='lat' dir='ltr'>apud</span> <span class='ocrx_word' id='word_1_119' title='bbox 274 1462 425 1496; x_wconf 83' lang='lat' dir='ltr'>Gellium</span> <span class='ocrx_word' id='word_1_120' title='bbox 450 1465 519 1505; x_wconf 88' lang='lat' dir='ltr'>IX,</span> <span class='ocrx_word' id='word_1_121' title='bbox 549 1467 605 1503; x_wconf 81' lang='lat'>16,</span> <span class='ocrx_word' id='word_1_122' title='bbox 631 1465 690 1497; x_wconf 88' lang='lat' dir='ltr'>ubi</span> <span class='ocrx_word' id='word_1_123' title='bbox 715 1464 821 1511; x_wconf 84' lang='lat' dir='ltr'>hujus</span> 
     </span>
     <span class='ocr_line' id='line_1_21' title="bbox 148 1515 820 1563; baseline 0.007 -18"><span class='ocrx_word' id='word_1_124' title='bbox 148 1515 262 1559; x_wconf 70' lang='lat' dir='ltr'>operis</span> <span class='ocrx_word' id='word_1_125' title='bbox 291 1517 420 1549; x_wconf 75' lang='lat' dir='ltr'>mentio</span> <span class='ocrx_word' id='word_1_126' title='bbox 451 1518 489 1550; x_wconf 84' lang='lat' dir='ltr'>fit</span> <span class='ocrx_word' id='word_1_127' title='bbox 500 1542 509 1558; x_wconf 88' lang='lat'>‚</span> <span class='ocrx_word' id='word_1_128' title='bbox 539 1530 610 1550; x_wconf 90' lang='lat' dir='ltr'>non</span> <span class='ocrx_word' id='word_1_129' title='bbox 636 1517 820 1563; x_wconf 83' lang='lat' dir='ltr'>legendum</span> 
     </span>
     <span class='ocr_line' id='line_1_22' title="bbox 148 1567 818 1616; baseline 0.007 -17"><span class='ocrx_word' id='word_1_130' title='bbox 148 1567 284 1601; x_wconf 75' lang='lat' dir='ltr'>videtur</span> <span class='ocrx_word' id='word_1_131' title='bbox 298 1595 306 1609; x_wconf 78' lang='lat'>⁷</span> <span class='ocrx_word' id='word_1_132' title='bbox 331 1577 369 1602; x_wconf 84' lang='lat' dir='ltr'>ut</span> <span class='ocrx_word' id='word_1_133' title='bbox 385 1577 433 1603; x_wconf 85' lang='lat' dir='ltr'>est</span> <span class='ocrx_word' id='word_1_134' title='bbox 450 1571 485 1603; x_wconf 88' lang='lat' dir='ltr'>in</span> <span class='ocrx_word' id='word_1_135' title='bbox 505 1570 678 1616; x_wconf 84' lang='lat' dir='ltr'>plerisque</span> <span class='ocrx_word' id='word_1_136' title='bbox 696 1571 792 1604; x_wconf 84' lang='lat' dir='ltr'>libris</span> <span class='ocrx_word' id='word_1_137' title='bbox 810 1597 818 1611; x_wconf 86' lang='lat'>‚</span> 
     </span>
     <span class='ocr_line' id='line_1_23' title="bbox 147 1623 819 1666; baseline 0.006 -15"><span class='ocrx_word' id='word_1_138' title='bbox 147 1623 179 1651; x_wconf 84' lang='lat' dir='ltr'>Is</span> <span class='ocrx_word' id='word_1_139' title='bbox 205 1623 300 1653; x_wconf 85' lang='lat' dir='ltr'>libros</span> <span class='ocrx_word' id='word_1_140' title='bbox 323 1625 469 1666; x_wconf 84' lang='lat' dir='ltr'>reliquit,</span> <span class='ocrx_word' id='word_1_141' title='bbox 497 1637 575 1666; x_wconf 78' lang='lat' dir='ltr'>quos</span> <span class='ocrx_word' id='word_1_142' title='bbox 600 1626 819 1656; x_wconf 78' lang='lat' dir='ltr'>Studiosorum</span> 
     </span>
     <span class='ocr_line' id='line_1_24' title="bbox 147 1674 821 1722; baseline 0.009 -19"><span class='ocrx_word' id='word_1_143' title='bbox 147 1674 320 1716; x_wconf 79' lang='lat' dir='ltr'>inscripsit,</span> <span class='ocrx_word' id='word_1_144' title='bbox 337 1674 397 1708; x_wconf 87' lang='lat' dir='ltr'>sed</span> <span class='ocrx_word' id='word_1_145' title='bbox 411 1678 551 1708; x_wconf 84' lang='lat' dir='ltr'>Studiosi</span> <span class='ocrx_word' id='word_1_146' title='bbox 559 1702 566 1713; x_wconf 97' lang='lat'>,</span> <span class='ocrx_word' id='word_1_147' title='bbox 583 1689 689 1721; x_wconf 86' lang='lat' dir='ltr'>quam</span> <span class='ocrx_word' id='word_1_148' title='bbox 705 1679 821 1722; x_wconf 87' lang='lat' dir='ltr'>conje-</span> 
     </span>
     <span class='ocr_line' id='line_1_25' title="bbox 147 1728 816 1772; baseline 0.009 -16"><span class='ocrx_word' id='word_1_149' title='bbox 147 1732 280 1758; x_wconf 85' lang='lat' dir='ltr'>cturam</span> <span class='ocrx_word' id='word_1_150' title='bbox 293 1729 393 1772; x_wconf 83' lang='lat' dir='ltr'>juvat</span> <span class='ocrx_word' id='word_1_151' title='bbox 411 1728 513 1762; x_wconf 88' lang='lat' dir='ltr'>lectio</span> <span class='ocrx_word' id='word_1_152' title='bbox 526 1729 600 1762; x_wconf 86' lang='lat' dir='ltr'>MS.</span> <span class='ocrx_word' id='word_1_153' title='bbox 615 1731 756 1761; x_wconf 75' lang='lat' dir='ltr'>studiose</span> <span class='ocrx_word' id='word_1_154' title='bbox 773 1730 816 1762; x_wconf 92' lang='lat' dir='ltr'>G.</span> 
     </span>
     <span class='ocr_line' id='line_1_26' title="bbox 147 1782 819 1826; baseline 0.007 -17"><span class='ocrx_word' id='word_1_155' title='bbox 147 1798 191 1802; x_wconf 79' lang='lat'>-—</span> <span class='ocrx_word' id='word_1_156' title='bbox 200 1782 461 1821; x_wconf 80' lang='lat' dir='ltr'>Amplitudinem.</span> <span class='ocrx_word' id='word_1_157' title='bbox 473 1782 632 1826; x_wconf 85' lang='lat' dir='ltr'>Namque</span> <span class='ocrx_word' id='word_1_158' title='bbox 642 1782 819 1815; x_wconf 86' lang='lat' dir='ltr'>volumina</span> 
     </span>
     <span class='ocr_line' id='line_1_27' title="bbox 146 1833 821 1880; baseline 0.006 -17"><span class='ocrx_word' id='word_1_159' title='bbox 146 1843 233 1876; x_wconf 74' lang='lat' dir='ltr'>saepe</span> <span class='ocrx_word' id='word_1_160' title='bbox 250 1833 402 1877; x_wconf 83' lang='lat' dir='ltr'>plurium</span> <span class='ocrx_word' id='word_1_161' title='bbox 417 1834 612 1867; x_wconf 85' lang='lat' dir='ltr'>cubitorum</span> <span class='ocrx_word' id='word_1_162' title='bbox 636 1834 821 1880; x_wconf 83' lang='lat' dir='ltr'>longitudi-</span> 
     </span>
     <span class='ocr_line' id='line_1_28' title="bbox 145 1884 819 1928; baseline 0.006 -13"><span class='ocrx_word' id='word_1_163' title='bbox 145 1896 225 1916; x_wconf 86' lang='lat' dir='ltr'>nem</span> <span class='ocrx_word' id='word_1_164' title='bbox 250 1884 436 1919; x_wconf 81' lang='lat' dir='ltr'>habebant.</span> <span class='ocrx_word' id='word_1_165' title='bbox 456 1887 522 1919; x_wconf 81' lang='lat' dir='ltr'>En.</span> <span class='ocrx_word' id='word_1_166' title='bbox 542 1907 588 1911; x_wconf 87' lang='lat'>--</span> <span class='ocrx_word' id='word_1_167' title='bbox 608 1889 726 1928; x_wconf 80' lang='lat' dir='ltr'>Quibus</span> <span class='ocrx_word' id='word_1_168' title='bbox 746 1901 819 1919; x_wconf 83' lang='lat' dir='ltr'>ora-</span> 
     </span>
     <span class='ocr_line' id='line_1_29' title="bbox 146 1941 819 1981; baseline 0.007 -15"><span class='ocrx_word' id='word_1_169' title='bbox 146 1946 244 1969; x_wconf 83' lang='lat' dir='ltr'>torem</span> <span class='ocrx_word' id='word_1_170' title='bbox 269 1941 311 1970; x_wconf 84' lang='lat' dir='ltr'>ab</span> <span class='ocrx_word' id='word_1_171' title='bbox 338 1941 550 1972; x_wconf 79' lang='lat' dir='ltr'>incunabulis.</span> <span class='ocrx_word' id='word_1_172' title='bbox 575 1941 673 1971; x_wconf 80' lang='lat' dir='ltr'>Rom.</span> <span class='ocrx_word' id='word_1_173' title='bbox 701 1942 819 1981; x_wconf 77' lang='lat' dir='ltr'>Quibus</span> 
     </span>
     <span class='ocr_line' id='line_1_30' title="bbox 145 1992 818 2026; baseline 0.004 -4"><span class='ocrx_word' id='word_1_174' title='bbox 145 1993 324 2023; x_wconf 77' lang='lat' dir='ltr'>orationem</span> <span class='ocrx_word' id='word_1_175' title='bbox 343 1994 385 2023; x_wconf 83' lang='lat' dir='ltr'>ab</span> <span class='ocrx_word' id='word_1_176' title='bbox 404 1994 616 2024; x_wconf 73' lang='lat' dir='ltr'>incunabulis.</span> <span class='ocrx_word' id='word_1_177' title='bbox 638 1992 681 2024; x_wconf 90' lang='lat' dir='ltr'>H.</span> <span class='ocrx_word' id='word_1_178' title='bbox 702 2012 748 2016; x_wconf 82' lang='lat'><strong>—</strong></span> <span class='ocrx_word' id='word_1_179' title='bbox 764 1992 818 2026; x_wconf 87' lang='lat' dir='ltr'>Sic</span> 
     </span>
     <span class='ocr_line' id='line_1_31' title="bbox 146 2043 820 2090; baseline 0.006 -16"><span class='ocrx_word' id='word_1_180' title='bbox 146 2050 177 2074; x_wconf 82' lang='lat' dir='ltr'>ct</span> <span class='ocrx_word' id='word_1_181' title='bbox 189 2043 365 2077; x_wconf 83' lang='lat' dir='ltr'>Mediceus</span> <span class='ocrx_word' id='word_1_182' title='bbox 377 2071 385 2085; x_wconf 79' lang='grc'>,</span> <span class='ocrx_word' id='word_1_183' title='bbox 401 2053 493 2078; x_wconf 77' lang='lat' dir='ltr'>recte</span> <span class='ocrx_word' id='word_1_184' title='bbox 507 2045 726 2090; x_wconf 81' lang='lat' dir='ltr'>improbante</span> <span class='ocrx_word' id='word_1_185' title='bbox 739 2045 820 2078; x_wconf 87' lang='lat' dir='ltr'>Cor-</span> 
     </span>
     <span class='ocr_line' id='line_1_32' title="bbox 144 2096 818 2143; baseline 0.006 -16"><span class='ocrx_word' id='word_1_186' title='bbox 144 2096 204 2129; x_wconf 74' lang='lat' dir='ltr'>tio.</span> <span class='ocrx_word' id='word_1_187' title='bbox 226 2097 460 2138; x_wconf 81' lang='lat' dir='ltr'>Quintilianus</span> <span class='ocrx_word' id='word_1_188' title='bbox 478 2110 618 2143; x_wconf 84' lang='lat' dir='ltr'>quoque</span> <span class='ocrx_word' id='word_1_189' title='bbox 644 2105 818 2131; x_wconf 83' lang='lat' dir='ltr'>oratorem</span> 
     </span>
     <span class='ocr_line' id='line_1_33' title="bbox 145 2151 815 2191; baseline 0.006 -11"><span class='ocrx_word' id='word_1_190' title='bbox 145 2151 186 2180; x_wconf 75' lang='lat' dir='ltr'>ab</span> <span class='ocrx_word' id='word_1_191' title='bbox 220 2151 293 2191; x_wconf 83' lang='lat' dir='ltr'>ipsis</span> <span class='ocrx_word' id='word_1_192' title='bbox 321 2152 448 2182; x_wconf 79' lang='lat' dir='ltr'>dicendi</span> <span class='ocrx_word' id='word_1_193' title='bbox 479 2153 569 2182; x_wconf 74' lang='lat' dir='ltr'>‘velut</span> <span class='ocrx_word' id='word_1_194' title='bbox 603 2153 815 2184; x_wconf 79' lang='lat' dir='ltr'>incunabulis.</span> 
     </span>
     <span class='ocr_line' id='line_1_34' title="bbox 144 2201 816 2247; baseline 0.006 -15"><span class='ocrx_word' id='word_1_195' title='bbox 144 2201 201 2244; x_wconf 84' lang='lat' dir='ltr'>(p.</span> <span class='ocrx_word' id='word_1_196' title='bbox 219 2213 251 2244; x_wconf 84' lang='lat'>7,</span> <span class='ocrx_word' id='word_1_197' title='bbox 267 2201 322 2234; x_wconf 89' lang='lat' dir='ltr'>cd.</span> <span class='ocrx_word' id='word_1_198' title='bbox 337 2203 477 2247; x_wconf 82' lang='lat' dir='ltr'>Burin.)</span> <span class='ocrx_word' id='word_1_199' title='bbox 491 2203 651 2236; x_wconf 81' lang='lat' dir='ltr'>instituit.</span> <span class='ocrx_word' id='word_1_200' title='bbox 669 2225 715 2228; x_wconf 77' lang='lat'><strong>—</strong></span> <span class='ocrx_word' id='word_1_201' title='bbox 734 2204 816 2237; x_wconf 77' lang='lat' dir='ltr'>Mox</span> 
     </span>
     <span class='ocr_line' id='line_1_35' title="bbox 138 2256 813 2300; baseline 0.01 -17"><span class='ocrx_word' id='word_1_202' title='bbox 138 2256 268 2299; x_wconf 72' lang='lat' dir='ltr'>petsicit</span> <span class='ocrx_word' id='word_1_203' title='bbox 282 2263 417 2298; x_wconf 78' lang='lat' dir='ltr'>praestat</span> <span class='ocrx_word' id='word_1_204' title='bbox 436 2256 602 2289; x_wconf 77' lang='lat' dir='ltr'>Cortiano</span> <span class='ocrx_word' id='word_1_205' title='bbox 612 2258 759 2300; x_wconf 76' lang='lat' dir='ltr'>perfecit.</span> <span class='ocrx_word' id='word_1_206' title='bbox 779 2258 813 2290; x_wconf 82' lang='lat' dir='ltr'>S.</span> 
     </span>
     <span class='ocr_line' id='line_1_36' title="bbox 144 2309 816 2354; baseline 0.007 -17"><span class='ocrx_word' id='word_1_207' title='bbox 144 2327 189 2330; x_wconf 43' lang='grc' dir='ltr'>-κ</span> <span class='ocrx_word' id='word_1_208' title='bbox 204 2309 302 2338; x_wconf 87' lang='lat' dir='ltr'>Dubii</span> <span class='ocrx_word' id='word_1_209' title='bbox 313 2311 477 2341; x_wconf 78' lang='lat' dir='ltr'>sermonis.</span> <span class='ocrx_word' id='word_1_210' title='bbox 493 2310 585 2354; x_wconf 84' lang='lat' dir='ltr'>Saepe</span> <span class='ocrx_word' id='word_1_211' title='bbox 598 2309 816 2342; x_wconf 83' lang='lat' dir='ltr'>advocantur</span> 
     </span>
     <span class='ocr_line' id='line_1_37' title="bbox 143 2359 815 2407; baseline 0.006 -16"><span class='ocrx_word' id='word_1_212' title='bbox 143 2359 187 2391; x_wconf 84' lang='lat' dir='ltr'>ab</span> <span class='ocrx_word' id='word_1_213' title='bbox 203 2359 351 2405; x_wconf 85' lang='lat' dir='ltr'>antiquis</span> <span class='ocrx_word' id='word_1_214' title='bbox 361 2360 605 2395; x_wconf 83' lang='lat' dir='ltr'>Grammaticis</span> <span class='ocrx_word' id='word_1_215' title='bbox 620 2388 628 2402; x_wconf 87' lang='lat'>‚</span> <span class='ocrx_word' id='word_1_216' title='bbox 644 2362 738 2407; x_wconf 87' lang='lat' dir='ltr'>quod</span> <span class='ocrx_word' id='word_1_217' title='bbox 752 2363 815 2394; x_wconf 80' lang='lat' dir='ltr'>Pu-</span> 
     </span>
     <span class='ocr_line' id='line_1_38' title="bbox 141 2411 813 2448; baseline 0.007 -6"><span class='ocrx_word' id='word_1_218' title='bbox 141 2411 319 2445; x_wconf 86' lang='lat' dir='ltr'>tschianus</span> <span class='ocrx_word' id='word_1_219' title='bbox 345 2412 448 2446; x_wconf 78' lang='lat' dir='ltr'>index</span> <span class='ocrx_word' id='word_1_220' title='bbox 476 2414 590 2448; x_wconf 82' lang='lat' dir='ltr'>docet.</span> <span class='ocrx_word' id='word_1_221' title='bbox 611 2415 654 2448; x_wconf 92' lang='lat' dir='ltr'>G.</span> <span class='ocrx_word' id='word_1_222' title='bbox 674 2436 717 2440; x_wconf 76' lang='lat'>—</span> <span class='ocrx_word' id='word_1_223' title='bbox 734 2416 813 2448; x_wconf 83' lang='lat' dir='ltr'>Fuit</span> 
     </span>
     <span class='ocr_line' id='line_1_39' title="bbox 140 2463 812 2511; baseline 0.009 -16"><span class='ocrx_word' id='word_1_224' title='bbox 140 2463 245 2509; x_wconf 83' lang='lat' dir='ltr'>igitur</span> <span class='ocrx_word' id='word_1_225' title='bbox 261 2478 348 2511; x_wconf 89' lang='lat' dir='ltr'>opus</span> <span class='ocrx_word' id='word_1_226' title='bbox 366 2468 629 2511; x_wconf 78' lang='lat' dir='ltr'>grammaticum</span> <span class='ocrx_word' id='word_1_227' title='bbox 647 2468 690 2501; x_wconf 85' lang='lat' dir='ltr'>de</span> <span class='ocrx_word' id='word_1_228' title='bbox 707 2467 812 2501; x_wconf 80' lang='lat' dir='ltr'>(lubia</span> 
     </span>
     <span class='ocr_line' id='line_1_40' title="bbox 140 2519 815 2566; baseline 0.007 -17"><span class='ocrx_word' id='word_1_229' title='bbox 140 2519 372 2566; x_wconf 80' lang='lat' dir='ltr'>ambiguaque</span> <span class='ocrx_word' id='word_1_230' title='bbox 392 2521 576 2553; x_wconf 80' lang='lat' dir='ltr'>verborum</span> <span class='ocrx_word' id='word_1_231' title='bbox 599 2522 707 2554; x_wconf 79' lang='lat' dir='ltr'>forma</span> <span class='ocrx_word' id='word_1_232' title='bbox 723 2547 731 2562; x_wconf 87' lang='lat'>‚</span> <span class='ocrx_word' id='word_1_233' title='bbox 757 2531 815 2554; x_wconf 85' lang='lat' dir='ltr'>aut</span> 
     </span>
     <span class='ocr_line' id='line_1_41' title="bbox 141 2570 815 2615; baseline 0.006 -13"><span class='ocrx_word' id='word_1_234' title='bbox 141 2570 402 2615; x_wconf 78' lang='lat' dir='ltr'>significatione.</span> <span class='ocrx_word' id='word_1_235' title='bbox 427 2575 466 2606; x_wconf 85' lang='lat' dir='ltr'>E.</span> <span class='ocrx_word' id='word_1_236' title='bbox 485 2595 529 2598; x_wconf 29' lang='lat' dir='ltr'>a</span> <span class='ocrx_word' id='word_1_237' title='bbox 545 2577 643 2606; x_wconf 77' lang='lat' dir='ltr'>Dubii</span> <span class='ocrx_word' id='word_1_238' title='bbox 659 2578 815 2608; x_wconf 72' lang='lat' dir='ltr'>sermonis</span> 
     </span>
     <span class='ocr_line' id='line_1_42' title="bbox 274 2627 815 2673; baseline 0.007 -16"><span class='ocrx_word' id='word_1_239' title='bbox 274 2629 411 2669; x_wconf 79' lang='lat' dir='ltr'>scripsit.</span> <span class='ocrx_word' id='word_1_240' title='bbox 440 2627 494 2660; x_wconf 82' lang='lat' dir='ltr'>Sic</span> <span class='ocrx_word' id='word_1_241' title='bbox 521 2627 726 2673; x_wconf 78' lang='lat' dir='ltr'>interpungo</span> <span class='ocrx_word' id='word_1_242' title='bbox 737 2653 746 2668; x_wconf 90' lang='lat'>,</span> <span class='ocrx_word' id='word_1_243' title='bbox 778 2637 815 2661; x_wconf 88' lang='lat' dir='ltr'>ut</span> 
     </span>
     <span class='ocr_line' id='line_1_43' title="bbox 142 2677 811 2725; baseline 0.013 -20"><span class='ocrx_word' id='word_1_244' title='bbox 142 2685 213 2707; x_wconf 70' lang='lat' dir='ltr'>octo</span> <span class='ocrx_word' id='word_1_245' title='bbox 229 2677 271 2709; x_wconf 88' lang='lat' dir='ltr'>sit</span> <span class='ocrx_word' id='word_1_246' title='bbox 284 2679 384 2723; x_wconf 88' lang='lat' dir='ltr'>primi</span> <span class='ocrx_word' id='word_1_247' title='bbox 398 2692 497 2713; x_wconf 88' lang='lat' dir='ltr'>casus</span> <span class='ocrx_word' id='word_1_248' title='bbox 509 2704 518 2720; x_wconf 88' lang='lat'>‚</span> <span class='ocrx_word' id='word_1_249' title='bbox 535 2693 604 2725; x_wconf 83' lang='lat' dir='ltr'>quo</span> <span class='ocrx_word' id='word_1_250' title='bbox 620 2680 722 2713; x_wconf 85' lang='lat' dir='ltr'>ceteri</span> <span class='ocrx_word' id='word_1_251' title='bbox 735 2681 811 2714; x_wconf 85' lang='lat' dir='ltr'>libri</span> 
     </span>
     <span class='ocr_line' id='line_1_44' title="bbox 142 2733 812 2768; baseline 0.013 -10"><span class='ocrx_word' id='word_1_252' title='bbox 142 2739 260 2762; x_wconf 67' lang='lat' dir='ltr'>omines</span> <span class='ocrx_word' id='word_1_253' title='bbox 288 2741 547 2766; x_wconf 81' lang='lat' dir='ltr'>enumerantur.</span> <span class='ocrx_word' id='word_1_254' title='bbox 576 2733 619 2766; x_wconf 81' lang='lat'>11.</span> <span class='ocrx_word' id='word_1_255' title='bbox 638 2755 681 2759; x_wconf 53' lang='grc'>«-</span> <span class='ocrx_word' id='word_1_256' title='bbox 698 2734 812 2768; x_wconf 84' lang='lat' dir='ltr'>Veris-</span> 
     </span>
    </p>
   </div>
   <div class='ocr_carea' id='block_1_8' title="bbox 141 2633 247 2656">
    <p class='ocr_par' dir='ltr' id='par_1_8' title="bbox 141 2633 247 2656">
     <span class='ocr_line' id='line_1_45' title="bbox 141 2633 247 2656; baseline 0.038 -4"><span class='ocrx_word' id='word_1_257' title='bbox 141 2633 211 2654; x_wconf 82' lang='lat' dir='ltr'>octo</span> <span class='ocrx_word' id='word_1_258' title='bbox 237 2639 247 2656; x_wconf 94' lang='lat'>.·</span> 
     </span>
    </p>
   </div>
   <div class='ocr_carea' id='block_1_9' title="bbox 879 1253 1561 2725">
    <p class='ocr_par' dir='ltr' id='par_1_9' title="bbox 886 1253 1561 1604">
     <span class='ocr_line' id='line_1_46' title="bbox 889 1253 1561 1300; baseline 0 -13"><span class='ocrx_word' id='word_1_259' title='bbox 889 1255 973 1287; x_wconf 87' lang='lat' dir='ltr'>sime</span> <span class='ocrx_word' id='word_1_260' title='bbox 995 1266 1002 1286; x_wconf 93' lang='lat'>:</span> <span class='ocrx_word' id='word_1_261' title='bbox 1023 1256 1139 1300; x_wconf 82' lang='lat' dir='ltr'>itaque</span> <span class='ocrx_word' id='word_1_262' title='bbox 1159 1254 1207 1287; x_wconf 87' lang='lat' dir='ltr'>sic</span> <span class='ocrx_word' id='word_1_263' title='bbox 1228 1253 1437 1298; x_wconf 75' lang='lat' dir='ltr'>interpunxi.</span> <span class='ocrx_word' id='word_1_264' title='bbox 1455 1254 1561 1299; x_wconf 75' lang='lat' dir='ltr'>Vulg.</span> 
     </span>
     <span class='ocr_line' id='line_1_47' title="bbox 888 1308 1560 1350; baseline 0.003 -12"><span class='ocrx_word' id='word_1_265' title='bbox 888 1310 988 1339; x_wconf 86' lang='lat' dir='ltr'>Dubii</span> <span class='ocrx_word' id='word_1_266' title='bbox 1001 1310 1154 1340; x_wconf 79' lang='lat' dir='ltr'>sermonis</span> <span class='ocrx_word' id='word_1_267' title='bbox 1177 1317 1247 1338; x_wconf 83' lang='lat' dir='ltr'>octo</span> <span class='ocrx_word' id='word_1_268' title='bbox 1268 1309 1413 1350; x_wconf 82' lang='lat' dir='ltr'>scripsit,</span> <span class='ocrx_word' id='word_1_269' title='bbox 1436 1315 1501 1340; x_wconf 82' lang='lat' dir='ltr'>ete.</span> <span class='ocrx_word' id='word_1_270' title='bbox 1526 1308 1560 1340; x_wconf 78' lang='lat' dir='ltr'>S.</span> 
     </span>
     <span class='ocr_line' id='line_1_48' title="bbox 887 1359 1555 1397; baseline -0.001 -5"><span class='ocrx_word' id='word_1_271' title='bbox 887 1380 932 1384; x_wconf 87' lang='lat'>—-</span> <span class='ocrx_word' id='word_1_272' title='bbox 948 1363 1090 1392; x_wconf 74' lang='lat' dir='ltr'>Liberius</span> <span class='ocrx_word' id='word_1_273' title='bbox 1111 1371 1143 1392; x_wconf 83' lang='lat' dir='ltr'>et</span> <span class='ocrx_word' id='word_1_274' title='bbox 1161 1362 1306 1392; x_wconf 75' lang='lat' dir='ltr'>erectius.</span> <span class='ocrx_word' id='word_1_275' title='bbox 1324 1360 1371 1391; x_wconf 76' lang='lat' dir='ltr'>Ut</span> <span class='ocrx_word' id='word_1_276' title='bbox 1387 1359 1536 1392; x_wconf 78' lang='lat' dir='ltr'>historiae</span> <span class='ocrx_word' id='word_1_277' title='bbox 1547 1385 1555 1397; x_wconf 89' lang='grc'>,</span> 
     </span>
     <span class='ocr_line' id='line_1_49' title="bbox 887 1412 1561 1459; baseline 0 -14"><span class='ocrx_word' id='word_1_278' title='bbox 887 1412 941 1445; x_wconf 70' lang='lat' dir='ltr'>vel</span> <span class='ocrx_word' id='word_1_279' title='bbox 954 1412 1125 1458; x_wconf 59' lang='lat' dir='ltr'>politices,</span> <span class='ocrx_word' id='word_1_280' title='bbox 1135 1426 1243 1459; x_wconf 87' lang='lat' dir='ltr'>quum</span> <span class='ocrx_word' id='word_1_281' title='bbox 1259 1412 1302 1445; x_wconf 85' lang='lat' dir='ltr'>(le</span> <span class='ocrx_word' id='word_1_282' title='bbox 1317 1412 1509 1458; x_wconf 75' lang='lat' dir='ltr'>republica,</span> <span class='ocrx_word' id='word_1_283' title='bbox 1519 1412 1561 1445; x_wconf 83' lang='lat' dir='ltr'>(le</span> 
     </span>
     <span class='ocr_line' id='line_1_50' title="bbox 886 1465 1560 1511; baseline -0.001 -13"><span class='ocrx_word' id='word_1_284' title='bbox 886 1467 1042 1498; x_wconf 83' lang='lat' dir='ltr'>moribus</span> <span class='ocrx_word' id='word_1_285' title='bbox 1060 1466 1207 1511; x_wconf 83' lang='lat' dir='ltr'>publicis</span> <span class='ocrx_word' id='word_1_286' title='bbox 1226 1465 1435 1510; x_wconf 75' lang='lat' dir='ltr'>privatisque</span> <span class='ocrx_word' id='word_1_287' title='bbox 1454 1465 1560 1497; x_wconf 75' lang='lat' dir='ltr'>libere</span> 
     </span>
     <span class='ocr_line' id='line_1_51' title="bbox 887 1518 1558 1565; baseline 0.001 -16"><span class='ocrx_word' id='word_1_288' title='bbox 887 1525 919 1549; x_wconf 86' lang='lat' dir='ltr'>et</span> <span class='ocrx_word' id='word_1_289' title='bbox 935 1520 1085 1563; x_wconf 68' lang='lat' dir='ltr'>graviter</span> <span class='ocrx_word' id='word_1_290' title='bbox 1110 1518 1318 1565; x_wconf 77' lang='lat' dir='ltr'>disputatur.</span> <span class='ocrx_word' id='word_1_291' title='bbox 1339 1518 1380 1550; x_wconf 87' lang='lat' dir='ltr'>E.</span> <span class='ocrx_word' id='word_1_292' title='bbox 1398 1538 1444 1542; x_wconf 82' lang='lat'><strong>—</strong></span> <span class='ocrx_word' id='word_1_293' title='bbox 1460 1519 1558 1550; x_wconf 82' lang='lat' dir='ltr'>Rom.</span> 
     </span>
     <span class='ocr_line' id='line_1_52' title="bbox 886 1570 1404 1604; baseline 0.004 -3"><span class='ocrx_word' id='word_1_294' title='bbox 886 1575 1002 1604; x_wconf 78' lang='lat' dir='ltr'>Paullo</span> <span class='ocrx_word' id='word_1_295' title='bbox 1023 1575 1150 1604; x_wconf 82' lang='lat' dir='ltr'>liberius</span> <span class='ocrx_word' id='word_1_296' title='bbox 1166 1582 1194 1603; x_wconf 81' lang='lat' dir='ltr'>et</span> <span class='ocrx_word' id='word_1_297' title='bbox 1211 1574 1339 1604; x_wconf 82' lang='lat' dir='ltr'>rectius.</span> <span class='ocrx_word' id='word_1_298' title='bbox 1361 1570 1404 1603; x_wconf 85' lang='lat' dir='ltr'>H.</span> 
     </span>
    </p>

    <p class='ocr_par' dir='ltr' id='par_1_10' title="bbox 883 1624 1560 2081">
     <span class='ocr_line' id='line_1_53' title="bbox 921 1624 1558 1671; baseline -0.002 -15"><span class='ocrx_word' id='word_1_299' title='bbox 921 1626 951 1656; x_wconf 84' lang='grc'>6.</span> <span class='ocrx_word' id='word_1_300' title='bbox 962 1627 1068 1670; x_wconf 82' lang='lat' dir='ltr'>Afine</span> <span class='ocrx_word' id='word_1_301' title='bbox 1076 1627 1211 1671; x_wconf 78' lang='lat' dir='ltr'>Aufidii.</span> <span class='ocrx_word' id='word_1_302' title='bbox 1221 1624 1408 1656; x_wconf 84' lang='lat' dir='ltr'>Historiam</span> <span class='ocrx_word' id='word_1_303' title='bbox 1418 1635 1558 1655; x_wconf 82' lang='lat' dir='ltr'>suorum</span> 
     </span>
     <span class='ocr_line' id='line_1_54' title="bbox 884 1676 1560 1724; baseline -0.001 -15"><span class='ocrx_word' id='word_1_304' title='bbox 884 1684 1081 1723; x_wconf 84' lang='lat' dir='ltr'>temporum</span> <span class='ocrx_word' id='word_1_305' title='bbox 1093 1705 1101 1720; x_wconf 85' lang='lat'>‚</span> <span class='ocrx_word' id='word_1_306' title='bbox 1114 1680 1245 1724; x_wconf 86' lang='lat' dir='ltr'>justum</span> <span class='ocrx_word' id='word_1_307' title='bbox 1264 1689 1349 1722; x_wconf 87' lang='lat' dir='ltr'>opus</span> <span class='ocrx_word' id='word_1_308' title='bbox 1365 1676 1407 1708; x_wconf 81' lang='lat' dir='ltr'>ab</span> <span class='ocrx_word' id='word_1_309' title='bbox 1423 1676 1460 1708; x_wconf 88' lang='lat' dir='ltr'>iis</span> <span class='ocrx_word' id='word_1_310' title='bbox 1477 1683 1560 1708; x_wconf 83' lang='lat' dir='ltr'>tem-</span> 
     </span>
     <span class='ocr_line' id='line_1_55' title="bbox 884 1728 1560 1774; baseline -0.003 -12"><span class='ocrx_word' id='word_1_311' title='bbox 884 1730 1027 1774; x_wconf 84' lang='lat' dir='ltr'>poribus</span> <span class='ocrx_word' id='word_1_312' title='bbox 1038 1758 1046 1772; x_wconf 85' lang='lat'><strong>,</strong></span> <span class='ocrx_word' id='word_1_313' title='bbox 1060 1731 1120 1763; x_wconf 88' lang='lat' dir='ltr'>ubi</span> <span class='ocrx_word' id='word_1_314' title='bbox 1131 1729 1289 1763; x_wconf 78' lang='lat' dir='ltr'>Aufidius</span> <span class='ocrx_word' id='word_1_315' title='bbox 1299 1729 1423 1761; x_wconf 84' lang='lat' dir='ltr'>Bassus</span> <span class='ocrx_word' id='word_1_316' title='bbox 1436 1728 1560 1771; x_wconf 81' lang='lat' dir='ltr'>(Quin-</span> 
     </span>
     <span class='ocr_line' id='line_1_56' title="bbox 885 1780 1557 1824; baseline -0.001 -10"><span class='ocrx_word' id='word_1_317' title='bbox 885 1782 1004 1815; x_wconf 89' lang='lat' dir='ltr'>tiliano</span> <span class='ocrx_word' id='word_1_318' title='bbox 1019 1782 1180 1816; x_wconf 86' lang='lat' dir='ltr'>laudatus</span> <span class='ocrx_word' id='word_1_319' title='bbox 1193 1783 1224 1814; x_wconf 81' lang='lat' dir='ltr'>X</span> <span class='ocrx_word' id='word_1_320' title='bbox 1235 1807 1243 1822; x_wconf 84' lang='lat'>‚</span> <span class='ocrx_word' id='word_1_321' title='bbox 1262 1794 1274 1813; x_wconf 88' lang='lat'>1</span> <span class='ocrx_word' id='word_1_322' title='bbox 1284 1807 1292 1821; x_wconf 82' lang='grc'>,</span> <span class='ocrx_word' id='word_1_323' title='bbox 1310 1783 1387 1824; x_wconf 67' lang='grc'>104)</span> <span class='ocrx_word' id='word_1_324' title='bbox 1397 1780 1557 1813; x_wconf 82' lang='lat' dir='ltr'>desierat.</span> 
     </span>
     <span class='ocr_line' id='line_1_57' title="bbox 884 1833 1556 1879; baseline 0.003 -14"><span class='ocrx_word' id='word_1_325' title='bbox 884 1834 969 1867; x_wconf 85' lang='lat' dir='ltr'>Vid.</span> <span class='ocrx_word' id='word_1_326' title='bbox 994 1836 1081 1868; x_wconf 86' lang='lat' dir='ltr'>Plin.</span> <span class='ocrx_word' id='word_1_327' title='bbox 1101 1835 1146 1868; x_wconf 90' lang='lat' dir='ltr'>H.</span> <span class='ocrx_word' id='word_1_328' title='bbox 1166 1836 1210 1867; x_wconf 93' lang='lat' dir='ltr'>N.</span> <span class='ocrx_word' id='word_1_329' title='bbox 1234 1834 1331 1879; x_wconf 80' lang='lat' dir='ltr'>praef.</span> <span class='ocrx_word' id='word_1_330' title='bbox 1355 1833 1392 1866; x_wconf 90' lang='lat' dir='ltr'>it.</span> <span class='ocrx_word' id='word_1_331' title='bbox 1414 1834 1471 1873; x_wconf 88' lang='grc' dir='ltr'>ΙΙ,</span> <span class='ocrx_word' id='word_1_332' title='bbox 1493 1834 1556 1874; x_wconf 77' lang='lat'>83,</span> 
     </span>
     <span class='ocr_line' id='line_1_58' title="bbox 885 1885 1557 1929; baseline -0.001 -10"><span class='ocrx_word' id='word_1_333' title='bbox 885 1899 912 1920; x_wconf 91' lang='lat' dir='ltr'>s.</span> <span class='ocrx_word' id='word_1_334' title='bbox 930 1887 994 1928; x_wconf 84' lang='grc'>85,</span> <span class='ocrx_word' id='word_1_335' title='bbox 1010 1889 1047 1921; x_wconf 85' lang='lat' dir='ltr'>it.</span> <span class='ocrx_word' id='word_1_336' title='bbox 1066 1902 1082 1921; x_wconf 78' lang='lat'><strong>2</strong></span> <span class='ocrx_word' id='word_1_337' title='bbox 1096 1914 1104 1929; x_wconf 90' lang='lat'>‚</span> <span class='ocrx_word' id='word_1_338' title='bbox 1125 1887 1208 1927; x_wconf 84' lang='lat'>105,</span> <span class='ocrx_word' id='word_1_339' title='bbox 1226 1900 1253 1920; x_wconf 89' lang='lat' dir='ltr'>s.</span> <span class='ocrx_word' id='word_1_340' title='bbox 1271 1888 1346 1919; x_wconf 83' lang='lat'>106.</span> <span class='ocrx_word' id='word_1_341' title='bbox 1365 1885 1408 1918; x_wconf 87' lang='lat' dir='ltr'>G.</span> <span class='ocrx_word' id='word_1_342' title='bbox 1430 1907 1475 1912; x_wconf 92' lang='lat'>-—</span> <span class='ocrx_word' id='word_1_343' title='bbox 1489 1889 1557 1918; x_wconf 62' lang='lat' dir='ltr'>AVa-</span> 
     </span>
     <span class='ocr_line' id='line_1_59' title="bbox 885 1938 1558 1984; baseline 0 -13"><span class='ocrx_word' id='word_1_344' title='bbox 885 1950 966 1972; x_wconf 78' lang='lat' dir='ltr'>turae</span> <span class='ocrx_word' id='word_1_345' title='bbox 981 1942 1202 1973; x_wconf 77' lang='lat' dir='ltr'>historiarum.</span> <span class='ocrx_word' id='word_1_346' title='bbox 1218 1938 1322 1980; x_wconf 83' lang='lat' dir='ltr'>Quod</span> <span class='ocrx_word' id='word_1_347' title='bbox 1344 1938 1456 1971; x_wconf 88' lang='lat' dir='ltr'>solum</span> <span class='ocrx_word' id='word_1_348' title='bbox 1471 1951 1558 1984; x_wconf 77' lang='lat' dir='ltr'>opus</span> 
     </span>
     <span class='ocr_line' id='line_1_60' title="bbox 884 1992 1557 2038; baseline 0 -13"><span class='ocrx_word' id='word_1_349' title='bbox 884 1993 1109 2038; x_wconf 80' lang='lat' dir='ltr'>naufragium</span> <span class='ocrx_word' id='word_1_350' title='bbox 1128 1993 1214 2026; x_wconf 87' lang='lat' dir='ltr'>illud</span> <span class='ocrx_word' id='word_1_351' title='bbox 1234 1992 1352 2026; x_wconf 84' lang='lat' dir='ltr'>infelix</span> <span class='ocrx_word' id='word_1_352' title='bbox 1374 1992 1480 2024; x_wconf 85' lang='lat' dir='ltr'>evasit</span> <span class='ocrx_word' id='word_1_353' title='bbox 1496 2019 1505 2034; x_wconf 88' lang='lat'>‚</span> <span class='ocrx_word' id='word_1_354' title='bbox 1524 2001 1557 2025; x_wconf 90' lang='lat' dir='ltr'>et</span> 
     </span>
     <span class='ocr_line' id='line_1_61' title="bbox 883 2045 1554 2081; baseline 0.001 -2"><span class='ocrx_word' id='word_1_355' title='bbox 883 2045 937 2079; x_wconf 65' lang='lat' dir='ltr'>vel</span> <span class='ocrx_word' id='word_1_356' title='bbox 951 2046 1065 2079; x_wconf 89' lang='lat' dir='ltr'>solum</span> <span class='ocrx_word' id='word_1_357' title='bbox 1080 2046 1300 2079; x_wconf 74' lang='lat' dir='ltr'>bibliothecae</span> <span class='ocrx_word' id='word_1_358' title='bbox 1313 2047 1420 2081; x_wconf 84' lang='lat' dir='ltr'>instar</span> <span class='ocrx_word' id='word_1_359' title='bbox 1433 2055 1495 2081; x_wconf 85' lang='lat' dir='ltr'>est.</span> <span class='ocrx_word' id='word_1_360' title='bbox 1511 2047 1554 2080; x_wconf 90' lang='lat' dir='ltr'>G.</span> 
     </span>
    </p>

    <p class='ocr_par' dir='ltr' id='par_1_11' title="bbox 882 2100 1555 2352">
     <span class='ocr_line' id='line_1_62' title="bbox 932 2100 1555 2143; baseline 0.002 -11"><span class='ocrx_word' id='word_1_361' title='bbox 932 2111 963 2143; x_wconf 77' lang='lat'>7.</span> <span class='ocrx_word' id='word_1_362' title='bbox 979 2102 1013 2131; x_wconf 89' lang='lat' dir='ltr'>Si</span> <span class='ocrx_word' id='word_1_363' title='bbox 1025 2101 1145 2132; x_wconf 83' lang='lat' dir='ltr'>scieris.</span> <span class='ocrx_word' id='word_1_364' title='bbox 1159 2100 1257 2132; x_wconf 81' lang='lat' dir='ltr'>Rom.</span> <span class='ocrx_word' id='word_1_365' title='bbox 1272 2102 1307 2132; x_wconf 84' lang='lat' dir='ltr'>Si</span> <span class='ocrx_word' id='word_1_366' title='bbox 1317 2103 1411 2133; x_wconf 74' lang='lat' dir='ltr'>scires</span> <span class='ocrx_word' id='word_1_367' title='bbox 1421 2127 1431 2139; x_wconf 83' lang='lat'><em>,</em></span> <span class='ocrx_word' id='word_1_368' title='bbox 1445 2101 1535 2134; x_wconf 86' lang='lat' dir='ltr'>male</span> <span class='ocrx_word' id='word_1_369' title='bbox 1547 2126 1555 2140; x_wconf 93' lang='lat'>,</span> 
     </span>
     <span class='ocr_line' id='line_1_63' title="bbox 882 2152 1552 2199; baseline 0.003 -16"><span class='ocrx_word' id='word_1_370' title='bbox 882 2163 944 2196; x_wconf 83' lang='lat' dir='ltr'>pro</span> <span class='ocrx_word' id='word_1_371' title='bbox 968 2154 1088 2185; x_wconf 84' lang='lat' dir='ltr'>scieris.</span> <span class='ocrx_word' id='word_1_372' title='bbox 1108 2152 1152 2185; x_wconf 88' lang='lat' dir='ltr'>H.</span> <span class='ocrx_word' id='word_1_373' title='bbox 1173 2174 1219 2177; x_wconf 76' lang='lat'>——</span> <span class='ocrx_word' id='word_1_374' title='bbox 1235 2154 1348 2186; x_wconf 86' lang='lat' dir='ltr'>Immo</span> <span class='ocrx_word' id='word_1_375' title='bbox 1364 2166 1426 2199; x_wconf 79' lang='lat' dir='ltr'>pro</span> <span class='ocrx_word' id='word_1_376' title='bbox 1446 2156 1552 2192; x_wconf 77' lang='lat' dir='ltr'>sciris,</span> 
     </span>
     <span class='ocr_line' id='line_1_64' title="bbox 883 2204 1555 2252; baseline 0.004 -16"><span class='ocrx_word' id='word_1_377' title='bbox 883 2204 994 2238; x_wconf 84' lang='lat' dir='ltr'>forma</span> <span class='ocrx_word' id='word_1_378' title='bbox 1008 2213 1185 2238; x_wconf 85' lang='lat' dir='ltr'>contracta</span> <span class='ocrx_word' id='word_1_379' title='bbox 1196 2206 1458 2251; x_wconf 84' lang='lat' dir='ltr'>‚quamlibrarii</span> <span class='ocrx_word' id='word_1_380' title='bbox 1467 2219 1555 2252; x_wconf 76' lang='lat' dir='ltr'>saepe</span> 
     </span>
     <span class='ocr_line' id='line_1_65' title="bbox 882 2257 1551 2292; baseline 0.003 -3"><span class='ocrx_word' id='word_1_381' title='bbox 882 2257 1213 2291; x_wconf 73' lang='lat' dir='ltr'>obliteraru11t.Vid.</span> <span class='ocrx_word' id='word_1_382' title='bbox 1229 2259 1403 2292; x_wconf 84' lang='lat' dir='ltr'>Drakenb.</span> <span class='ocrx_word' id='word_1_383' title='bbox 1418 2258 1461 2292; x_wconf 86' lang='lat' dir='ltr'>ad</span> <span class='ocrx_word' id='word_1_384' title='bbox 1478 2259 1551 2291; x_wconf 85' lang='lat' dir='ltr'>Liv.</span> 
     </span>
     <span class='ocr_line' id='line_1_66' title="bbox 882 2310 1430 2352; baseline 0.002 -10"><span class='ocrx_word' id='word_1_385' title='bbox 882 2310 1038 2352; x_wconf 80' lang='lat' dir='ltr'>VI,18‚</span> <span class='ocrx_word' id='word_1_386' title='bbox 1063 2323 1121 2351; x_wconf 82' lang='lat'>103</span> <span class='ocrx_word' id='word_1_387' title='bbox 1139 2311 1249 2351; x_wconf 77' lang='lat' dir='ltr'>XLV,</span> <span class='ocrx_word' id='word_1_388' title='bbox 1268 2312 1305 2351; x_wconf 79' lang='lat'>5,</span> <span class='ocrx_word' id='word_1_389' title='bbox 1327 2324 1378 2344; x_wconf 84' lang='lat'>12.</span> <span class='ocrx_word' id='word_1_390' title='bbox 1397 2312 1430 2344; x_wconf 90' lang='lat' dir='ltr'>S.</span> 
     </span>
    </p>

    <p class='ocr_par' dir='ltr' id='par_1_12' title="bbox 879 2366 1556 2725">
     <span class='ocr_line' id='line_1_67' title="bbox 926 2366 1555 2407; baseline -0.002 -12"><span class='ocrx_word' id='word_1_391' title='bbox 926 2383 971 2387; x_wconf 89' lang='lat'>——-</span> <span class='ocrx_word' id='word_1_392' title='bbox 984 2366 1080 2395; x_wconf 82' lang='lat' dir='ltr'>Illum</span> <span class='ocrx_word' id='word_1_393' title='bbox 1098 2366 1301 2407; x_wconf 79' lang='lat' dir='ltr'>aliquamdiu</span> <span class='ocrx_word' id='word_1_394' title='bbox 1324 2376 1454 2395; x_wconf 75' lang='lat' dir='ltr'>caussas</span> <span class='ocrx_word' id='word_1_395' title='bbox 1472 2366 1555 2394; x_wconf 75' lang='lat' dir='ltr'>acti-</span> 
     </span>
     <span class='ocr_line' id='line_1_68' title="bbox 880 2417 1556 2450; baseline -0.006 0"><span class='ocrx_word' id='word_1_396' title='bbox 880 2426 974 2449; x_wconf 77' lang='lat' dir='ltr'>tasse.</span> <span class='ocrx_word' id='word_1_397' title='bbox 983 2418 1067 2450; x_wconf 84' lang='lat' dir='ltr'>Rom</span> <span class='ocrx_word' id='word_1_398' title='bbox 1075 2444 1081 2449; x_wconf 99' lang='lat'>.</span> <span class='ocrx_word' id='word_1_399' title='bbox 1092 2420 1187 2449; x_wconf 84' lang='lat' dir='ltr'>Illum</span> <span class='ocrx_word' id='word_1_400' title='bbox 1200 2429 1329 2448; x_wconf 77' lang='lat' dir='ltr'>caussas</span> <span class='ocrx_word' id='word_1_401' title='bbox 1340 2418 1490 2447; x_wconf 75' lang='lat' dir='ltr'>actitasse</span> <span class='ocrx_word' id='word_1_402' title='bbox 1497 2417 1556 2447; x_wconf 79' lang='lat' dir='ltr'>ali-</span> 
     </span>
     <span class='ocr_line' id='line_1_69' title="bbox 881 2469 1553 2512; baseline -0.003 -10"><span class='ocrx_word' id='word_1_403' title='bbox 881 2473 1046 2512; x_wconf 78' lang='lat' dir='ltr'>quamdiu.</span> <span class='ocrx_word' id='word_1_404' title='bbox 1067 2470 1111 2503; x_wconf 88' lang='lat' dir='ltr'>H.</span> <span class='ocrx_word' id='word_1_405' title='bbox 1124 2491 1169 2495; x_wconf 92' lang='lat'>-——</span> <span class='ocrx_word' id='word_1_406' title='bbox 1183 2472 1327 2501; x_wconf 77' lang='lat' dir='ltr'>Medium</span> <span class='ocrx_word' id='word_1_407' title='bbox 1343 2478 1475 2511; x_wconf 76' lang='lat' dir='ltr'>tempus.</span> <span class='ocrx_word' id='word_1_408' title='bbox 1498 2469 1553 2500; x_wconf 85' lang='lat' dir='ltr'>In-</span> 
     </span>
     <span class='ocr_line' id='line_1_70' title="bbox 881 2520 1553 2567; baseline -0.004 -12"><span class='ocrx_word' id='word_1_409' title='bbox 881 2531 931 2555; x_wconf 80' lang='lat' dir='ltr'>ter</span> <span class='ocrx_word' id='word_1_410' title='bbox 952 2536 1091 2556; x_wconf 82' lang='lat' dir='ltr'>caussas</span> <span class='ocrx_word' id='word_1_411' title='bbox 1111 2521 1263 2567; x_wconf 73' lang='lat' dir='ltr'>agendas</span> <span class='ocrx_word' id='word_1_412' title='bbox 1284 2528 1315 2553; x_wconf 71' lang='lat' dir='ltr'>ct</span> <span class='ocrx_word' id='word_1_413' title='bbox 1338 2527 1484 2553; x_wconf 86' lang='lat' dir='ltr'>mortem</span> <span class='ocrx_word' id='word_1_414' title='bbox 1505 2520 1553 2552; x_wconf 89' lang='lat' dir='ltr'>in-</span> 
     </span>
     <span class='ocr_line' id='line_1_71' title="bbox 880 2575 1551 2621; baseline -0.001 -16"><span class='ocrx_word' id='word_1_415' title='bbox 880 2576 1073 2621; x_wconf 76' lang='lat' dir='ltr'>terjectum,</span> <span class='ocrx_word' id='word_1_416' title='bbox 1094 2575 1138 2608; x_wconf 82' lang='lat' dir='ltr'>G,</span> <span class='ocrx_word' id='word_1_417' title='bbox 1155 2595 1199 2599; x_wconf 92' lang='lat'>——</span> <span class='ocrx_word' id='word_1_418' title='bbox 1219 2576 1397 2605; x_wconf 55' lang='lat' dir='ltr'>Dis-tentum</span> <span class='ocrx_word' id='word_1_419' title='bbox 1420 2575 1551 2615; x_wconf 77' lang='lat' dir='ltr'>impedi-</span> 
     </span>
     <span class='ocr_line' id='line_1_72' title="bbox 880 2627 1552 2671; baseline -0.007 -10"><span class='ocrx_word' id='word_1_420' title='bbox 880 2639 1009 2671; x_wconf 77' lang='lat' dir='ltr'>tumque</span> <span class='ocrx_word' id='word_1_421' title='bbox 1018 2655 1027 2667; x_wconf 80' lang='lat'><em>,</em></span> <span class='ocrx_word' id='word_1_422' title='bbox 1046 2636 1109 2661; x_wconf 85' lang='lat' dir='ltr'>etc.</span> <span class='ocrx_word' id='word_1_423' title='bbox 1121 2630 1218 2660; x_wconf 78' lang='lat' dir='ltr'>Rom.</span> <span class='ocrx_word' id='word_1_424' title='bbox 1232 2628 1409 2657; x_wconf 53' lang='lat' dir='ltr'>Disteutum</span> <span class='ocrx_word' id='word_1_425' title='bbox 1422 2627 1552 2668; x_wconf 84' lang='lat' dir='ltr'>impedi-</span> 
     </span>
     <span class='ocr_line' id='line_1_73' title="bbox 879 2679 1547 2725; baseline -0.007 -12"><span class='ocrx_word' id='word_1_426' title='bbox 879 2692 1007 2724; x_wconf 77' lang='lat' dir='ltr'>tumque</span> <span class='ocrx_word' id='word_1_427' title='bbox 1028 2692 1094 2713; x_wconf 80' lang='lat' dir='ltr'>cam</span> <span class='ocrx_word' id='word_1_428' title='bbox 1117 2681 1231 2725; x_wconf 65' lang='lat' dir='ltr'>(stiriis</span> <span class='ocrx_word' id='word_1_429' title='bbox 1260 2679 1427 2714; x_wconf 50' lang='lat' dir='ltr'>masimis,</span> <span class='ocrx_word' id='word_1_430' title='bbox 1452 2692 1547 2719; x_wconf 65' lang='lat' dir='ltr'>quum</span> 
     </span>
    </p>
   </div>
   <div class='ocr_carea' id='block_1_10' title="bbox 879 2730 1543 2777">
    <p class='ocr_par' dir='ltr' id='par_1_13' title="bbox 879 2730 1543 2777">
     <span class='ocr_line' id='line_1_74' title="bbox 879 2730 1543 2777; baseline -0.006 -11"><span class='ocrx_word' id='word_1_431' title='bbox 879 2736 1024 2766; x_wconf 71' lang='lat' dir='ltr'>amicitia</span> <span class='ocrx_word' id='word_1_432' title='bbox 1063 2735 1243 2777; x_wconf 66' lang='lat' dir='ltr'>principum</span> <span class='ocrx_word' id='word_1_433' title='bbox 1279 2733 1388 2772; x_wconf 58' lang='lat' dir='ltr'>&lt;3³:555st</span> <span class='ocrx_word' id='word_1_434' title='bbox 1428 2730 1470 2763; x_wconf 83' lang='lat' dir='ltr'>H.</span> <span class='ocrx_word' id='word_1_435' title='bbox 1505 2751 1543 2755; x_wconf 40' lang='grc' dir='ltr'>κν</span> 
     </span>
    </p>
   </div>
  </div>
 </body>
</html>
