1742 2989
186 174 214 215 (5
614 182 662 223 C.
699 180 931 224 PLINII
964 181 1141 224 LIB.I

195 300 493 312 ummuumtzmum
497 303 676 316 ιἰἱωνιι
681 306 797 316 ωπννι
801 303 1101 316 mmmmm
1107 304 1223 315 munz
1228 301 1284 314 “s
1288 303 1589 314 mmmm-tm

829 446 938 500 ΙΙΙ.

187 578 385 615 Caninium
414 581 610 618 occasione
642 582 898 619 amoenitatum
927 583 1059 632 patriae
1082 582 1277 627 hortatur,
1300 590 1341 617 ut
1366 581 1503 617 omissa
1531 580 1586 616 rei

237 640 428 678 familiaris
453 656 563 689 cura,
592 644 725 681 studiis
751 657 789 680 se
812 644 1023 681 litterarum
1048 659 1067 681 a
1097 644 1324 681 mortalitate
1348 642 1527 679 vindicet.
1559 645 1590 679 E

235 701 411 739 libertato
433 717 507 754 qua
523 706 603 742 haec
625 707 765 756 scripta
785 715 892 753 sunt,
911 707 1062 757 colligas
1080 706 1402 744 adolescentulum
1419 717 1466 741 eo
1486 713 1584 740 tem-

238 779 332 815 pore
352 768 464 805 fuisse
485 770 695 807 Caninium.
718 774 786 807 En.

400 895 439 923 C.
477 896 707 925 PLINIUS
743 897 1168 926 CANINIO‘RUFO
1205 895 1306 924 SUO
1343 895 1376 923 S.

250 1001 392 1057 QUID
417 1003 507 1063 agit
527 1003 716 1046 Comum
731 1037 741 1056 ‚
763 1012 848 1047 tuae
873 1019 1066 1063 meaeque
1091 1000 1281 1047 deliciae?
1303 999 1410 1061 quid
1432 999 1592 1043 subur-

186 1073 347 1117 banum
374 1075 750 1118 amoenissimum?
767 1076 872 1136 quid
899 1075 969 1118 illa
990 1077 1186 1135 porticus
1202 1111 1213 1129 .,
1234 1091 1367 1117 verna
1394 1071 1597 1132 semper?

185 1146 290 1206 quid
316 1151 531 1192 πλατανὼν
553 1148 866 1209 opacissimus?
888 1148 994 1209 quid
1015 1150 1205 1208 Euripus
1231 1147 1379 1191 viridis
1409 1156 1452 1189 et
1476 1162 1598 1207 gem·

186 1236 308 1263 meus
328 1218 345 1262 ἓ
368 1221 473 1280 quid
498 1221 720 1281 subjectus
747 1231 787 1264 et
814 1223 1005 1265 serviens
1032 1220 1180 1265 lacus?
1202 1220 1308 1281 quid
1333 1219 1404 1263 illa
1431 1217 1596 1272 mollis7

186 1302 227 1335 et
248 1302 394 1336 tamen
418 1293 576 1347 solida,
600 1293 813 1354 gestatio?
832 1295 937 1355 quid
960 1294 1181 1339 balineum
1206 1294 1311 1338 illud
1326 1329 1337 1348 7
1358 1293 1476 1354 quod
1496 1291 1594 1353 plu-

233 1425 298 1458 III.
319 1439 348 1458 1.
366 1430 448 1458 Mete
466 1428 599 1458 deliciae.
620 1426 712 1466 Quia
727 1424 858 1457 Plinius

189 1477 235 1510 ibi
252 1486 354 1510 natus
370 1486 442 1511 erat
458 1503 466 1517 ‚
482 1477 598 1523 ibique
613 1477 742 1523 praedia
756 1478 859 1510 habe-

187 1532 257 1564 bat.
282 1530 348 1562 ΕΙ).
373 1551 419 1555 -—-
438 1533 576 1575 Euripus
594 1532 707 1562 viridis
726 1540 757 1561 et
771 1542 859 1572 gem-

188 1596 284 1615 meus.
298 1583 376 1615 Non
390 1583 497 1628 ipsius
511 1595 606 1628 aquae
620 1595 681 1627 per
693 1583 856 1626 ambages

190 1644 222 1668 et
239 1635 415 1668 anfractus
431 1634 604 1675 derivatae‚
624 1642 727 1678 atque
738 1634 858 1676 (instar

196 1687 390 1720 Chalcidici
407 1687 496 1719 illius
516 1689 645 1731 Euripi)
672 1686 857 1718 adfluentis

189 1739 435 1785 refluentisque
454 1739 585 1772 colores
605 1738 777 1783 intelligo;
801 1737 860 1770 sed

189 1792 270 1836 ripae
281 1817 290 1832 ,
302 1804 407 1837 quam
419 1804 489 1825 non
501 1804 680 1824 arenosam
693 1816 702 1831 ‚
718 1789 776 1823 sed
787 1790 864 1823 her-

190 1845 242 1877 bis
252 1844 466 1889 floribusque
477 1856 646 1877 amoenam
660 1842 791 1876 indicat
806 1854 812 1875 :
826 1850 863 1874 ut

189 1909 314 1942 nempe
321 1909 466 1939 gemmea
477 1896 560 1929 alias
567 1906 668 1939 prata
682 1895 763 1928 dicit
776 1894 859 1935 ;vid.

191 1949 269 1982 Ind.
291 1950 341 1982 De
358 1952 484 1992 Eurzpz's
504 1948 571 1981 illis
596 1948 777 1994 aliquoties
802 1948 860 1982 Se-

190 2014 276 2034 neca
290 2026 298 2041 ,
317 2009 350 2033 et
369 2014 455 2045 quos
472 2010 637 2047 praeterea
655 2000 775 2034 laudat
794 2001 862 2034 Da-

191 2054 272 2085 vies.
293 2053 336 2086 ad
352 2053 427 2086 Cic.
452 2052 495 2086 de
520 2061 591 2086 nat.
615 2054 717 2085 Deor.
740 2054 797 2093 II,
822 2065 834 2083 1
852 2077 861 2093 ‚

191 2106 249 2138 ubi
268 2118 348 2139 cum
366 2108 449 2137 Nilis
463 2110 734 2150 conjunguntur.
751 2105 794 2138 G.

237 2178 282 2182 —
295 2160 455 2202 Subjectus
473 2168 503 2189 ee
510 2161 642 2189 serviens
653 2161 752 2190 lacus.
765 2158 862 2191 Prius

193 2210 236 2242 ad
252 2210 415 2243 viciniam
432 2218 464 2242 et
479 2211 747 2252 continentiam,
767 2211 792 2243 si
810 2211 862 2244 fas

192 2270 241 2294 est
259 2262 305 2295 ita
320 2262 437 2295 vocari
452 2287 460 2303 ‚
480 2263 594 2295 refero
611 2274 619 2301 ;
637 2262 680 2295 de
698 2275 767 2307 quo
785 2263 861 2308 qui-

192 2314 269 2348 dem
289 2314 434 2347 dubium
456 2314 593 2346 nullum
610 2322 659 2347 est
685 2326 692 2347 :
715 2315 860 2348 alterum

193 2380 273 2400 vero
293 2367 337 2400 ad
356 2379 457 2399 usum
469 2391 477 2406 ‚
497 2379 600 2411 quem
620 2366 705 2412 quid
724 2376 861 2413 praestat

193 2432 253 2463 per
265 2419 299 2452 id
313 2421 425 2465 ipsum
439 2444 448 2459 ‚
463 2418 557 2464 quod
569 2419 721 2452 vicinum
735 2427 783 2452 est
799 2432 806 2452 .·
823 2430 861 2453 ut

194 2472 249 2504 liic
263 2475 355 2503 servit
365 2476 451 2504 lacus
465 2470 656 2514 E11r1p0,vel
670 2471 859 2516 implendo,

195 2525 247 2556 vel
263 2525 303 2567 (si
323 2527 486 2568 subjacere
505 2524 549 2558 ad
567 2523 785 2556 humiliorem
802 2537 862 2558 ne-

195 2578 341 2611 cessario
356 2578 473 2610 locum
486 2575 705 2610 referendum
725 2580 837 2621 putes)
852 2603 860 2617 ,

196 2629 414 2663 exonerando
439 2628 717 2675 recipiendoque.
743 2630 796 2662 Ita
814 2631 861 2669 V,

197 2684 216 2708 (i
230 2707 237 2713 .
264 2683 326 2715 23:
346 2684 469 2713 Piccina
488 2684 638 2723 ιΙρηοςῐνῐς
658 2686 748 2715 servit
769 2683 803 2715 h.
828 2696 858 2717 e.

926 1433 1147 1470 prospectum
1168 1425 1236 1458 illis
1263 1424 1484 1459 amoeniorem
1512 1435 1597 1469 praee

924 1478 980 1511 bet
991 1489 999 1517 ;
1012 1477 1066 1510 cui
1078 1477 1289 1510 simillimum
1302 1477 1388 1510 illud
1396 1477 1507 1516 Statii,
1521 1475 1594 1507 silv.

924 1531 957 1563 II
971 1556 980 1570 ,
1001 1544 1017 1563 2
1030 1555 1038 1569 ‚
1061 1534 1101 1570 75
1118 1543 1125 1562 ι
1143 1533 1241 1562 Servii
1253 1544 1311 1562 sua
1335 1541 1419 1562 terra
1432 1531 1584 1573 fenestris

923 1583 975 1616 Sic
989 1582 1136 1624 Quintil.
1151 1584 1200 1616 IX
1212 1609 1220 1623 ‚
1241 1588 1260 1624 4
1273 1608 1281 1623 ,
1302 1583 1365 1616 63ῑ
1388 1599 1400 1611 ‹-
1412 1584 1489 1615 Non
1503 1582 1596 1614 enim

925 1636 1097 1668 cohaerent
1124 1636 1198 1669 aliis
1212 1662 1220 1677 ‚
1240 1649 1354 1681 neque
1371 1634 1594 1680 praecedenti-

925 1688 988 1719 bus
1013 1688 1186 1728 serviunt,
1205 1705 1217 1716 n
1253 1687 1465 1720 illustrandis
1492 1687 1595 1719 nimi·

926 1753 1004 1773 rum
1018 1765 1026 1780 ‚
1046 1739 1317 1777 confirmandis,
1336 1747 1400 1772 etc.
1425 1738 1598 1772 Laudavit

927 1793 990 1826 ista
1010 1792 1167 1831 Cornus,
1188 1791 1247 1825 sed
1265 1791 1464 1836 simpliciter
1483 1790 1527 1824 ad
1547 1791 1598 1823 vi·

928 1845 1055 1878 ciniam
1073 1845 1201 1878 retulit.
1222 1845 1349 1877 Utrum
1369 1843 1519 1877 attulerit
1536 1843 1597 1877 ali-

929 1897 1013 1943 quid
1040 1896 1269 1931 Marldandus
1294 1895 1337 1929 ad
1363 1896 1387 1928 l.
1419 1909 1449 1929 c.
1478 1896 1575 1930 Statii
1588 1921 1598 1936 ‚

928 1949 1024 1995 quod
1034 1951 1078 1982 ab
1086 1950 1152 1983 hac
1163 1948 1331 1982 sententia
1341 1960 1405 1981 nos
1415 1947 1599 1981 demovere

928 2003 1035 2048 possit
1049 2027 1057 2041 ‚
1078 2014 1150 2034 non
1172 2001 1247 2034 licet
1263 2001 1337 2046 jam
1358 2000 1529 2034 arbitrari.
1550 1999 1594 2032 G.

928 2076 974 2080 -—
992 2055 1084 2088 Nihil
1106 2053 1275 2100 ejusmodi
1293 2051 1520 2086 Marklaudus
1546 2052 1598 2085 as-

926 2108 1012 2147 fert,
1038 2106 1142 2140 inodo
1165 2105 1311 2139 laudans
1327 2131 1334 2145 ‚
1358 2113 1480 2150 praeter
1503 2104 1592 2137 Plin.

925 2160 974 2199 V,
988 2162 1008 2192 6
1021 2184 1029 2199 ,
1043 2160 1083 2192 23
1096 2184 1104 2199 ,
1121 2159 1284 2192 Senecam
1294 2159 1396 2191 Herc.
1415 2158 1492 2191 ont.
1511 2159 1599 2201 7763

926 2214 1107 2253 Pho-,zeum
1131 2225 1219 2243 mare
1237 2214 1364 2243 scandit
1384 2212 1566 2253 Caplzareus
1583 2223 1594 2241 .·

929 2264 1030 2297 servit
1062 2267 1121 2297 hoc
1153 2265 1277 2297 Austro
1309 2266 1404 2296 lacus.
1437 2263 1600 2295 Ceterum

926 2316 1085 2350 dubitare
1098 2316 1170 2350 noli
1183 2341 1191 2356 ‚
1207 2317 1291 2361 quin
1305 2318 1460 2359 subjectus
1474 2313 1518 2347 ad
1531 2313 1599 2346 hu-

926 2369 1096 2402 miliorem
1112 2366 1228 2402 locurn
1244 2367 1466 2401 referendum
1486 2366 1542 2399 sit.
1560 2366 1595 2399 S.

983 2442 1029 2447 —
1054 2424 1210 2454 Gestatio.
1243 2420 1417 2462 Quoniam
1439 2421 1596 2462 gestatio,

926 2486 1050 2518 nempe
1063 2487 1103 2506 eo
1117 2486 1218 2506 sensu
1231 2498 1239 2513 ,
1252 2486 1321 2518 quo
1335 2472 1411 2517 quis
1425 2472 1460 2503 in
1474 2470 1595 2504 lectica

926 2528 1043 2572 jacens
1070 2533 1242 2571 gestatur,
1268 2524 1369 2557 etiam
1393 2536 1471 2556 cum
1494 2526 1599 2570 jacta-

928 2580 1018 2612 tione
1033 2577 1184 2624 quadam
1199 2603 1207 2618 ‚
1224 2585 1260 2610 ut
1277 2589 1400 2621 corpus
1420 2575 1595 2608 concutia-

927 2640 983 2664 tur
993 2632 1126 2674 (Senec.
1140 2643 1193 2675 ep.
1212 2631 1417 2674 55),magna
1432 2641 1513 2673 pars
1525 2635 1598 2660 erat

929 2683 1035 2716 ‹liaetae
1048 2685 1206 2716 Romanae
1221 2682 1355 2725 (Celsus
1369 2680 1429 2714 lib.
1445 2682 1478 2713 II
1491 2705 1499 2716 .,
1519 2680 1573 2720 15)
1587 2705 1595 2715 ,
