1742 2989
583 192 937 236 EPISTULA
970 193 1057 235 XI.
1436 194 1525 237 223

119 273 245 318 nobis
261 308 271 329 ‚
290 272 413 332 quasi
438 271 663 332 scripserit
683 272 865 328 Sabina,
884 271 1130 316 faciendum
1145 306 1156 326 ,
1173 271 1288 331 quod
1312 271 1403 331 ipsa
1425 273 1526 315 scri-

120 346 258 406 psisse
281 362 324 388 se
344 344 539 388 credidit.
562 345 771 401 Confido,
792 363 1067 390 accessurum
1091 355 1133 388 te
1157 346 1382 388 sententiae
1404 362 1528 400 meae,

121 436 256 479 quum
285 417 609 479 religiosissime
635 418 771 462 soleas
798 420 1018 464 custodire
1045 418 1351 462 defunctorum
1378 416 1529 460 volun-

120 502 280 547 tatem,
305 508 435 552 quam
472 491 599 534 bonis
636 492 871 536 heredibus
910 491 1171 536 intellexisse
1202 507 1282 550 pro
1315 491 1414 550 jure
1450 500 1529 533 est.

120 566 274 624 Neque
300 564 416 607 enim
443 564 587 607 minus
617 565 735 625 apud
760 583 839 609 nos
866 567 1070 610 honestas
1087 600 1098 620 ,
1124 581 1255 624 quam
1282 563 1398 624 apud
1426 563 1533 607 alios

119 639 352 682 necessitas
373 636 497 681 valet.
519 639 721 682 Moretur
744 656 849 700 ergo
877 641 920 682 in
944 639 1168 693 libertate,
1189 638 1431 681 sinentibus
1458 653 1533 679 no-
1559 650 1579 684 4

122 710 212 767 his3
241 711 412 754 fruatur
442 710 606 771 legato,
634 714 757 772 quasi
797 714 944 756 omnia
977 711 1309 773 diligentissime
1344 711 1531 755 caverit:

121 785 235 827 cavit
259 785 377 828 enim
392 820 402 840 ‚
425 802 519 844 quae
549 785 731 830 heredes
758 787 869 830 bene
899 786 1043 847 elegit.
1059 784 1183 830 Vale.

169 916 202 951 4.
225 913 357 944 Caverit.
385 912 497 944 Etiam
521 912 587 945 hoc
613 913 701 958 juris
722 925 796 946 ver·
863 913 992 946 habere
1007 913 1124 957 possit.
1138 912 1218 944 Mox
1232 910 1375 944 heredes
1389 913 1466 942 bene
1479 913 1537 942 ele-

122 964 205 996 bum
225 989 233 1003 ‚
269 976 338 1009 quo
371 964 459 997 ludit
490 965 669 1010 aliquoties
705 966 798 1011 apud
860 967 943 1008 gisse
968 965 1094 998 Sabina
1115 963 1258 1004 dicitur,
1280 964 1375 1009 quod
1398 976 1455 997 eos
1474 964 1539 996 ele-

121 1016 323 1049 Trebatium
335 1029 435 1049 suum
446 1042 455 1057 ‚
467 1026 499 1050 et
510 1025 631 1050 contra
643 1018 799 1051 Servium
865 1018 913 1062 git
924 1042 932 1056 ‚
944 1030 1030 1062 quos
1045 1017 1199 1051 crederet
1211 1016 1427 1049 voluntatem
1441 1028 1540 1049 suam

122 1079 186 1112 pro
201 1069 350 1102 Murena
369 1070 517 1102 Tullius.
537 1070 581 1103 G.
603 1090 647 1095 ——
666 1072 800 1116 Nempe
865 1070 1009 1102 honeste
1026 1078 1129 1115 atque
1147 1082 1185 1101 ex
1202 1069 1361 1115 aequitate
1380 1070 1541 1114 interpre-

125 1133 236 1152 cavere
250 1121 413 1154 dicuntur
427 1147 435 1161 ‚
451 1122 510 1167 qui
524 1131 727 1155 testamento
742 1123 801 1155 ali·
867 1132 1010 1156 taturos.
1024 1122 1171 1155 Amabili
1183 1122 1289 1167 igitur
1300 1121 1467 1154 modestia
1478 1121 1542 1153 Pli-

125 1172 209 1216 quid
225 1174 288 1206 rite
307 1175 486 1215 sanciunt,
506 1176 551 1208 ita
568 1183 604 1207 ut
623 1175 718 1208 nulla
735 1189 800 1209 nec
867 1175 941 1208 nius
968 1176 1101 1209 Sabinae
1127 1174 1267 1215 tribuit,
1297 1173 1393 1220 quod
1419 1173 1483 1206 sibi
1509 1181 1541 1205 et

126 1227 359 1260 controversia
388 1239 451 1260 nec
479 1228 655 1260 calumnia
684 1229 800 1261 locum
867 1228 1031 1261 eoheredi
1054 1241 1117 1261 suo
1143 1228 1294 1260 tribuere
1313 1227 1473 1260 debebat.
1499 1227 1539 1258 E.

143 1353 1525 1367 mmmmmmmmmsssmmmmmwnmmmummwx

781 1482 898 1536 XI.

130 1629 314 1666 Liciniani
337 1631 566 1668 rhetoricam
588 1631 864 1681 professionem
884 1640 1034 1677 narrat,
1057 1640 1235 1680 tanquam
1259 1639 1419 1681 propter
1437 1630 1542 1666 ince—

183 1702 282 1730 stum
314 1709 400 1731 cum
427 1696 570 1732 Vestali
596 1710 616 1732 a
646 1696 868 1732 Domitiano
904 1695 951 1732 ad
986 1696 1159 1732 exsilium
1187 1696 1340 1732 redacti.
1372 1700 1465 1732 Rem
1494 1695 1546 1731 ita

185 1767 333 1804 narrat,
351 1768 393 1795 ut
412 1760 610 1796 Liciniano
636 1769 672 1795 et
698 1760 883 1796 Corneliae
910 1760 1300 1805 commiserationem,
1328 1760 1547 1796 Domitiano

186 1832 319 1861 contra
336 1823 520 1861 invidiam
541 1825 662 1861 faciat.
687 1828 757 1861 En.

370 1962 410 1990 c.
448 1962 681 1991 PLINIUS
717 1961 1054 1991 MINUTIANO
1082 1946 1102 1964 ⁴*
1137 1962 1240 1990 suo
1277 1964 1308 1991 s.

202 2083 505 2125 AUD1sT1NE
522 2080 748 2124 Valerium
775 2081 1054 2123 Licinianum
1083 2081 1125 2124 in
1151 2080 1297 2125 Sicilia
1322 2080 1552 2141 profiteri?

138 2153 346 2198 Nondum
372 2163 414 2197 te
441 2164 548 2215 puto
577 2154 770 2209 audisse3
796 2164 861 2197 est
887 2155 1004 2197 enim
1034 2172 1183 2199 recens
1212 2156 1408 2199 nuntius.
1437 2158 1551 2199 Prae-

140 2226 277 2270 torius
302 2227 374 2270 hic
398 2228 529 2292 modo
557 2230 671 2272 inter
699 2227 1078 2289 eloquentissimos
1108 2246 1359 2273 caussarum
1385 2239 1552 2273 actores

139 2299 408 2353 habebatur3
428 2317 545 2345 nunc
572 2318 623 2345 eo
646 2301 829 2357 decidit,
856 2311 905 2344 ut
930 2302 1049 2345 exsul
1078 2303 1130 2346 de
1158 2313 1383 2357 senatore,
1405 2303 1554 2345 rhetor

141 2370 194 2414 de
225 2382 399 2415 oratore
430 2373 568 2417 fieret.
601 2377 755 2434 Itaque
783 2375 874 2436 ipse
901 2375 945 2417 in
975 2377 1230 2436 praefatione
1263 2377 1372 2419 dixit
1401 2375 1554 2418 dolen-
1584 2394 1600 2413 2

188 2497 249 2530 XI.
273 2499 288 2514 *
307 2499 346 2530 In
368 2500 464 2531 Rom.
489 2500 672 2530 Mimctiano
699 2499 817 2531 inseri·
883 2500 999 2532 ciatim
1013 2500 1228 2534 Rhetoricen.
1244 2501 1297 2534 Sic
1310 2500 1440 2531 dixerat
1453 2498 1556 2530 etiam

144 2548 259 2589 bitur,
286 2551 357 2584 sine
378 2554 535 2584 Cornelio.
557 2551 601 2584 H.
622 2572 667 2576 -——-
689 2553 736 2584 De
759 2554 818 2583 Mi-
883 2553 917 2585 II
932 2578 940 2593 ‚
963 2553 1002 2585 18
1018 2578 1026 2592 ‚
1047 2558 1079 2594 4.
1099 2554 1143 2585 G.

146 2605 283 2634 nuciano
299 2603 447 2636 diximus
463 2604 506 2638 ad
520 2605 647 2637 librum
662 2605 714 2637 III
727 2630 735 2644 ‚
751 2605 818 2650 epi·
929 2626 974 2630 ——
988 2610 1053 2637 Fra
1062 2608 1159 2637 torius
1174 2607 1224 2636 hic
1239 2606 1343 2636 modo.
1360 2605 1456 2635 Rom.
1474 2606 1557 2634 Pror-

146 2655 222 2686 stOI·
242 2667 276 2698 9·
297 2656 362 2689 FT*-
884 2661 982 2690 torius
1003 2661 1097 2690 modo
1118 2660 1177 2690 hic.
1200 2657 1320 2690 Paucis
1344 2655 1530 2700 interjectis
1548 2667 1554 2686 ι

198 2718 210 2739 1
221 2733 228 2738 .
243 2711 401 2753 Profiteri.
412 2709 545 2742 Literas
559 2709 712 2754 intellige
722 2735 731 2748 ‚
746 2722 819 2756 spe·
887 2721 920 2742 ue
933 2714 1011 2743 exul
1022 2714 1061 2742 de
1073 2721 1220 2743 senatore
1234 2720 1265 2740 er
1279 2710 1498 2753 rhetor-fieret.
1511 2708 1541 2739 ΙΙ
1549 2735 1554 2739 .
