1742 2989
587 192 933 236 EPISTOLA
972 194 1053 234 XI.
1437 189 1528 235 303

122 284 336 336 cogantur
360 273 414 317 ad
440 274 737 317 exhibendum
759 273 991 317 formulam
1013 273 1225 333 accipere.
1247 273 1351 315 Sum
1375 282 1418 316 et
1438 273 1529 333 ipse
1557 296 1572 315 2

122 348 164 391 in
193 347 361 391 edendo
390 347 638 401 liaesitator3
666 358 713 390 tu
739 363 861 390 mora
889 356 1035 389 tamen
1063 362 1205 389 meam
1232 361 1406 405 quoque
1431 362 1529 389 cun-

121 421 356 464 ctationem
384 420 722 481 tarditatemque.
750 419 900 463 vicisti.
933 418 1124 462 Proinde
1156 428 1232 461 aut
1261 435 1416 478 rumpe
1438 420 1529 478 jam

121 509 267 537 moras
283 527 293 546 ‚
321 502 394 536 aut
417 509 546 545 cave,
565 510 620 537 ne
645 493 817 537 eosdem
847 492 940 535 illos
968 491 1160 547 libellos,
1187 508 1296 552 quos
1322 492 1400 535 tibi
1423 493 1529 536 lien-

121 565 383 627 decasyllabi
405 567 542 609 nostri
567 566 789 610 blanditiis
816 565 970 608 elicere
994 581 1083 608 non
1104 574 1310 625 possunt,
1331 565 1529 609 convicio

122 648 344 682 scazontes
365 648 669 699 extorqueant.
690 638 935 682 Perfectum
959 654 1068 698 opus
1088 636 1427 698 absolutumque
1448 648 1529 692 est3

121 728 203 755 nec
221 712 311 771 jam
334 711 595 772 splendescit
615 711 714 754 lima
729 748 740 765 ,
761 711 834 754 sed
859 711 1073 754 atteritur.
1095 712 1272 766 Patere,
1294 727 1362 754 me
1384 711 1530 754 videre

122 784 297 828 titulum
326 794 479 839 tuum3
506 794 655 845 patere
686 785 865 838 audire,
895 784 1107 837 describi,
1134 783 1241 845 legi,
1265 785 1425 828 vaenire
1452 802 1530 828 vo—

122 857 286 901 lumina
315 857 560 918 Tranquilli
597 859 694 900 mei.
736 861 924 918 AEquum
958 866 1044 911 est,
1078 874 1157 901 nos
1186 859 1230 900 in
1262 874 1411 901 amore
1442 867 1529 901 tam

123 940 277 974 mutuo
306 931 503 974 eamdem
530 932 755 991 percipere
781 948 831 973 ex
861 940 902 973 te
932 929 1224 991 voluptatem⁷
1251 948 1335 990 qua
1363 941 1410 974 tu
1437 948 1529 991 per-

123 1004 278 1047 frueris
305 1021 357 1048 ex
381 1005 519 1048 nobis.
538 1003 660 1048 Vale.

168 1139 214 1146 —-
223 1121 689 1162 Adexhibendumfbrmnlam.
701 1118 794 1151 Acci-

123 1173 357 1218 pitJbrmulam
376 1173 410 1204 in
421 1174 498 1217 jure
512 1197 521 1212 ‚
541 1180 573 1205 et
590 1185 609 1205 a
624 1173 771 1205 Praetore
783 1195 791 1210 ,

122 1239 192 1258 non
223 1233 318 1259 actor
350 1226 454 1258 modo
468 1251 477 1266 ‚
509 1226 568 1259 sed
604 1226 706 1259 etiam
742 1226 769 1257 is
783 1249 792 1264 ,

122 1279 261 1324 quicum
290 1279 420 1324 agitur,
446 1279 500 1312 vel
528 1279 620 1312 unde
642 1279 792 1325 petitur;

123 1331 266 1364 actionis
290 1332 365 1371 ille,
391 1331 448 1365 hic
470 1332 691 1377 exceptionis.
709 1331 791 1363 Vid.

122 1383 333 1417 Brissonium
361 1384 404 1417 de
430 1385 532 1417 form.
547 1385 594 1424 V,
622 1390 677 1428 74.
705 1384 795 1417 Hen-

122 1435 332 1482 decasyllabi
376 1437 524 1469 Pliniani
561 1440 766 1480 appellantur
782 1462 792 1474 ‚

121 1491 330 1532 flagitantur,
345 1490 457 1534 agitur
473 1502 552 1522 cum
566 1490 631 1521 illis
643 1516 651 1531 ‚
664 1498 701 1522 ut
713 1501 795 1534 prae-

122 1549 213 1574 stent
238 1541 387 1587 denique
410 1543 624 1587 praesentiam
652 1542 796 1588 scripto-

124 1606 199 1626 rum
217 1595 426 1640 Tranquilli.
446 1596 573 1629 Miram
591 1596 795 1629 suavitatem

123 1646 225 1692 hujus
239 1647 306 1680 loci
324 1648 490 1693 intelliget
501 1673 510 1688 ‚
527 1649 585 1693 qui
600 1648 796 1682 considera-

122 1700 172 1732 bit
192 1700 331 1744 Ulpiani
349 1702 454 1733 verba
473 1701 497 1734 l.
512 1702 584 1741 ΙΙΙ,
605 1717 648 1741 π,
664 1704 681 1744 §
696 1703 714 1735 8
727 1727 735 1742 ,
753 1701 795 1735 de

122 1752 218 1784 hom.
232 1752 341 1785 libero
355 1753 566 1786 exhibendo:
586 1754 657 1786 «Ait
669 1755 796 1787 Praetor

124 1807 288 1837 Exhibeas
303 1820 314 1837 :
327 1808 485 1837 Exhibere
504 1814 552 1840 est
576 1807 609 1838 in
618 1806 795 1851 publicum

124 1857 316 1902 producere
329 1883 336 1897 ‚
355 1867 386 1891 et
405 1858 542 1891 videndi
561 1859 795 1905 tangendique

124 1909 273 1943 hominis
291 1911 490 1943 facultatem
511 1912 696 1956 praebere.»
716 1916 796 1943 Pro-

122 1965 191 2004 prie
209 1973 316 1995 antem
331 1963 490 1996 exhibere
513 1974 560 1996 esc
577 1971 671 1996 extra
689 1976 797 1996 secre-

125 2022 198 2047 tum
211 2015 351 2049 hahere.
364 2016 409 2048 Ut
419 2016 687 2061 igiturplugz'um,
701 2016 796 2062 quod

125 2075 174 2100 est
188 2067 319 2101 furtum
335 2069 367 2100 in
388 2068 496 2101 libero
511 2069 622 2113 capite
636 2070 795 2101 commis-

127 2132 201 2152 sum
213 2145 222 2160 ‚
243 2121 417 2165 eleganter
436 2121 479 2154 ad
499 2120 605 2153 libros
622 2129 653 2153 et
669 2122 795 2167 scripta

126 2174 347 2213 transtulere3
370 2174 416 2206 ita
440 2173 495 2206 hic
515 2176 562 2205 ad
584 2175 795 2206 exhibendum

126 2224 239 2269 agitur
253 2238 330 2257 eum
348 2238 387 2258 eo
400 2251 408 2265 ,
426 2226 485 2270 qui
502 2226 629 2273 scripta
641 2251 650 2265 ,
671 2238 745 2271 quae
761 2226 797 2258 li-

127 2278 209 2310 bera
220 2278 334 2323 vagari
346 2277 528 2317 dehebant,
539 2277 632 2311 domi
645 2291 703 2323 per
711 2278 798 2324 inju-

128 2331 213 2362 riam
235 2329 396 2361 continct.
414 2330 617 2363 Luserintne
636 2339 797 2375 praeterea

128 2384 163 2415 in
182 2383 363 2415 nominum
387 2384 460 2414 libri
478 2391 509 2414 et
531 2385 620 2414 liberi
638 2383 797 2415 similitu-

129 2435 208 2468 dine
222 2460 230 2475 ,
247 2448 315 2467 non
336 2442 464 2467 temere
483 2434 637 2468 dixerim.
658 2435 701 2467 G.

178 2501 208 2520 2.
223 2491 297 2519 Sum
317 2498 347 2519 ec
366 2490 447 2530 ipse,
477 2495 540 2520 etc.
569 2489 666 2519 Rom.
692 2504 704 2515 ·‹
715 2488 797 2520 Sum

130 2548 161 2572 et
177 2540 247 2585 ipsc
262 2541 296 2573 iu
316 2540 450 2573 edendo
470 2540 642 2572 luesitator
658 2548 708 2572 tu.
725 2540 756 2572 O
773 2540 799 2571 si

132 2600 244 2625 tamen
258 2605 369 2626 meam
383 2606 525 2638 quoquc
543 2592 798 2625 cunctationem

130 2644 394 2690 tarditatemque
414 2646 549 2678 viceris.
572 2644 720 2678 Proinde
743 2653 801 2678 aut

132 2709 254 2742 rumpe
266 2710 408 2731 morfisa»
428 2698 469 2730 ll.

906 1139 952 1144 -—
969 1122 1115 1152 Convicio
1147 1130 1320 1153 scazontes.
1351 1122 1532 1155 Scazontes

862 1184 1020 1216 asperum
1047 1181 1079 1205 et
1107 1173 1252 1206 satiricis
1279 1174 1532 1219 epigrammatis

862 1232 979 1270 aptum
991 1238 1097 1270 genus
1105 1226 1265 1259 carminis
1275 1252 1283 1266 ‚
1294 1235 1412 1272 aptum
1419 1228 1534 1273 proin-

862 1277 905 1310 de
933 1278 1034 1310 etiam
1063 1281 1203 1310 convicio
1233 1279 1393 1312 faciendo
1406 1305 1415 1321 ‚
1439 1280 1533 1326 quod

862 1342 932 1362 non
952 1330 996 1363 ad
1017 1330 1202 1364 maledicta
1228 1344 1362 1376 semper
1377 1357 1385 1372 ‚
1408 1332 1467 1366 sed
1490 1333 1535 1366 ad

862 1383 1094 1428 importunam
1107 1397 1247 1430 quoque
1261 1409 1270 1424 ‚
1284 1392 1316 1417 et
1330 1397 1450 1429 parum
1464 1398 1535 1418 mo-

863 1434 994 1468 destam
1014 1437 1264 1481 repetitamque
1283 1436 1430 1470 subinde
1449 1439 1534 1482 peti-

863 1488 990 1521 tionem
1004 1489 1057 1521 vel
1075 1488 1346 1522 admonitionem
1365 1490 1512 1536 pertinet
1525 1516 1533 1531 ⁷

863 1542 945 1574 utin
959 1542 1160 1588 praefatione
1175 1542 1382 1583 Quintiliani
1396 1542 1439 1576 ad
1451 1544 1536 1589 Try-

862 1596 1013 1640 phonem
1027 1619 1036 1635 ‚
1049 1596 1250 1639 Efflagitasti
1263 1598 1453 1638 quotidiano
1463 1610 1536 1629 con-

865 1650 960 1685 vicio,
979 1655 1044 1680 etc.
1064 1646 1107 1679 G.

911 1701 943 1732 3,
957 1702 1020 1731 Sed
1030 1702 1187 1732 atteritur.
1202 1700 1341 1733 Summa
1358 1701 1390 1732 in
1410 1701 1462 1733 his
1474 1702 1537 1734 ele-

864 1753 999 1797 gantia,
1021 1750 1115 1796 quod
1142 1752 1402 1785 translationem
1428 1754 1538 1786 conti-

863 1812 961 1837 nuat.
985 1803 1154 1836 Laudavit
1173 1804 1245 1849 jain
1274 1803 1443 1837 Cellarius
1466 1807 1535 1847 IX,

866 1857 905 1889 35
920 1882 928 1895 ,
949 1870 964 1889 2
981 1881 989 1896 ,
1009 1864 1042 1888 et
1061 1856 1209 1897 Quintil.
1228 1856 1259 1888 X
1272 1881 1281 1896 ‚
1299 1863 1318 1898 4
1332 1883 1339 1897 ,
1357 1863 1395 1898 4,
1411 1868 1446 1889 ut
1458 1872 1533 1901 opus

858 1911 966 1951 poliat
980 1911 1054 1941 lima
1066 1935 1075 1947 ‚
1095 1922 1158 1940 non
1174 1919 1315 1948 exterat,
1337 1923 1439 1955 quem
1454 1923 1538 1957 prae-

864 1962 1010 2006 ceptoris
1024 1961 1076 1994 sui
1091 1961 1206 1993 locum
1226 1961 1378 1995 imitatus
1398 1962 1535 1997 videtur

865 2021 990 2047 noster.
1006 2013 1216 2046 Describitur
1229 2013 1286 2046 hic
1297 2014 1382 2048 illud
1394 2015 1513 2048 vitium
1526 2042 1535 2057 ,

864 2066 958 2111 quod
978 2068 1218 2110 κακιζοτεχνὶαν
1242 2068 1350 2112 possis
1365 2069 1536 2113 appellare

864 2132 943 2152 cum
971 2119 1146 2152 avunculo
1174 2120 1281 2152 nostri
1306 2121 1469 2162 XXXIV,
1491 2123 1534 2160 8,

865 2185 891 2205 s.
923 2185 961 2216 19
975 2197 982 2211 ‚
1003 2172 1061 2204 ubi
1089 2181 1381 2205 commemoratur
1406 2175 1449 2207 ab
1478 2175 1536 2207 illo

865 2224 1097 2258 Callimachus
1111 2225 1198 2257 inter
1211 2226 1343 2258 nobiles
1356 2228 1536 2260 statuarios

864 2281 1027 2323 (quorum
1055 2280 1131 2309 lima
1158 2286 1207 2311 est
1234 2280 1387 2324 propria)
1416 2293 1536 2322 semper

866 2333 1082 2363 calumniator
1099 2333 1164 2369 sni,
1180 2344 1282 2374 neque
1294 2334 1398 2377 finem
1417 2335 1535 2364 liabens

866 2386 1040 2427 diligentia·
1050 2409 1059 2421 ,
1076 2390 1140 2416 etc.
1154 2383 1198 2416 G.
1211 2385 1319 2416 ——Cf.
1335 2396 1410 2429 quae
1426 2397 1487 2417 nos
1500 2385 1535 2417 in

865 2436 998 2469 Techn.
1018 2435 1105 2469 rhet.
1128 2449 1155 2469 s,
1177 2449 1211 2469 v.
1237 2439 1429 2468 calunmiari
1453 2437 1537 2469 dixi-

867 2502 952 2521 mus:
966 2489 1053 2521 E-.—
1062 2488 1172 2521 Etiam
1184 2490 1282 2521 Rom.
1294 2491 1426 2531 net-jum
1437 2492 1534 2532 splen⁴

866 2543 964 2573 descz'c
982 2543 1074 2579 lima,
1092 2544 1149 2573 sed
1163 2544 1321 2573 atteritur.
1336 2540 1379 2573 H.

912 2596 1099 2625 —Tt'eulum
1111 2604 1209 2627 tuum.
1218 2594 1321 2626 Libro
1333 2593 1535 2639 inscriptum

866 2655 898 2680 et
917 2646 1123 2692 pendentem
1147 2646 1183 2679 in
1207 2645 1413 2690 bibliopoliis
1435 2654 1535 2691 atque

869 2699 1096 2732 bibliothecis.
1116 2698 1160 2732 G,
