1742 2989
107 724 147 746 10

106 1092 141 1112 ΙΙ

180 179 268 232 422

579 179 1199 223 C.PL1N11LIB.V11.

177 269 373 319 posteros
408 260 578 304 habeat.
616 260 806 317 Quantis
839 259 956 303 enim
979 259 1218 305 virtutibus
1238 264 1500 324 quantisque
1524 265 1584 310 fa-

130 350 151 380 9
175 332 254 376 ctis
273 331 586 394 adsequentur,
607 343 655 377 ut
674 333 767 378 haec
785 349 879 378 non
901 333 1136 378 novissima
1151 334 1387 380 occiderit?
1405 339 1479 382 Me
1492 341 1585 399 qui-

173 406 269 450 dem
310 405 418 450 illud
453 407 584 451 etiam
615 407 772 469 affligit
802 417 844 451 et
875 417 1075 468 torquet,
1105 408 1223 469 quod
1254 420 1435 454 matrem
1467 413 1583 473 ejus,

171 477 289 522 illam
304 477 432 539 (nihil
446 496 622 540 possum
637 479 846 525 illustrius
866 480 1027 543 dicere)
1046 491 1178 526 tantae
1192 482 1360 528 feminae
1377 495 1583 541 matrem,

175 569 326 596 rursus
341 553 491 597 videor
505 554 723 608 amittere,
736 571 869 616 quam
887 555 1000 611 haec,
1016 565 1066 599 ut
1080 555 1220 600 reddit
1234 573 1283 601 ac
1298 557 1427 602 refert
1441 560 1584 611 nobis,

171 626 233 670 sic
258 625 424 670 auferet
449 644 619 684 secum,
644 645 799 690 meque
823 637 866 673 et
888 645 1003 673 novo
1032 629 1195 690 pariter
1218 640 1258 674 et
1285 632 1466 677 rescisso
1489 632 1583 677 vtil-

170 715 273 743 nere
309 699 483 744 afficiet.
530 703 776 763 Utramque
806 701 948 757 colui;
980 711 1211 764 utramque
1245 703 1373 748 dilexi

1403 722 1412 749 :
1440 715 1584 750 utram

171 772 309 834 magis
319 808 331 829 ‚
345 774 512 828 nescio;
528 790 607 819 nec
622 774 809 819 discerni
825 774 1042 820 volebant.
1059 776 1323 821 Habuerunt
1334 778 1480 823 officia
1490 796 1583 823 mea

172 847 216 888 in
242 846 441 891 secundis
453 881 463 901 ‚
482 846 733 892 habuerunt
749 848 793 891 in
809 847 1012 893 adversis.
1040 851 1136 910 Ego
1153 849 1356 894 solatium
1373 851 1582 914 relegata—

171 935 292 975 rum,
318 937 399 981 ego
420 919 537 964 ultor
561 937 830 966 reversarum
858 938 867 965 ε
895 939 985 966 11011
1008 921 1089 966 feci
1114 932 1259 967 tamen
1280 925 1428 985 paria,
1455 936 1585 987 atque

170 1009 220 1036 eo
257 993 396 1054 magis
427 994 539 1038 hanc
570 995 701 1055 cupio
729 997 915 1051 servari,
943 1006 992 1039 ut
1021 996 1129 1040 mihi
1164 996 1359 1041 solvendi
1389 1008 1586 1060 tempora

171 1066 405 1126 supersint.
431 1070 485 1111 In
512 1067 578 1111 his
603 1084 721 1111 eram
744 1070 881 1123 curis,
902 1086 1039 1130 quum
1064 1070 1296 1114 scriberem
1317 1071 1373 1115 ad
1394 1081 1458 1129 te;
1479 1089 1586 1133 quas

174 1139 207 1181 si
234 1138 338 1182 deus
364 1138 521 1200 aliquis
548 1141 592 1184 in
621 1141 830 1202 gaudium
851 1143 1052 1195 verterit,
1078 1143 1130 1187 de
1156 1154 1273 1188 metu
1300 1161 1390 1188 non
1411 1162 1583 1206 querar.

177 1211 293 1256 Vale.

218 1342 251 1374 8.
272 1344 454 1375 Novissima
470 1345 631 1376 occiderit.
652 1344 703 1377 Eo
722 1357 841 1384 sensu,

170 1405 240 1438 quo
259 1395 453 1429 Cremutius
468 1395 604 1429 Cordus
622 1399 765 1430 Cassium
784 1401 844 1429 Ro-

171 1458 340 1479 manorum
353 1450 498 1481 ultimum
509 1448 642 1483 dixerat
652 1449 744 1495 apud
757 1451 842 1484 Tac.

171 1498 261 1531 Ann.
279 1500 344 1539 IV,
358 1501 415 1541 34,
427 1501 486 1533 ubi
496 1502 596 1546 plura
607 1502 756 1548 Lipsius.
773 1503 816 1536 G.

217 1563 251 1594 9.
273 1554 370 1593 Quod
392 1563 543 1585 matrem.
561 1579 567 1585 .
584 1556 729 1600 .c1fficiec.
758 1555 845 1587 Fan-

171 1603 225 1635 nia
248 1603 294 1636 ita
319 1605 441 1638 similis
463 1614 535 1640 erat
554 1608 656 1640 matri
677 1608 846 1650 (reddebat

170 1663 203 1688 et
219 1658 377 1700 referebat
388 1661 479 1703 earn)
494 1667 531 1692 ut
545 1659 647 1704 plane
663 1659 783 1693 eadem
797 1659 844 1692 vi-

171 1708 245 1741 deri
261 1717 387 1753 posset.
412 1711 503 1757 Ergo
525 1712 658 1745 Fannia
678 1711 843 1745 defuncta

170 1768 279 1794 mater
305 1763 379 1808 ejus
405 1776 511 1796 rursus
537 1764 635 1810 quasi
661 1764 841 1797 amittitur.

170 1812 249 1846 Haec
273 1815 321 1848 sic
349 1815 523 1861 cogitabat
545 1817 686 1850 Plinius.
717 1816 783 1851 Sed
808 1817 842 1849 in

169 1867 446 1901 conformatione
458 1870 561 1916 hujus
576 1871 752 1903 sententiae
765 1882 844 1903 acu-

170 1931 248 1952 men
278 1921 425 1954 amabile
461 1922 683 1968 expendant,
716 1923 843 1968 quihus

170 1972 288 2017 utique
319 1986 409 2006 curae
440 1983 489 2008 est
522 1987 668 2009 acumen
699 1974 841 2020 aliquod

168 2024 308 2068 ingenii.
335 2026 477 2061 Utinam
501 2035 615 2061 tamen
631 2053 639 2066 ‚
666 2028 692 2060 si
719 2040 842 2060 verum

910 1345 1096 1390 quaerimus
1108 1369 1116 1385 ‚
1130 1357 1199 1378 non
1211 1344 1255 1378 ad
1267 1345 1381 1378 lusum
1392 1357 1502 1391 usque
1516 1358 1588 1378 ver-

909 1398 1054 1437 borum,
1076 1405 1113 1430 ut
1140 1397 1200 1437 fit,
1221 1397 1439 1442 processisset
1459 1400 1585 1444 jucun—

910 1448 1071 1483 dissimus
1085 1449 1230 1483 Plinius.
1248 1450 1288 1482 E.

962 1516 1014 1535 10.
1031 1506 1098 1534 Nec
1117 1505 1258 1535 discerni
1274 1504 1438 1535 volebant.
1456 1503 1586 1535 Neutra

911 1555 1071 1601 cupiebat
1089 1556 1187 1589 alteri
1206 1554 1359 1600 praeferri
1378 1566 1586 1600 quacunque

911 1620 959 1641 re.
985 1608 1024 1640 Ε.

958 1681 1003 1684 --
1016 1663 1188 1692 Solacium.
1206 1685 1211 1690 .
1230 1663 1343 1692 adcor.
1365 1660 1415 1692 De
1434 1658 1493 1691 illo
1512 1658 1583 1692 vid.

911 1713 984 1752 III,
1009 1725 1063 1752 11,
1085 1713 1124 1752 3,
1150 1712 1194 1746 de
1223 1713 1290 1745 hoc
1312 1713 1382 1753 IX,
1404 1712 1456 1745 13.
1482 1711 1586 1744 G.—

913 1767 1075 1809 Nonfeci.
1093 1791 1099 1797 .
1116 1790 1122 1797 .
1140 1767 1260 1810 ,pe-cria.
1277 1764 1436 1810 Intellige
1450 1765 1586 1807 acceptis

911 1831 1075 1861 expensa,-
1104 1819 1279 1851 rationum
1314 1818 1407 1850 enim
1441 1817 1585 1850 verbum

910 1883 982 1904 esse
993 1895 1002 1909 ‚
1016 1871 1130 1903 statim
1144 1871 1217 1916 ipse
1229 1870 1364 1917 judicat
1376 1895 1384 1910 ,
1399 1881 1508 1915 quum
1521 1871 1585 1901 sol-

911 1925 1002 1954 vendi
1019 1932 1164 1965 tempora
1181 1930 1288 1968 optat.
1309 1922 1352 1954 G.

968 1987 980 2007 1
992 1987 1017 2007 1.
1042 1978 1116 2006 Non
1136 1988 1263 2017 querar.
1279 1974 1447 2019 Excerpta
1466 1973 1583 2005 Brum.

911 2029 993 2058 m‘lzil
1003 2040 1132 2069 querar,
1151 2026 1245 2073 quod
1260 2039 1381 2060 verum
1400 2032 1496 2071 puto.
1515 2025 1549 2058 S.
