1742 2989
216 206 309 258 [104
613 208 661 249 C.
700 207 926 252 PLINII
963 208 1084 250 LIB.
1120 208 1237 251 VII.

215 342 429 353 §summus
433 342 509 353 xxm
513 343 652 354 ἰνιυννι
656 344 1212 356 ΜιαιΜΜιιιιἋνιῦιι-ιωι
1216 346 1437 357 nasutum
1441 343 1559 358 mmmm
1564 348 1599 358 ιιι
1604 348 1622 357 ι

830 469 1004 524 VIII.

213 618 393 655 Eamdem
407 619 572 655 laetitiam
587 620 768 668 significat
778 619 917 666 Prisco,
932 633 1094 669 eumque
1106 620 1153 657 ad
1170 621 1419 658 constantiam
1433 621 1622 659 hortatur„

514 758 553 786 c.
593 758 828 786 PLINIUS
864 757 1064 786 Pnlsco
1097 742 1117 762 *
1153 759 1254 788 suo
1289 760 1322 789 s.

274 881 594 923 EXPRIMERE
628 894 718 921 non
748 894 947 938 possum,
971 895 1104 939 quam
1128 879 1375 938 jucundum
1404 881 1460 924 sit
1485 881 1621 937 mihi,

209 951 325 1011 quod
343 951 607 994 Saturninus
628 960 777 993 noster
799 967 989 995 summas
1013 952 1092 995 tibi
1115 952 1233 1012 apud
1255 969 1323 996 me
1346 954 1506 1014 gratias
1527 952 1622 997 aliis

166 1038 182 1057 2
209 1039 340 1083 super
353 1022 458 1066 alias
473 1022 668 1083 epistolis
683 1024 787 1083 agit.
805 1025 942 1084 Perge
956 1059 966 1077 ‚
986 1034 1033 1068 ut
1051 1025 1242 1085 coepisti,
1259 1026 1493 1086 virumque
1507 1025 1623 1087 opti—

208 1113 328 1139 mum
355 1113 486 1156 quam
509 1095 845 1139 familiarissime
866 1095 1020 1156 dilige,
1045 1113 1252 1158 magnam
1275 1097 1548 1158 voluptatem
1571 1114 1624 1140 ex

163 1175 182 1207 3
209 1170 400 1212 amicitia
432 1170 526 1229 ejus
559 1179 872 1229 percepturus,
910 1186 991 1213 nec
1026 1170 1081 1213 ad
1115 1170 1247 1213 breve
1278 1180 1467 1231 tempus.
1511 1172 1624 1215 Nam

208 1259 345 1302 quum
372 1241 575 1285 omnibus
608 1241 844 1285 virtutibus
876 1241 1094 1295 abundat,
1128 1251 1222 1285 tum
1262 1242 1344 1286 hac
1382 1242 1624 1303 praecipue,

208 1314 327 1375 quod
359 1314 492 1358 habet
517 1314 753 1357 maximam
783 1316 828 1357 in
856 1332 1004 1359 amore
1031 1316 1338 1359 constantiam.
1365 1315 1487 1360 Vale.

265 1448 367 1481 VIII.
386 1448 402 1464 *
434 1451 577 1480 Priscum
611 1450 882 1481 contubernalem
953 1450 1092 1483 Cortius
1128 1462 1200 1483 esse
1239 1449 1275 1482 in
1309 1449 1407 1482 libris
1418 1474 1427 1490 ‚
1460 1450 1601 1481 abundet
1614 1463 1625 1480 :

208 1501 313 1535 fuisse
328 1503 492 1532 Saturnini
507 1501 595 1533 infra
610 1514 648 1533 ex
663 1501 763 1546 epist.
781 1502 836 1541 15,
850 1502 882 1541 3,
951 1515 1056 1548 quam
1087 1502 1271 1546 caeteroqui
1304 1501 1597 1534 constructionem
1613 1526 1623 1541 ‚

207 1560 368 1599 apparet,
389 1565 464 1598 quae
479 1560 557 1585 ante
574 1553 636 1586 has
655 1553 741 1586 duas
758 1555 883 1599 scripta
950 1554 1115 1600 exemplis
1135 1555 1316 1599 probatam
1334 1554 1392 1586 hic
1411 1566 1430 1587 a
1449 1553 1623 1593 Cellario,

207 1618 280 1639 esse
295 1605 446 1639 videtur.
461 1606 526 1638 ΕΙ).
948 1620 1018 1640 non
1037 1606 1192 1639 damnat.
1208 1606 1252 1639 G.
1269 1626 1313 1631 ψ-
1327 1605 1413 1639 Vid.
1427 1607 1456 1638 J.
1472 1606 1521 1638 M.
1539 1606 1626 1638 Heu-

256 1659 288 1691 3.
307 1662 409 1700 Quum
419 1682 519 1690 .....
528 1661 683 1691 abundat.
705 1658 760 1692 Sic
781 1657 881 1691 docet
948 1659 1074 1704 singer.
1094 1658 1138 1692 ad
1156 1659 1229 1692 Cic.
1249 1658 1292 1692 de
1309 1658 1415 1691 Offic.
1430 1671 1466 1704 p.
1487 1658 1566 1702 573.
1588 1658 1623 1692 S.

208 1792 1605 1806 :mssa-‚mmmmmsmmmwswumwzwxstwstvuvnnwzmwsmwssnm

851 1921 968 1976 IX.

355 2065 551 2112 Quaerenti
571 2064 692 2100 amico
715 2064 904 2100 rationem
926 2062 1130 2100 exercendi
1154 2063 1227 2099 stili
1248 2062 1471 2112 praescribit.

521 2197 829 2226 c.PL1N1Us
863 2196 1039 2226 Fusco
1074 2180 1094 2199 *
1130 2196 1233 2225 suo
1268 2195 1304 2224 s.

275 2310 520 2366 QUAER15‚
543 2307 912 2368 quemadmodum
931 2307 975 2350 in
990 2323 1183 2362 secessu,
1208 2323 1297 2368 quo
1316 2306 1486 2367 jamdiu
1508 2306 1619 2350 frue-

168 2404 184 2424 2
210 2385 289 2433 ris,
320 2392 468 2444 putem
495 2392 537 2424 te
564 2381 739 2425 studere
765 2391 983 2442 oportere.
1012 2380 1130 2425 Utile
1156 2381 1201 2423 in
1228 2381 1401 2441 primis,
1429 2389 1472 2423 et
1493 2379 1617 2423 multi

209 2456 495 2516 praecipiunt,
530 2452 596 2496 vel
632 2470 683 2497 ex
719 2471 859 2514 graeco
895 2455 937 2496 in
966 2453 1171 2509 latinum,
1200 2453 1266 2496 vel
1293 2470 1346 2497 ex
1365 2453 1501 2496 latino
1521 2468 1617 2495 ver-

209 2533 302 2571 tere
340 2529 384 2570 in
425 2543 615 2588 graecum
645 2544 653 2569 :
683 2544 770 2586 quo
805 2543 964 2588 genere
1005 2526 1328 2570 exercitationis
1372 2525 1618 2586 proprietas

257 2653 340 2687 IX.*
360 2658 476 2685 Fuscus
491 2653 563 2686 sine
579 2652 686 2686 dubio
704 2655 878 2691 Salinator,
946 2659 1044 2698 paret
1060 2676 1068 2692 ‚
1098 2651 1193 2684 hunc
1223 2652 1385 2696 juvenem
1416 2650 1616 2682 aemulatum

212 2704 255 2738 de
274 2718 343 2750 quo
361 2704 404 2738 ad
418 2706 489 2747 VI,
506 2718 561 2751 ep.
580 2717 634 2747 11,
653 2717 683 2738 1.
698 2705 800 2738 Unde
820 2718 880 2749 ap·
948 2717 1021 2738 esse
1037 2704 1072 2737 in
1092 2703 1288 2748 eloquentia
1306 2702 1468 2736 Plinium.
1489 2702 1555 2735 En.
