1742 2989
608 217 657 259 C.
707 215 930 260 PLINII
963 216 1089 260 LIB.
1127 217 1182 260 V.

200 351 1576 366 znwnmmwaemsmmmmtmmmmmmmmsa-§mmmmm

814 489 956 545 VII.

183 646 408 683 Saturninus
431 646 593 683 Plinium
616 646 797 683 heredem
823 646 1038 682 instituerat
1066 655 1102 682 et
1127 646 1400 697 rempublicam
1428 648 1594 683 Comen-

234 710 351 756 sium3
370 711 473 760 quod
491 711 571 761 ipse
591 719 713 747 ratum
731 711 812 746 vult
830 723 929 755 esse,
945 709 1014 746 etsi
1033 710 1239 747 secundum
1260 712 1359 760 leges
1379 710 1596 760 respublica

232 774 342 811 heres
359 774 504 811 institui
524 787 599 810 non
620 774 758 824 possit,
775 773 878 824 quod
896 782 937 810 ut
953 773 1223 811 decurionibus
1240 775 1450 820 indicetur,
1472 782 1591 823 rogat.

449 923 485 951 C.
523 921 753 951 PLINIUS
788 922 1063 950 CALVISIO

1095 905 1114 925 '‘
1149 923 1252 951 suo
1288 924 1323 951 s.

245 1055 345 1098 NEC
376 1052 581 1096 heredem
609 1053 803 1107 institui,
831 1071 910 1097 nec
938 1051 1175 1113 praecipere
1202 1067 1327 1112 posse
1353 1051 1595 1111 rempubli—

183 1143 297 1179 cam,
318 1136 486 1170 constat
506 1144 513 1169 :
534 1126 800 1170 Saturninus
821 1137 986 1178 autem,
1003 1125 1079 1185 qui
1102 1141 1179 1168 nos
1200 1123 1375 1185 reliquit
1393 1123 1595 1177 heredes,

183 1199 470 1261 quadrantem
494 1198 745 1259 reipublicae
763 1210 943 1249 nostrae,
957 1197 1114 1240 deinde
1136 1214 1215 1257 pro
1230 1195 1472 1258 quadrante
1490 1212 1598 1256 prae-

140 1296 157 1316 2
183 1274 430 1334 ceptionem
449 1272 876 1334 quadringentorum
896 1271 1081 1315 millium
1099 1270 1232 1313 dedit.
1251 1272 1366 1324 Hoc,
1382 1270 1415 1311 si
1432 1269 1504 1329 jus
1524 1268 1597 1312 ad-

185 1347 364 1407 spicias,
386 1346 583 1397 irritum3
604 1345 637 1387 si
659 1345 853 1389 defuncti
876 1344 1148 1387 voluntatem
1162 1378 1172 1395 ,
1192 1352 1335 1385 ratum
1356 1351 1399 1384 et
1419 1342 1597 1385 firmum

186 1428 261 1464 est.
285 1418 397 1462 Mihi
426 1428 572 1461 autem
600 1417 795 1460 defuncti
821 1417 1024 1461 voluntas
1051 1418 1244 1475 (vereor,
1270 1431 1400 1475 quam
1429 1416 1473 1457 in
1501 1432 1596 1475 par-

185 1502 272 1535 tem
303 1489 632 1550 jurisconsulti,
659 1490 777 1550 quod
816 1507 909 1533 sum
946 1489 1170 1539 dicturus,
1205 1488 1453 1548 accipiant.)
1483 1488 1597 1530 anti-

185 1565 314 1625 quior
330 1563 429 1622 jure
451 1572 536 1617 est,
560 1564 709 1622 utique
733 1564 776 1605 in
797 1579 869 1615 eo,
893 1561 1010 1622 quod
1031 1561 1084 1604 ad
1107 1577 1383 1604 communem
1409 1561 1596 1620 patriam

140 1645 158 1678 3
183 1638 319 1682 voluit
342 1637 586 1698 pervenire.
610 1638 698 1689 An,
722 1637 791 1679 cui
815 1635 867 1679 de
887 1652 984 1679 meo
1006 1635 1253 1678 sestertium
1277 1633 1478 1678 undecies
1498 1650 1597 1678 con-

231 1772 331 1804 VIL*
349 1774 501 1804 Calvisius
512 1797 520 1809 ,
540 1783 630 1803 unus
644 1782 661 1802 e
677 1771 858 1803 contuber-

184 1826 321 1859 nalibus
335 1824 445 1857 Plinii.
462 1825 527 1856 En.

233 1891 246 1910 1
257 1905 263 1910 .
289 1881 353 1908 Nec
367 1879 550 1919 praectpere.
571 1878 749 1918 Proeczpere
763 1874 857 1921 apud

181 1929 450 1963 ¹Iurisconsultos
471 1937 520 1961 est
538 1937 673 1974 partem
699 1928 854 1973 aliquam

183 1982 382 2015 hereditatis
415 1990 493 2015 ante
526 1981 675 2026 reliquos
711 1979 855 2013 heredes

184 2048 307 2080 capere
323 2061 331 2075 ‚
361 2035 454 2067 unde
492 2034 618 2067 dicitur
644 2035 853 2076 przeczpuum.

184 2088 253 2128 Qui
279 2088 382 2133 igitur
408 2086 538 2132 aliquid
556 2089 735 2129 proecipere
756 2093 857 2119 testa-

184 2148 302 2174 mento
317 2141 458 2185 jubetur
469 2165 478 2179 ‚
496 2139 594 2172 illum
614 2151 655 2171 eo
671 2138 743 2182 ipso
759 2139 858 2171 here-

185 2193 264 2225 dem
287 2193 389 2224 etiam
408 2205 488 2225 cum
507 2191 579 2224 aliis
603 2203 676 2223 esse
694 2190 857 2235 intelligi-

184 2254 253 2278 tur.
277 2244 359 2278 Vid.
388 2245 538 2277 Brisson.
568 2243 611 2275 de
639 2244 741 2275 form.
768 2243 855 2282 VII,

189 2299 274 2337 143,
292 2309 368 2342 pag.
397 2297 462 2329 635
476 2322 484 2335 ‚
505 2309 555 2340 sq.
577 2295 641 2329 Sed
662 2295 717 2328 hic.
737 2295 857 2340 paullo

186 2350 251 2382 alia
263 2349 399 2382 videtur
410 2350 552 2394 species.
570 2348 775 2381 Saturninus
786 2346 855 2392 pri-

185 2415 243 2435 mo
255 2415 294 2435 ex
307 2401 499 2448 quadrante
513 2401 706 2433 instituerat
720 2412 858 2445 rempu-

186 2455 312 2488 blicam
328 2480 336 2494 ‚
349 2454 475 2487 deinde
486 2454 551 2486 hoc
564 2453 729 2492 mutavit,
742 2460 772 2485 et
784 2452 860 2485 loco

186 2508 277 2540 illius
296 2506 500 2552 quadrantis
519 2519 559 2539 ex
580 2506 709 2549 integra
727 2503 861 2536 heredi-

186 2568 255 2592 tate
273 2559 409 2605 praecipi
426 2567 458 2592 et
477 2566 555 2592 ante
572 2557 773 2589 divisionem
794 2569 859 2588 nu-

187 2613 315 2646 merari
343 2612 538 2658 reipublicae
561 2610 660 2656 jussit
694 2608 859 2654 quadrin-

187 2673 287 2709 genta
305 2665 411 2697 millia
428 2676 434 2697 :
453 2666 523 2697 sive
546 2661 640 2708 quod
660 2668 795 2706 putaret
816 2661 858 2692 ita

189 2717 281 2750 eludi
299 2717 406 2763 legem
428 2729 543 2761 posse,
560 2727 635 2760 quae
656 2712 785 2746 institui
801 2713 858 2744 lw-

924 1767 1042 1801 redem
1068 1775 1199 1800 vetaret
1227 1766 1478 1811 rempublicam
1493 1791 1502 1806 ,
1527 1766 1597 1799 sive

923 1833 1132 1867 quacunque
1152 1820 1219 1853 alia
1239 1832 1373 1852 caussa.
1393 1818 1437 1851 G.
1453 1839 1496 1843 —
1513 1822 1598 1860 Qua-

923 1877 1036 1911 dmm,
1065 1880 1189 1918 quarta
1227 1885 1305 1917 pars
1336 1871 1419 1904 assis
1432 1896 1440 1910 ‚
1473 1870 1597 1904 deinde

921 1925 1119 1959 hereditatis
1141 1925 1301 1969 integrae,
1316 1935 1391 1968 quae
1415 1931 1446 1955 et
1469 1924 1542 1968 ipsa
1561 1936 1597 1954 as

922 1978 989 2012 dici
1005 1979 1153 2017 solebat;
1168 1976 1259 2009 unde
1276 1979 1361 2008 heres
1381 1988 1422 2007 ex·
1440 1988 1519 2007 asse.
1534 1975 1596 2007 Et).

973 2033 1004 2065 3.
1018 2035 1069 2063 An
1081 2057 1089 2069 ‚
1106 2033 1159 2063 cui
1170 2032 1210 2061 de
1222 2042 1300 2060 meo.
1317 2028 1518 2061 Contulerat
1531 2026 1598 2059 Pli-

924 2084 1001 2116 nius
1011 2083 1204 2128 reipublicae
1212 2093 1271 2126 per
1279 2082 1393 2113 varias
1401 2080 1598 2113 occasiones

925 2139 1090 2175 undecies,
1113 2134 1220 2167 intell.
1241 2142 1386 2167 centena
1406 2132 1511 2165 millia
1527 2132 1595 2164 HS.

926 2201 1001 2234 quae
1018 2197 1097 2222 sunt
1113 2188 1202 2222 5500
1215 2186 1426 2220 florenorum
1441 2184 1599 2230 imperia-

922 2242 1006 2274 lium
1026 2242 1126 2285 (quos
1149 2241 1262 2273 besses
1289 2241 1346 2283 2s3
1367 2245 1489 2271 vocant
1512 2249 1599 2269 mer-

923 2296 1069 2337 catores)
1088 2294 1122 2325 in
1152 2292 1315 2325 alimenta
1342 2292 1572 2336 ingenuorum
1588 2314 1596 2328 ‚

922 2347 957 2379 in
977 2345 1065 2379 aedes
1086 2358 1220 2385 sacras,
1241 2352 1306 2377 etc.
1328 2345 1368 2376 In
1391 2344 1456 2376 hac
1479 2343 1598 2375 libera-

925 2400 1019 2432 litate
1051 2411 1173 2443 parum
1212 2397 1275 2430 sihi
1304 2396 1531 2432 constitisset,
1569 2393 1598 2425 si

927 2458 1061 2493 400000
1082 2451 1148 2484 HS.
1171 2463 1230 2483 seu
1248 2461 1357 2482 20000
1374 2448 1494 2480 floren.
1512 2446 1594 2490 imp.

926 2517 1002 2549 quae
1021 2503 1138 2548 paullo
1158 2502 1306 2547 amplius
1324 2500 1421 2533 tertia
1443 2511 1522 2543 pars
1548 2505 1598 2529 est

927 2556 1112 2602 superioris
1139 2565 1279 2587 summae
1310 2554 1372 2595 (est
1410 2550 1498 2584 enim
1524 2550 1598 2595 ipsa

926 2610 1024 2642 tertia
1048 2620 1086 2640 ex
1109 2606 1306 2649 duodecies)
1328 2602 1468 2637 aliunde
1488 2603 1517 2635 ei
1540 2602 1598 2635 ob-

926 2661 1096 2694 venientia
1110 2685 1118 2699 ,
1138 2658 1306 2691 invideret
1319 2684 1326 2699 ‚
1343 2656 1395 2689 vel
1410 2654 1534 2688 tabulis
1549 2663 1597 2687 te-

928 2713 1084 2746 ‹tamenti
1104 2711 1310 2757 oppugnatis
1325 2716 1477 2754 negaret.
1496 2707 1539 2740 G.
1552 2726 1598 2733 —u
