1742 2989
226 225 316 270 308

641 227 689 268 U.
728 225 949 269 PLINII
991 226 1116 268 LIB.
1153 226 1207 267 V.

220 307 317 369 lege
343 306 396 351 de
422 315 576 351 senatu
600 305 827 358 habendo,
841 306 992 365 jurare
1012 306 1154 366 coegit
1170 341 1180 360 ,
1202 306 1246 348 E
1269 305 1495 367 republica
1513 323 1623 362 esse,

176 389 196 424 5
221 381 350 441 quod
368 383 620 425 censuisset.
638 380 742 434 Cui,
759 395 1026 440 quamquam
1050 378 1253 440 legitimae
1273 379 1581 440 postulationi,
1604 398 1629 425 a

220 453 484 515 quibusdam
504 452 789 496 reclamatum
809 462 885 497 est.
902 453 1181 513 Exprobrare
1199 454 1315 497 enim
1334 455 1528 498 censenti
1545 471 1631 499 am-

219 529 433 572 bitionem
456 526 702 570 videbatur.
730 526 815 570 Sed
837 526 1093 587 priusquam
1117 528 1343 572 sententiae
1365 527 1630 583 dicerentur,

217 602 431 663 Nigrinus
447 636 458 657 ,
479 600 682 644 tribunus
710 599 849 660 plebis
865 636 876 656 ,
903 600 1102 645 recitavit
1125 600 1320 646 libellum
1348 601 1559 647 disertum
1586 613 1629 647 et

218 710 242 736 t)

216 752 351 793 etiam
366 751 792 811 prcevaricatz‘ones;
814 752 859 791 z'rz
884 748 979 791 lites
1000 752 1134 804 coiri,
1156 761 1200 793 et
1214 750 1376 809 gloriae
1396 750 1494 793 loco
1511 753 1632 811 pom?

220 692 419 731 ffl‘avem,
448 691 536 735 quo
565 684 745 734 questus
771 682 858 730 est,
886 675 937 718 V
928 678 1067 718 oerzz're
1092 675 1433 733 advocationes,
1458 680 1628 721 vaenire

190 833 194 837 ’
216 839 274 867 ex
301 823 461 884 spoliis
479 825 641 866 civz'zmz
659 837 850 882 magnos
874 833 921 865 et
940 831 1083 866 statos
1107 822 1290 867 reditus.
1313 823 1531 867 Recitavit
1559 839 1628 867 ca-

216 896 309 956 pita
334 895 480 956 legum
497 930 507 950 ,
528 894 760 939 admonuit
784 895 1002 939 SCtorum
1024 912 1033 939 :
1056 896 1100 938 in
1125 895 1211 939 fine
1234 895 1366 951 dixit,
1384 896 1627 940 Petendzmz

215 970 274 1013 ab
298 973 466 1031 optimo
480 972 710 1030 principe,
742 980 789 1013 ut
802 1004 813 1024 ,
837 972 947 1028 quia
972 970 1089 1029 leges
1104 1004 1115 1023 ‚
1145 960 1255 1029 q'zcz‘a
1279 970 1399 1014 Sthz
1422 981 1623 1015 contem-

215 1055 438 1097 nerentur,
463 1047 557 1104 ipse
576 1046 716 1087 tantis
730 1045 857 1086 vitiis
878 1042 1139 1086 mederetur.
1158 1043 1293 1085 Pauci
1313 1041 1404 1085 dies
1417 1078 1428 1099 ,
1449 1052 1493 1085 et
1511 1041 1621 1086 liber

213 1116 425 1176 principis
450 1132 647 1173 severus,
667 1125 710 1159 et
735 1126 883 1159 tamen
906 1116 1171 1159 moderatus.
1202 1118 1340 1176 Leges
1366 1116 1537 1176 ipsum,
1563 1127 1626 1160 est

212 1191 257 1233 in
289 1189 475 1250 publicis
504 1190 626 1233 actis.
657 1190 803 1246 Quam
831 1206 901 1233 me
922 1188 1070 1249 juvat,
1090 1188 1209 1249 quod
1237 1189 1282 1232 in
1310 1189 1471 1232 caussis
1495 1205 1626 1250 agen-

212 1261 277 1306 dis
312 1279 401 1305 non
435 1262 567 1305 modo
604 1263 840 1323 pactione,
877 1261 1024 1317 dono,
1059 1278 1271 1314 munere,
1304 1278 1459 1305 verum
1493 1263 1624 1307 etiam

167 1354 173 1366 ⁴
213 1336 351 1378 xeniis
375 1352 548 1396 semper
573 1323 786 1379 abstinui!
813 1337 1004 1396 Oportet
1024 1335 1198 1396 quidem
1215 1371 1226 1391 ,
1253 1351 1350 1396 quae
1372 1345 1476 1380 sunt
1500 1336 1622 1380 inho-

213 1418 356 1465 nesta,
381 1426 471 1453 non
498 1409 621 1469 quasi
648 1407 824 1465 illicita,
845 1408 920 1453 sed
947 1409 1071 1470 quasi
1099 1408 1327 1470 pudenda,
1350 1409 1488 1452 vitare
1518 1425 1528 1453 :
1551 1409 1622 1470 ju-

210 1601 255 1606 ——
265 1583 384 1625 Coegit.
395 1579 646 1625 Accipiendum
660 1579 733 1612 sine
743 1579 882 1612 effectu.

209 1636 262 1667 Ita
281 1633 465 1679 saepissime
484 1632 594 1665 Gracci
614 1640 646 1664 et
666 1631 782 1664 Latini
802 1630 883 1664 scri-

208 1694 337 1731 ptores.
355 1684 436 1718 Vid.
451 1685 581 1717 Duker.
598 1682 644 1716 ad
656 1683 750 1716 Flor.
770 1684 785 1715 1
800 1708 808 1723 ,
828 1683 882 1723 18,

214 1751 265 1771 12.
285 1739 318 1772 S.

259 1791 291 1825 5.
312 1796 350 1823 In
375 1793 442 1822 lites
464 1792 552 1821 coiri.
573 1789 703 1822 Pacisci
724 1788 881 1821 homines

209 1844 252 1877 (le
280 1851 407 1877 eventu
436 1842 548 1875 litium
575 1854 655 1874 cum
684 1840 881 1882 advocatis,

209 1910 287 1930 cum
298 1897 380 1942 ipsis
394 1895 481 1929 adeo
491 1894 681 1941 judicibus.
695 1895 790 1928 Notae
802 1903 882 1928 sunt

208 1951 333 1983 Nostro
344 1957 375 1982 et
383 1956 520 1994 patrum
529 1947 653 1980 saeculo
663 1948 880 1993 sponsiones,

209 2014 287 2035 cum
314 2002 440 2034 talibus
463 2001 619 2047 personis
652 2000 749 2033 factae
765 2026 773 2041 ,
806 2013 882 2045 qum

207 2067 395 2099 procurare
402 2053 628 2098 velimpedire
637 2061 797 2086 eventum
809 2053 881 2099 ejus

207 2107 258 2140 rei
272 2132 281 2147 ,
298 2106 340 2140 de
355 2119 423 2152 qua
441 2107 577 2152 sponsio
589 2105 692 2138 fiebat
704 2130 712 2146 ‚
729 2114 880 2150 possent.

208 2159 251 2192 G.
264 2181 307 2184 —-
321 2163 458 2202 ,Magnos
472 2168 502 2190 et
517 2167 616 2189 statos
635 2160 763 2190 reditus.
781 2159 880 2190 Rom.

211 2216 345 2254 Magnos
362 2221 391 2242 cc
403 2220 538 2242 statutos
553 2212 684 2242 reditus.
700 2210 744 2243 H.

255 2266 288 2297 6.
308 2268 441 2307 Legum.
457 2288 464 2294 .
481 2287 487 2293 .
504 2265 880 2295 .Senatasconsultorum.

209 2318 294 2358 Quae
323 2322 527 2349 enarrantur
556 2328 574 2348 a
602 2315 879 2355 Jurisconsultis,

208 2382 318 2415 quum
346 2368 388 2401 de
413 2367 486 2412 lege
509 2367 628 2400 Cincia
652 2375 772 2413 agunt.
794 2367 878 2400 Vid.

208 2424 330 2455 Noster
357 2421 421 2461 IV,
445 2432 487 2462 9,
516 2422 556 2458 (ῖς
573 2420 619 2459 V,
643 2433 698 2459 21,
722 2425 754 2460 4.
775 2420 880 2453 G.—

209 2475 322 2507 Etiam
349 2475 448 2506 Rom.
470 2474 644 2503 Admonuit
669 2476 878 2504 Senatuscon-

208 2531 372 2559 sulcorum.
390 2526 433 2557 H.

258 2593 288 2624 7.
312 2581 413 2610 Pauci
437 2580 520 2615 dies,
541 2586 571 2607 ct
599 2579 686 2608 liber.
714 2577 757 2609 H.
778 2578 800 2609 l.
826 2588 873 2614 et,

210 2641 244 2664 ut
265 2632 462 2663 Graecmum
489 2630 559 2669 md,
586 2629 689 2661 hahet
715 2630 877 2674 temporis

209 2684 457 2727 celeritatisque
476 2682 663 2715 noti-onem.
683 2681 765 2713 Vid.
786 2682 875 2714 Hoo-

209 2749 286 2782 gev.
306 2738 424 2770 Doctr.
445 2735 568 2768 Partis.
588 2735 629 2767 L.
649 2733 710 2767 Gr.
733 2747 767 2779 p.
787 2736 850 2768 '056
864 2760 873 2774 ‚

949 1591 1026 1624 sqq.
1043 1580 1157 1613 Livius
1172 1579 1295 1619 XXII,
1316 1591 1327 1612 1
1338 1604 1346 1619 ‚
1366 1583 1481 1612 1.Jam
1496 1583 1622 1612 veracl-

943 1634 1094 1674 petebat,
1116 1645 1212 1674 quum
1235 1634 1403 1663 Hannibal
1423 1644 1464 1663 ea?
1486 1634 1622 1664 hibernis

950 1687 1053 1716 movit.
1075 1685 1128 1716 Ibi
1146 1684 1181 1716 in
1197 1684 1298 1716 variis
1313 1683 1519 1717 lectionibus
1539 1697 1621 1717 eno-

949 1744 1057 1769 tatum
1077 1749 1084 1770 :
1107 1746 1138 1768 et
1158 1738 1340 1775 Hannibal,
1363 1743 1428 1770 etc.
1447 1735 1541 1781 quod
1555 1737 1622 1771 for-

949 1796 1037 1822 tasse
1061 1788 1264 1834 genuinum.
1286 1790 1320 1823 S.
1332 1810 1378 1814 -—
1390 1791 1479 1821 Libri
1496 1800 1526 1822 et
1544 1804 1621 1822 ora-

950 1844 1049 1873 tiones
1057 1842 1222 1887 rescripta
1234 1850 1266 1875 et
1276 1841 1411 1875 decreta
1423 1842 1619 1888 principum

949 1895 1116 1939 appellari
1135 1895 1304 1928 solebant.
1321 1896 1370 1928 Ea
1385 1895 1620 1940 praelegeban·

949 1954 1004 1979 tur
1013 1947 1047 1979 in
1059 1956 1179 1980 senatu
1190 1960 1209 1980 a
1218 1955 1386 1992 quaestore
1395 1947 1617 1981 Caesaris.ED.

993 2019 1039 2025 --
1053 2004 1163 2038 Dono,
1193 2013 1335 2032 munere.
1352 2025 1359 2032 .
1374 2025 1381 2032 .
1399 2001 1527 2031 ..renii5.
1555 1999 1618 2031 Hic

947 2053 1034 2085 forte
1053 2052 1167 2085 locum
1183 2051 1309 2085 habeat
1326 2051 1385 2084 illa
1401 2051 1526 2083 horum
1547 2063 1620 2083 ver·

947 2105 1073 2138 borum
1087 2104 1285 2138 differentia
1296 2129 1304 2145 ,
1320 2116 1426 2150 quam
1441 2103 1545 2136 tradit
1560 2104 1619 2136 Ul-

947 2157 1069 2202 pianus
1092 2157 1116 2190 l.
1146 2156 1303 2197 CXCIV,
1332 2156 1376 2189 de
1397 2157 1442 2188 V.
1467 2157 1501 2190 S.
1522 2156 1617 2202 quod

948 2224 1059 2242 munus
1073 2210 1115 2243 sit
1130 2212 1249 2242 donum
1264 2224 1334 2242 cum
1345 2223 1476 2248 caussa,
1494 2219 1618 2252 utpulcz

947 2265 1151 2300 nataliciam,
1172 2264 1403 2305 mtptialicium.
1423 2263 1528 2293 Xenia
1544 2274 1615 2294 non

947 2314 1068 2347 melius
1084 2314 1340 2359 intelliguntur,
1359 2326 1463 2359 quam
1477 2326 1517 2346 ex
1529 2314 1615 2346 XIII

944 2368 1127 2401 Martialis.
1148 2368 1233 2402 Sunt
1255 2367 1419 2399 nimirum
1442 2366 1616 2399 esculenta

945 2428 977 2453 et
990 2421 1175 2465 poculenta
1192 2419 1304 2459 varia,
1325 2418 1384 2452 sed
1404 2430 1478 2463 quae
1498 2425 1613 2451 tamen

944 2486 985 2506 ex
1006 2473 1196 2517 quantitate
1216 2480 1306 2504 certe
1325 2471 1471 2516 pretium
1486 2470 1613 2503 habere

943 2533 1101 2570 possunt,
1115 2533 1152 2557 ut
1160 2527 1273 2568 piper,
1296 2526 1382 2556 alica
1394 2548 1404 2561 ,
1415 2524 1487 2566 far,
1500 2525 1610 2568 ficus,

943 2581 1045 2615 casei,
1068 2580 1149 2609 mimz
1162 2577 1245 2609 varii
1259 2575 1410 2621 generis,
1427 2582 1492 2607 etc.
1509 2574 1552 2607 G.

990 2632 1023 2663 8.
1043 2631 1164 2662 Illicita
1174 2653 1294 2660 ......
1299 2630 1467 2671 pudenda.
1492 2630 1609 2660 Illicz'ca

942 2691 1021 2715 sunt
1036 2708 1043 2721 ,
1073 2683 1204 2727 legibus
1228 2681 1375 2727 publicis
1404 2679 1505 2712 vetita
1524 2691 1532 2720 3
1548 2693 1609 2722 pu-

942 2738 1066 2773 denda,
1097 2748 1115 2768 a
1142 2733 1267 2780 quibus
1293 2733 1480 2766 honestatis
1508 2745 1609 2766 sensu
