1742 2989
185 191 247 236 60

618 192 928 235 C.PL1NII
961 193 1087 234 LIB.
1124 193 1158 234 Ι.

187 271 376 333 epistolae
397 274 721 328 necessitate1n3
743 274 777 316 si
799 272 1074 327 dissentires,
1094 271 1353 332 longissimae
1376 271 1590 333 imposui?

186 345 308 390 Vale.

187 480 301 507 autem
336 473 393 506 hic
430 471 530 505 dolus
568 472 789 506 suavissimus
824 481 858 507 et

188 525 336 559 maxime
359 525 515 559 amabilis
532 551 540 566 ‚
564 538 633 571 quo
652 526 739 572 cogit
759 526 858 559 Taci-

186 584 260 610 tum
274 603 282 618 ,
302 576 473 623 quidquid
494 578 638 617 sentiat,
658 578 857 624 longissima

187 630 330 675 epistola
353 631 562 670 rescribere,
582 644 624 664 ne
645 632 858 665 accusationi

186 682 303 716 locum
314 682 370 715 det
383 708 390 723 ‚
402 684 563 716 maluisse
578 684 742 717 assentari
751 697 857 730 quam

189 734 330 780 longam
344 735 521 781 epistolam
536 737 697 769 scribere.
715 736 758 769 G.

233 808 278 812 —
292 791 517 821 Necessitatem
527 814 533 820 .
549 814 557 821 .
573 815 580 821 .
591 792 735 833 imposui.
752 789 858 822 Gieri-

187 839 262 885 gius
281 851 289 873 :
314 857 327 870 α
340 841 504 875 Formula
523 845 742 875 necessitatem
759 845 859 886 impo-

923 491 938 502 «
953 476 1003 506 sui
1020 473 1158 519 proprie
1176 485 1245 506 non
1264 470 1423 505 convenit
1441 471 1505 504 nisi
1523 473 1593 503 Zon-

925 529 1109 571 «gissimcc,
1138 524 1220 565 sed,
1247 532 1284 558 ut
1310 523 1371 564 fit,
1396 536 1592 557 accommo-

925 596 938 608 κ
952 578 1031 612 data
1044 578 1146 611 etiam
1158 585 1206 610 est
1219 579 1311 610 brevi.
1324 593 1336 605 ιι
1350 574 1593 617 Quidnietiam

922 631 1018 665 brevi
1032 630 1169 677 proprie
1179 627 1381 663 conveniat?
1394 627 1501 660 Modo
1514 627 1595 672 legi-

923 697 1001 718 nius
1020 696 1027 716 ;
1049 697 1147 728 quam
1164 686 1254 715 voles
1273 683 1357 714 brevi
1370 683 1522 724 epistola,
1540 681 1599 712 sed

925 748 1030 770 tamen
1049 738 1160 768 scribe.
1177 734 1218 768 Id
1236 734 1294 780 qui
1311 733 1461 766 alterum
1477 732 1594 779 jubet,

923 789 1161 823 necessitatem
1185 788 1213 820 ei
1240 786 1389 833 imponit
1416 785 1594 818 literarum

924 842 1082 888 quamvis
1098 840 1269 874 brevium.
1291 840 1325 873 S.

194 972 252 984 m
258 970 1587 987 mmusmmmmmsvv-xzsmmwsmmsw-tnmwsmwsm

804 1109 983 1163 XXI.

188 1258 326 1294 Servos
356 1257 514 1294 consilio
549 1257 699 1294 Paterni
731 1266 901 1307 emptos,
931 1257 1111 1295 decentes
1140 1271 1219 1294 esse
1248 1256 1408 1293 scribit:
1434 1263 1476 1291 ut
1502 1254 1599 1304 frugi

776 1321 871 1367 sint,
892 1330 1011 1371 optat.

349 1459 388 1489 C.
427 1459 658 1489 PLINIUS
694 1460 894 1489 PLINIO
930 1460 1195 1489 PATERNO
1222 1442 1242 1463 ἰ
1269 1458 1371 1487 SUO
1407 1458 1442 1486 S.

256 1578 331 1621 UT
361 1578 493 1620 animi
523 1578 587 1620 tui
612 1576 800 1636 judicio,
821 1578 882 1620 sic
910 1577 1138 1620 oculorum
1165 1576 1405 1637 plurimum
1432 1574 1601 1638 tribuo:

192 1666 280 1693 non
298 1649 400 1710 quia
414 1648 601 1693 inultum
617 1648 689 1707 (ne
711 1650 789 1693 tibi
811 1649 1018 1710 placeas),
1041 1649 1114 1692 sed
1136 1649 1238 1709 quia
1258 1657 1453 1701 tantuin,
1473 1661 1604 1705 quan-

150 1746 165 1765 2
192 1734 285 1767 tum
300 1740 381 1784 ego
393 1758 403 1778 ‚
421 1724 535 1783 sapis
552 1741 560 1766 :
581 1740 848 1783 quamquam
863 1723 947 1766 hoc
964 1738 1140 1783 quoque
1156 1720 1344 1764 multum
1361 1729 1437 1762 est.
1458 1717 1604 1762 Omis-

192 1797 247 1840 sis
268 1797 377 1856 jocis
394 1831 405 1849 ‚
433 1795 563 1839 credo
589 1795 790 1839 decentes
816 1813 906 1839 esse
932 1812 1103 1849 servos,
1121 1794 1196 1855 qui
1217 1803 1318 1837 sunt
1338 1792 1473 1852 empti
1496 1790 1603 1834 mihi

192 1885 245 1911 ex
267 1867 448 1913 consilio
473 1879 561 1912 tu0.
590 1871 826 1929 Superest,
853 1879 901 1913 ut
926 1869 1041 1929 frugi
1068 1868 1155 1911 sint
1180 1884 1188 1910 :
1219 1865 1337 1925 quod
1362 1865 1415 1908 de
1438 1862 1602 1907 venali·

192 1942 272 1985 bus
288 1977 299 1997 ‚
326 1942 479 1986 melius
502 1942 706 1994 auribus,
732 1959 865 2003 quam
891 1941 1027 1985 oculis
1045 1976 1056 1996 ‚
1080 1940 1318 2001 judicatur.
1348 1935 1472 1981 Vale.

238 2069 505 2101 XXI.*Paterno.
522 2068 688 2101 Nonnulli
702 2071 863 2100 Materno.

194 2119 311 2153 Plures
328 2146 336 2160 ,
363 2129 394 2153 et
426 2121 544 2166 scripti
568 2128 600 2153 et
622 2120 726 2160 editi,
758 2123 862 2152 Plinio

197 2176 350 2204 Paterno.
364 2173 427 2205 EI).

242 2237 273 2256 2.
287 2229 439 2257 Dec-entes
451 2250 458 2261 .
477 2225 658 2258 formosos.
676 2224 861 2257 Venalium

931 2079 1108 2100 servorum
1126 2063 1302 2098 denudata
1317 2062 1471 2095 membra
1485 2061 1604 2106 singu-

930 2120 1026 2153 latim
1059 2118 1204 2164 spectari
1241 2117 1285 2148 ab
1320 2114 1532 2160 emptoribus
1570 2119 1604 2145 et

930 2172 1135 2204 contrectari
1154 2169 1309 2203 solebant
1323 2193 1331 2207 ,
1348 2180 1390 2200 ne
1406 2179 1473 2212 qua
1489 2164 1606 2197 vendi-

929 2233 1044 2257 torum
1059 2222 1181 2256 fraude
1195 2221 1448 2267 deciperentur.
1466 2218 1533 2252 En.

795 2376 1016 2391 <w2
