1742 2989
147 463 165 495 Q}

644 232 691 272 C.
730 228 954 271 PLINII
990 229 1113 271 le'.
1150 229 1232 270 lv.

191 311 348 353 natori.
375 312 476 371 Egit
498 310 568 354 ille
594 312 638 354 in
663 319 815 354 senatu
837 325 1031 352 caussam
1053 325 1176 352 suam
1200 325 1208 350 ε
1233 308 1323 368 egit
1345 316 1488 350 autem
1513 308 1591 362 sic,

193 392 239 425 ut
265 382 587 444 deprecaretur.
616 383 811 427 Remissa
841 391 905 425 est
928 381 1065 426 multa
1093 398 1103 425 ε
1130 380 1204 425 sed
1228 380 1398 435 timuit,
1420 380 1494 424 sed
1519 397 1590 423 ro-

192 456 332 516 gavit,
359 456 430 498 sed
461 472 570 516 opus
599 455 725 499 venia
755 454 851 498 fuit.
882 455 1035 507 Dices,
1060 457 1169 500 Nost
1199 470 1349 497 onmes
1366 464 1592 515 praetores

193 540 283 572 tam
302 533 452 573 severi.
480 528 679 583 Fallerisg
698 545 799 572 nam
819 527 885 572 vel
905 526 1227 582 instituere‚vel
1251 526 1457 570 reducere
1479 526 1590 585 ejus-

194 601 312 645 modi
335 601 580 663 exemplum
594 638 605 655 ,
627 619 715 645 non
735 602 817 645 nisi
838 601 973 644 severi
989 617 1001 655 3
1020 600 1265 643 institutum
1281 635 1292 655 ‚
1312 598 1594 642 reductumve

193 229 280 282 264

194 691 416 729 exercere,
438 675 566 718 etiam
595 674 800 718 lenissimi
827 682 1021 734 possunt.
1039 671 1159 715 Vale.

195 820 271 842 tam.
288 811 385 842 Rom.
404 814 527 841 Praecor
541 823 617 841 acer
629 811 764 853 ecjoreis
781 810 858 839 mul-

195 872 289 894 ctam.
312 863 387 895 Non
405 861 499 895 adest
517 865 576 894 vir.
596 862 640 895 H.

244 915 274 947 3.
291 918 365 946 Non
380 928 486 946 omnes
498 925 653 958 praetores
673 926 738 948 cam
753 918 858 948 severi.

924 812 972 844 Ut
998 811 1111 844 multae
1142 810 1227 842 mihi
1255 808 1399 843 cessanti
1434 808 1596 852 irrogatio

926 862 1110 897 metuenda
1131 863 1183 896 sit.
1203 862 1256 895 Ad
1276 863 1343 895 hoc
1359 862 1505 894 refertur
1522 863 1595 892 Fal-

927 920 1006 949 leris.
1028 917 1061 950 S.

211 1049 386 1059 ssa-§muts
393 1049 425 1059 νι
433 1049 1309 1061 sxmmwummmmmm—-nswvxwmwssx
1315 1049 1330 1058 -ι
1336 1048 1474 1058 ιιπὶιιιι
1480 1047 1593 1057 numm

786 1174 1005 1230 XXX.

204 1323 338 1359 Miram
362 1332 533 1359 naturam
561 1323 672 1360 fontis
698 1324 732 1359 in
758 1324 932 1360 Comensi
957 1336 1048 1373 agro
1072 1331 1220 1368 narrat,
1244 1322 1349 1372 cujus
1374 1334 1542 1358 caussam
1567 1329 1602 1357 et

257 1388 335 1436 ipse
356 1387 530 1436 inquirit,
547 1396 582 1424 et
600 1386 863 1436 inquirendam
881 1387 1140 1431 commendat3
1162 1387 1226 1424 sed
1244 1387 1283 1423 in
1300 1387 1363 1423 illa
1382 1384 1603 1436 explicanda

258 1452 396 1487 frustra
411 1460 447 1487 ct
464 1451 595 1488 misere
613 1451 783 1487 desudat.
806 1455 873 1488 En.

493 1590 532 1617 C.
574 1589 803 1618 PLINIUS
838 1589 1058 1618 LICINIO

1096 1574 1112 1590 a*

1150 1589 1250 1617 SUO
1287 1590 1318 1616 S.

272 1711 445 1752 ATTULt
468 1709 545 1751 tibi
569 1725 620 1751 ex
641 1709 781 1768 patria
807 1724 902 1751 mea
927 1725 1006 1767 pro
1025 1707 1284 1751 munusculo
1306 1707 1607 1766 quaestionem,

256 1842 527 1875 XXX.*Licinius
542 1845 633 1872 Sura.
651 1840 792 1873 Summa
809 1839 877 1872 fide

212 1903 314 1940 atque
328 1894 477 1927 amicitia
488 1894 694 1939 conjunctus
706 1893 857 1937 Trajano
869 1917 877 1932 ,

212 1948 271 1992 qui
286 1960 363 1980 eum
382 1946 535 1991 praefecit
549 1945 747 1978 cohortibus
763 1952 881 1989 praeto:

212 2000 318 2032 rianis
332 2024 340 2039 ,
366 1999 639 2043 defunctumque
665 1997 801 2042 publica
832 2009 881 2029 se-

213 2053 353 2097 pultura
366 2059 468 2096 atque
483 2059 595 2084 statua
609 2050 716 2095 posita
733 2050 879 2082 honora-

214 2104 273 2136 vit.
288 2105 354 2137 ΕΒ.
370 2125 414 2128 --
427 2104 531 2135 inser.
547 2104 643 2135 Rom.
659 2106 756 2134 Suroe.
776 2103 820 2135 H.
835 2122 880 2126 -—

216 2156 333 2189 Fontis
346 2181 354 2195 ,
366 2156 409 2189 dc
420 2168 488 2201 quo
502 2155 558 2188 hie
573 2155 684 2199 agitur
696 2181 704 2195 ‚
720 2163 881 2187 naturam

215 2209 375 2255 explicuit
393 2220 537 2253 magnus
552 2214 725 2252 geometra
739 2232 746 2246 ‚
760 2208 883 2251 Segne-

214 2275 273 2294 rus
287 2287 295 2302 ‚
310 2261 363 2293 his
379 2260 490 2293 verbis
507 2271 514 2292 :
538 2261 628 2292 «Vas
648 2272 729 2304 cape
752 2258 884 2304 quodli-

217 2316 271 2347 bet
285 2314 497 2359 perforatum
515 2312 556 2345 ad
575 2313 726 2356 aliquam
740 2324 758 2344 a
774 2310 883 2344 fundo

217 2366 433 2399 altitudinem
445 2390 453 2404 ,
470 2373 502 2398 et
519 2365 547 2397 si
564 2365 658 2397 lubet
669 2390 678 2404 ,
698 2377 767 2397 non
783 2364 883 2408 longe

217 2433 235 2452 a
256 2432 417 2465 supremo
433 2419 584 2463 margine
599 2430 660 2462 per
675 2417 828 2449 foramen
844 2416 884 2449 si-

217 2473 369 2518 phonem
383 2471 575 2504 transmitte
589 2495 597 2509 ‚
613 2470 659 2501 ita
671 2477 707 2501 ut
721 2482 798 2502 crus
811 2469 884 2514 ejus

219 2524 356 2557 brevius
387 2524 480 2556 intra
503 2535 562 2555 vas
579 2547 587 2561 ,
620 2521 663 2554 ad
688 2522 839 2566 aliquam
865 2534 884 2554 a

218 2577 327 2609 [undo
353 2576 547 2609 distantiam
563 2599 571 2612 ‚
590 2582 699 2619 pateat
717 2599 724 2613 ,
752 2574 884 2618 longius

219 2638 311 2661 extra
338 2628 422 2661 illud
448 2628 615 2661 habeatur
633 2652 640 2666 ,
670 2634 701 2658 et
730 2626 883 2659 foramen

221 2682 311 2714 eirca
349 2680 527 2725 siphonem
558 2678 712 2712 occlude.
747 2677 885 2710 Adfluat

221 2733 343 2766 deinde
356 2733 387 2765 in
399 2746 456 2766 vas
468 2745 556 2777 aqua
568 2731 687 2776 aequali
701 2730 882 2763 celeritate.

946 1844 1105 1885 Assurget
1119 1841 1154 1872 in
1165 1852 1244 1873 vase
1258 1838 1465 1885 pedetentim
1476 1864 1484 1879 ‚
1500 1838 1609 1872 donec

947 1892 1124 1937 siphonem
1143 1899 1252 1924 totum
1271 1900 1380 1937 tegat,
1400 1892 1514 1937 itaque
1531 1904 1609 1924 eum

947 1945 1089 1990 replebit
1100 1969 1108 1984 ‚
1120 1957 1158 1978 ac
1169 1945 1241 1990 jam
1255 1956 1345 1990 aqua
1358 1957 1417 1989 per
1433 1944 1610 1988 siphonem

948 1998 1159 2030 effundetur.
1174 1996 1277 2038 Quod
1292 1997 1319 2029 si
1332 2009 1414 2040 ergo
1429 1996 1526 2040 sipho
1540 1996 1612 2041 ejus

948 2049 1049 2082 fuerit
1063 2057 1241 2082 structurae
1252 2073 1260 2087 ‚
1276 2055 1313 2080 ut
1326 2047 1446 2081 eodem
1461 2055 1612 2092 tempore

946 2102 1023 2147 plus
1041 2113 1136 2147 aquae
1155 2100 1295 2139 fundat,
1312 2113 1416 2145 quam
1433 2100 1469 2132 in
1485 2112 1543 2132 vas
1560 2112 1613 2132 ac-

947 2155 1052 2195 cedit,
1062 2154 1234 2187 decrescet
1245 2152 1452 2198 pedetentim
1464 2164 1560 2197 aquae
1569 2151 1615 2184 al-

947 2207 1079 2246 titudo,
1105 2206 1215 2239 donec
1240 2219 1259 2238 a
1277 2205 1420 2250 siphone
1444 2217 1515 2237 non
1544 2216 1613 2236 am-

948 2261 1035 2306 plius
1054 2259 1284 2303 contingatur.
1309 2259 1388 2290 Jam
1416 2257 1506 2290 enim
1537 2268 1614 2289 aere

947 2312 1095 2357 repletus
1106 2311 1205 2356 sipho
1216 2323 1315 2356 agere
1326 2309 1474 2348 desinet,
1484 2316 1518 2341 et
1526 2320 1614 2354 aqua

948 2365 982 2397 in
1005 2377 1085 2397 vase
1108 2371 1263 2409 assurget
1287 2362 1422 2402 denuo,
1442 2360 1524 2394 dum
1545 2372 1590 2392 eae
1604 2384 1613 2399 ‚

950 2430 1036 2462 quas
1051 2420 1121 2464 jam
1142 2415 1289 2448 diximus
1308 2413 1522 2447 conditiones
1536 2437 1544 2452 ‚
1565 2423 1616 2444 re-

951 2469 1065 2503 deant.
1092 2470 1214 2514 Sicque
1226 2493 1234 2507 ‚
1264 2468 1289 2500 si
1316 2466 1471 2499 adfluxus
1497 2477 1614 2509 perpe-

950 2531 1028 2555 tuus
1052 2522 1172 2561 fuerit,
1190 2520 1290 2553 etiam
1314 2519 1443 2551 alterna
1464 2528 1560 2562 aquae
1579 2517 1614 2548 in

951 2588 1029 2607 vase
1046 2575 1254 2607 incrementa
1275 2579 1376 2615 atque
1396 2568 1614 2601 decrementa

952 2628 1078 2672 absque
1099 2626 1166 2657 fine
1184 2623 1358 2657 redibunt.
1378 2620 1445 2654 Sed
1463 2633 1552 2666 aqua
1574 2633 1615 2653 ex

953 2692 1031 2712 vase
1052 2677 1220 2711 constanti
1245 2682 1362 2707 tenore
1387 2685 1454 2705 non
1471 2672 1585 2705 effluet
1605 2684 1612 2704 :

953 2730 1043 2775 quod
1058 2732 1166 2776 ipsum
1179 2737 1290 2761 tamen
1304 2752 1311 2765 ⁷
1325 2726 1350 2758 si
1365 2726 1446 2759 wlis
1458 2726 1592 2758 efficere
1606 2749 1613 2761 .,
