1742 2989
207 180 296 225 328
612 180 662 222 C.
699 176 923 221 PLINII
957 176 1082 219 LIB.
1123 177 1204 219 Vl.

205 262 316 305 bene
347 260 449 303 fecit
477 258 692 320 Regulus,
719 259 836 319 quod
873 268 935 301 est
963 267 1187 310 mortuus,
1215 254 1395 309 melius,
1425 256 1460 297 si
1491 264 1602 298 ante.

204 337 337 379 'Nunc
364 336 477 377 enim
506 350 607 377 sane
634 342 805 393 poterat
827 332 918 374 sine
944 330 1058 374 malo
1083 329 1260 390 publico
1284 329 1428 371 vivere
1450 327 1529 370 sub
1554 343 1605 370 eo

207 409 428 467 principe,
455 408 533 450 sub
561 423 648 466 quo
675 422 832 449 nocere
861 421 949 448 non
976 412 1160 464 poterat.
1187 402 1291 445 Ideo
1316 401 1378 444 fas
1403 410 1492 453 est,
1515 416 1606 442 non

163 490 177 498 ⁹
207 498 434 541 nunquam
466 497 562 523 eum
594 495 801 539 quaerere.
824 479 936 522 Nam
958 486 1186 537 postquam
1215 475 1322 518 obiit
1349 473 1443 528 ille,
1469 472 1607 515 incre-

206 555 302 597 buit
340 555 498 613 passim
536 563 577 595 et
615 550 798 601 invaluit
833 548 1127 602 consuetudo,
1157 548 1281 591 binas
1315 544 1382 589 vel
1416 542 1609 604 singulas

208 626 479 686 clepsydras,
508 624 727 668 interdum
762 633 805 666 et
841 622 1062 672 dimidias,
1100 630 1142 663 et
1175 620 1306 663 dandi
1339 629 1382 662 et
1419 616 1608 678 petendi.

208 702 322 742 Nam
360 709 399 742 et
433 700 507 759 qui
543 698 717 751 dicunt,
753 697 890 757 egisse
922 694 1090 738 malunt
1121 709 1251 754 quam
1284 708 1437 752 agere;
1464 700 1507 733 et
1535 690 1611 749 qui

209 772 418 826 audiunt,
446 771 571 814 finire
606 786 737 830 quam
765 769 976 829 judicare.
1002 769 1139 810 Tanta
1171 765 1458 827 negligentia,
1489 771 1611 806 tanta

209 844 396 898 desidia,
422 853 543 886 tanta
579 842 767 902 denique
804 842 1086 884 irreverentia
1119 840 1361 884 studiorum
1392 835 1613 898 periculo-

210 933 395 976 rumque
425 926 502 959 est.
540 916 604 958 An
635 931 712 958 nos
738 914 1021 974 sapientiores
1047 913 1286 973 majoribus
1315 909 1507 954 nostris?
1533 925 1612 952 nos

209 988 377 1049 legibus
404 988 507 1048 ipsis
531 988 760 1047 justioreS,
786 1003 880 1047 quae
907 996 971 1029 tot
996 987 1151 1038 horas,
1176 995 1241 1028 tot
1268 984 1383 1039 dies,
1407 991 1472 1026 tot
1498 997 1614 1024 com-

209 1061 593 1121 perendinationes
620 1058 897 1120 largiuntur?
919 1059 1096 1102 hebetes
1123 1057 1184 1100 illi
1208 1067 1250 1100 et
1276 1072 1407 1116 supra
1431 1054 1613 1098 modum

211 1132 357 1176 tardi?
385 1150 463 1176 nos
495 1134 688 1193 apertius
719 1132 929 1184 dicimus,
957 1131 1141 1175 celerius
1171 1128 1480 1189 intelligimus,
1515 1126 1615 1170 reli-

212 1208 374 1267 giosius
399 1207 674 1265 judicamus,
702 1206 775 1266 qui
804 1205 1081 1265 paucioribus
1111 1202 1344 1263 clepsydris
1367 1201 1616 1262 praecipita-

169 1302 183 1311 -
211 1297 308 1323 mus
334 1295 533 1333 caussas,
556 1295 687 1338 quam
714 1278 866 1321 diebus
889 1276 1096 1336 explicari
1121 1273 1347 1319 solebant?
1369 1276 1408 1317 O
1429 1271 1617 1333 Regule‚

213 1353 287 1413 qui
315 1352 554 1395 ambitione
580 1351 633 1394 ab
663 1350 866 1393 omnibus
893 1349 1122 1392 obtinebas
1139 1383 1150 1403 ,
1177 1348 1295 1408 quod
1323 1346 1424 1400 fidei
1450 1347 1617 1406 paucis-

213 1426 309 1469 simi
332 1421 554 1485 praestantl
576 1422 789 1483 Equidem
808 1422 978 1482 quoties
994 1418 1305 1481 juclico,1jquod
1330 1419 1483 1478 saepius
1506 1417 1617 1461 facio

214 1515 344 1557 quam
376 1498 497 1549 dico,
529 1505 743 1555 quantum
775 1494 872 1553 quis
902 1493 1140 1553 plurimum
1170 1481 1361 1552 postulat
1392 1507 1513 1551 aquae
1544 1490 1614 1533 do.

214 1570 388 1614 Etenim
416 1568 698 1611 temerarium
723 1567 948 1617 existimo,
975 1566 1168 1608 divinare
1195 1581 1325 1625 quam
1353 1565 1540 1625 spatiosa
1566 1565 1620 1606 sit

217 1658 365 1686 caussa
387 1641 605 1694 inaudita,
628 1650 886 1699 tempusque
913 1639 1090 1699 negotio
1117 1637 1266 1693 finire,
1289 1637 1414 1697 cujus
1439 1636 1619 1680 modum

262 1808 308 1813 —
329 1790 423 1819 Nunc
450 1788 531 1818 enim
563 1798 639 1816 sane
661 1794 793 1827 poterat
817 1786 884 1815 sine

218 1843 312 1873 malo.
338 1841 435 1871 Rom.
465 1843 550 1870 Tunc
571 1840 653 1868 enim
670 1847 803 1880 poterat
819 1838 886 1868 sine

219 1896 316 1925 malo.
337 1892 438 1924 Male.
455 1891 499 1924 H.
515 1911 560 1915 ——
578 1893 701 1921 Nocere
718 1903 781 1921 non
795 1898 887 1932 pote-

219 1956 279 1977 rat.
312 1944 500 1978 Caluinniis
515 1970 524 1985 ,
558 1942 789 1975 delationibus
806 1967 814 1981 ‚
852 1948 890 1973 ut

219 2005 299 2029 ante
312 1997 499 2029 Domitiani
515 2003 671 2028 mortem.
688 1994 770 2027 Vid.
786 2006 889 2039 supra

220 2051 257 2089 Ῑ,
274 2050 307 2089 5,
323 2049 397 2082 init.
413 2049 456 2081 G.

268 2122 312 2125 —
323 2103 464 2144 Ideofas
483 2111 537 2132 esc.
553 2101 651 2132 Rom.
673 2101 716 2131 ld
732 2099 890 2142 eoquesas

223 2164 278 2186 est.
294 2153 338 2185 H.

261 2206 278 2238 5
287 2232 293 2238 .
304 2208 586 2247 Ναιηροεῐᾳιιαιη,
600 2211 665 2236 etc.
674 2204 772 2235 Rom.
786 2203 891 2235 »Nam

223 2266 404 2304 postquam
427 2257 529 2295 abiit,
550 2256 608 2288 illa
629 2255 795 2289 increbuit
815 2268 893 2300 pas-

224 2311 288 2343 sim
297 2308 713 2343 etinvaluitconsuetudo.
721 2308 894 2340 »Verbum

226 2366 306 2395 abiit
330 2375 398 2396 non
428 2361 575 2400 damno,
600 2361 642 2394 de
665 2374 734 2405 quo
760 2360 829 2392 dixi
851 2359 895 2392 ad

228 2415 399 2448 Vechnori
413 2414 615 2447 hellenolex.
633 2415 667 2453 I,
684 2425 760 2457 cap.
776 2413 822 2452 V,
838 2425 891 2458 pr.

228 2480 304 2512 pag.
336 2469 426 2508 483:
456 2469 511 2498 illa
535 2479 617 2498 vero
643 2478 681 2498 ex
708 2468 759 2496 ille
783 2478 898 2498 corru-

228 2529 325 2565 ptum
339 2528 388 2552 est
402 2545 410 2559 ,
429 2519 557 2564 alioqui
577 2525 776 2562 sequeretur
792 2527 834 2549 ut.
851 2517 895 2549 H.

276 2594 319 2597 —-
330 2575 436 2604 Finine
449 2585 544 2614 quam
551 2573 712 2615 judicare.
727 2571 823 2601 Rom.
845 2571 898 2600 Fi-

232 2628 294 2656 uiri
319 2638 414 2667 qnam
439 2627 599 2667 judicare.
631 2621 764 2656 Deinde
788 2624 898 2652 irreve-

238 2680 335 2709 ”mnia
366 2679 538 2710 studiorum
573 2691 582 2708 .·
619 2686 694 2719 quae
727 2672 896 2706 scribendi

949 1783 1037 1815 ratio
1058 1781 1332 1827 frequentissime
1350 1781 1387 1813 in
1410 1780 1476 1814 hoc
1501 1779 1621 1813 codice

953 1842 1085 1869 servata
1103 1843 1162 1867 est.
1182 1834 1227 1866 H.

1000 1908 1044 1912 ——
1054 1889 1343 1928 Periculorumque.
1356 1885 1482 1917 Notum
1498 1892 1546 1916 est
1559 1891 1623 1916 sta-

953 1948 1027 1972 tum
1054 1951 1190 1972 reorum
1210 1939 1347 1981 periculi
1373 1936 1512 1968 nomine
1537 1947 1623 1980 saepe

954 1992 1070 2026 venire
1101 1990 1194 2035 apud
1222 1989 1422 2022 Ciceronem
1453 2000 1460 2020 :
1495 1986 1553 2020 sed
1576 1987 1624 2019 vi-

954 2043 1100 2077 debatur
1125 2041 1229 2081 mihi,
1256 2040 1300 2073 ad
1325 2048 1495 2073 oratorem
1523 2040 1625 2072 et-iam

957 2097 1025 2129 sive
1047 2103 1233 2141 patronum
1255 2092 1311 2125 hic
1338 2092 1484 2138 respici,
1505 2092 1564 2137 qui
1593 2099 1627 2124 et

957 2150 1030 2195 ipse
1049 2150 1182 2180 dimicat
1196 2148 1341 2190 defama
1362 2144 1462 2185 fidei,
1484 2143 1626 2188 diligen-

957 2202 1010 2234 tiae
1024 2227 1032 2241 ‚
1057 2198 1258 2244 eloquentiae
1270 2225 1278 2240 ‚
1297 2210 1335 2230 ac
1355 2196 1500 2243 proinde
1517 2196 1552 2228 in
1567 2207 1625 2241 pe-

958 2253 1066 2287 riculo
1081 2260 1142 2285 est.
1159 2251 1202 2284 G.

1006 2309 1040 2339 6.
1059 2307 1120 2346 Qui
1131 2305 1339 2347 paucioribus
1357 2303 1540 2345 clepsydris,
1562 2307 1626 2331 etc.

959 2359 1057 2390 Rom.
1080 2375 1091 2386 «
1103 2357 1190 2397 Quia
1206 2354 1428 2400 paucioribus
1441 2350 1629 2397 clepsydris

960 2410 1215 2456 praecipitamus
1226 2419 1362 2440 caussas
1373 2431 1381 2446 ‚
1393 2417 1468 2451 quae
1478 2404 1627 2437 diebus.»

962 2463 1040 2496 Non
1058 2463 1170 2507 placet
1188 2473 1269 2504 quae.
1284 2459 1327 2491 H.

1011 2527 1043 2559 7.
1062 2517 1112 2546 Ab
1125 2516 1278 2546 omnibus.
1293 2512 1311 2544 J
1315 2509 1487 2544 udicibus.
1502 2508 1629 2538 Paucis-

963 2569 1054 2605 simi,
1072 2566 1219 2612 judices.
1247 2566 1358 2597 Locus
1387 2573 1501 2594 sanus.
1531 2559 1565 2592 S.
1585 2578 1631 2584 --

966 2621 1060 2661 Quod
1070 2619 1299 2662 soepiusfacio,
1322 2622 1384 2647 etc.
1403 2615 1499 2646 Rom.
1512 2609 1631 2652 «Quod

964 2672 1016 2704 vel
1031 2672 1151 2717 saepius
1168 2670 1274 2707 facio,
1291 2679 1393 2712 quam
1409 2665 1486 2699 dico
1502 2689 1509 2703 ‚
1524 2676 1630 2709 quan-
