1742 2989
674 183 1022 229 EPISTOLA
1060 183 1093 224 I.

1533 178 1595 241 69

183 271 329 316 felicis.
344 268 545 330 Triginta
564 266 690 310 annis
715 264 865 326 gloriae
891 280 978 309 suae
1003 263 1260 324 supervixit.
1280 261 1410 322 Legit
1433 262 1595 322 scripta
1623 287 1639 306 2

182 345 235 388 de
256 361 300 389 se
321 343 516 388 carmina
529 376 541 396 ‚
560 340 667 402 legit
685 336 890 383 historias
906 373 918 393 ‚
940 347 983 381 et
1002 335 1250 398 posteritati
1271 351 1358 379 suae
1378 333 1592 384 interfuit.

180 417 442 461 Perfunctus
461 425 525 459 est
544 414 674 458 tertio
694 411 925 457 consulatu
938 447 950 466 ⁷
968 420 1017 455 ut
1032 426 1254 454 summum
1268 407 1490 469 fastigium
1508 409 1596 469 pri-

180 491 269 534 vati
289 489 481 533 hominis
502 486 724 548 impleret,
742 502 881 547 quum
901 484 1111 546 principis
1131 482 1354 527 noluisset.
1379 484 1595 539 Caesares,
1624 494 1641 527 3

179 564 342 624 quibus
367 571 617 623 suspectus,
647 569 779 621 atque
807 559 938 603 etiam
970 558 1135 601 invisus
1163 555 1402 599 virtutibus
1429 554 1598 609 fuerat,

179 637 316 680 evasit
338 652 346 678 :
370 634 547 695 reliquit
569 632 835 678 incolumem
856 632 1078 694 optimum
1100 639 1231 690 atque
1250 629 1563 673 amicissimum
1584 664 1595 685 ‚

179 761 238 787 aut
255 754 453 800 imperium.
473 753 537 787 Ille
557 766 641 786 vero
660 753 762 786 minis
781 765 852 786 non

179 807 289 852 magis
303 819 409 852 quam
421 807 581 852 precibus
594 806 685 839 flecti
698 813 852 851 poterat;

178 867 210 892 et
225 860 262 892 in
278 859 432 894 carmine
445 872 585 905 quoque
596 884 606 900 ‚
621 859 718 906 quod
733 866 853 904 postea

177 913 336 958 sepulcro
363 925 426 945 suo
452 911 560 946 incidi
574 912 692 959 jussit,
711 925 752 946 eo
778 912 853 945 solo

176 965 317 999 nomine
331 965 546 1011 gloriabatur
557 990 566 1005 ‚
578 964 673 1011 quod
685 972 785 1010 parta
794 964 852 997 illa

175 1018 322 1052 victoria
349 1032 421 1051 non
453 1018 517 1051 sibi
542 1018 730 1064 imperium
762 1030 853 1051 asse-

176 1072 285 1104 ruerit
299 1096 308 1112 ,
329 1071 389 1105 sed
413 1071 554 1117 patriae;
569 1072 639 1111 IX,
663 1071 773 1116 Epist.
798 1082 851 1114 19.

175 1124 287 1170 Hujus
296 1125 383 1159 tanti
397 1125 461 1157 viri
473 1137 554 1170 opes
566 1137 637 1157 non
648 1124 854 1169 contempsit

175 1177 287 1211 Galba
305 1203 315 1218 ‚
344 1178 406 1211 sed
437 1178 558 1210 litteris
589 1190 669 1210 eum
694 1177 854 1210 invitavit

175 1230 220 1263 ad
239 1243 293 1264 res
310 1232 486 1265 Romanas
505 1230 684 1264 communi
707 1229 853 1264 consilio

174 1283 359 1325 curandas,
368 1284 635 1329 libertatemque
645 1284 764 1329 populi
774 1295 854 1316 con—

174 1336 394 1370 servandam.
415 1337 469 1371 Sic
493 1349 634 1382 quoque
658 1349 769 1382 quum
793 1348 852 1369 an-

174 1402 253 1435 ceps
271 1389 415 1423 haereret
426 1415 435 1431 ‚
449 1390 561 1423 Galba
578 1402 597 1422 a
613 1389 744 1423 Senatu
759 1401 851 1422 com-

172 1443 339 1488 probatus
353 1455 589 1477 successorem
603 1443 634 1476 ei
646 1442 740 1476 misit
753 1443 851 1476 Flac-

173 1507 254 1528 cum
278 1495 520 1530 Hordeonium
538 1521 548 1536 ,
576 1496 632 1528 cui
660 1496 850 1541 Verginius

172 1547 269 1581 haud
296 1556 436 1595 gravate
468 1549 656 1583 exereitum
681 1549 847 1591 tradidit,

171 1601 360 1648 Galbaeque
379 1604 524 1636 Romam
543 1602 779 1649 proficiscenti
794 1615 849 1636 co·

171 1655 292 1688 mitem
323 1668 358 1689 se
399 1655 567 1702 adjunxit.
601 1655 777 1689 Plutarch.
812 1656 848 1689 in

170 1707 284 1742 Galba
297 1721 376 1755 cap.
391 1710 457 1749 IV,
469 1713 489 1742 6
504 1734 512 1750 ,
530 1722 582 1742 10.
596 1708 753 1742 Alterum
767 1721 848 1742 con-

170 1761 323 1794 sulatum
337 1762 430 1795 Otho
450 1763 482 1796 ei
500 1762 626 1796 obtulit
643 1775 674 1795 a.
696 1775 732 1794 u.
755 1763 821 1796 823
838 1789 846 1803 ‚

170 1821 209 1846 ut
242 1813 410 1848 deleniret
445 1816 634 1848 exercitiun
667 1815 848 1849 Germani-

171 1879 276 1907 cum,
301 1867 370 1901 hoc
395 1881 457 1901 suo
483 1867 662 1914 quondam
688 1867 776 1901 duce
802 1868 848 1902 fe-

168 1920 295 1953 rociter
319 1922 588 1966 superbientem.
617 1921 757 1955 Othone
786 1934 846 1955 sua

168 1973 277 2019 ipsius
308 1986 417 2007 manu
452 1975 639 2008 interfecto
656 2000 665 2014 ‚
701 1975 736 2007 in
768 1987 847 2007 eum

169 2039 288 2060 rursus
312 2027 438 2061 milites
460 2027 575 2068 versi,
602 2035 639 2060 ut
661 2040 756 2061 nunc
785 2028 848 2061 sal-

169 2080 430 2125 temimperium
438 2081 636 2126 susciperet,
649 2081 847 2114 minitantes

168 2130 373 2177 flagitabant
383 2157 392 2172 ‚
407 2132 572 2179 domique
587 2144 654 2166 suae
669 2133 847 2166 obsessum

168 2186 333 2218 tenebant
355 2197 362 2218 ε
387 2185 447 2219 sed
466 2186 635 2232 propositi
654 2196 755 2219 tenax
781 2198 841 2232 per

169 2250 325 2271 aversam
344 2238 468 2272 domus
486 2247 621 2285 partem
640 2239 778 2284 elapsus
800 2239 842 2272 ir-

168 2299 369 2336 rumpentes
384 2291 517 2325 fefellit.
534 2293 619 2334 Quae
633 2305 688 2325 res
703 2292 733 2325 ei
746 2305 842 2337 paenc

167 2343 204 2376 in
223 2343 412 2389 perniciem
434 2345 546 2378 cessit.
572 2344 700 2378 Milites
725 2346 817 2378 enim
833 2371 841 2384 ‚

165 2404 335 2442 tanquam
347 2396 511 2437 fastiditi,
528 2398 564 2430 in
580 2410 716 2431 summa
735 2397 842 2430 admi-

165 2449 302 2483 ratione
327 2462 408 2483 eum
427 2449 539 2483 odisse
567 2458 745 2496 coeperunt
761 2476 770 2490 ‚
791 2457 842 2483 at-

165 2515 234 2548 que
253 2503 341 2536 adeo
364 2516 473 2549 quum
492 2516 573 2536 cum
592 2504 737 2549 posthac
761 2503 842 2536 insi-

165 2555 446 2589 diarumVitellio
458 2557 630 2589 factarum
642 2563 843 2601 suspectum

165 2608 334 2642 haberent
348 2635 357 2650 ,
378 2622 551 2642 concursu
576 2608 621 2641 ad
644 2610 812 2642 Caesarem
828 2633 837 2648 ‚

168 2662 225 2694 uhi
249 2662 338 2695 forte
357 2663 536 2702 coenabat,
558 2663 649 2695 facto
663 2688 672 2702 ,
691 2662 736 2695 ad
756 2675 835 2708 sup-

165 2713 306 2759 plicium
346 2715 643 2762 depoposcerunt,
678 2728 836 2761 aegreque

918 752 1062 786 cohibiti
1081 758 1172 785 sunt.
1188 750 1301 783 Tacit.
1323 749 1411 783 Hist.
1428 750 1445 782 I
1459 774 1468 789 ‚
1486 750 1506 783 8
1521 775 1530 790 ,
1551 763 1571 794 9
1585 775 1594 790 ,

917 817 985 850 773
1007 807 1064 845 II,
1095 809 1138 848 49
1154 829 1163 844 ,
1187 804 1227 837 51
1246 828 1254 843 ‚
1284 804 1342 837 68.
1366 802 1489 850 Magni
1513 815 1596 836 sane

916 857 1023 892 animi
1039 867 1113 892 erat
1126 884 1135 899 ‚
1154 869 1316 893 recusare
1339 868 1516 890 summum
1535 856 1596 889 ho-

916 924 1040 945 norem
1066 913 1167 945 toties
1187 911 1345 944 oblatum
1359 936 1368 951 ‚
1387 909 1430 943 de
1448 922 1518 955 quo
1538 910 1596 944 alii

916 965 949 997 vi
967 973 1000 998 et
1018 965 1122 999 armis
1140 965 1230 998 inter
1249 976 1283 997 se
1303 964 1505 1004 certabant3
1524 977 1597 997 ma-

916 1018 977 1062 gni
997 1018 1080 1051 item
1093 1043 1101 1059 ‚
1128 1031 1163 1051 se
1182 1015 1449 1052 accommodare
1465 1017 1595 1062 absque

917 1071 1014 1103 omni
1029 1071 1081 1105 vel
1100 1070 1246 1111 invidia,
1265 1069 1319 1103 vel
1338 1069 1512 1104 simultate
1529 1070 1570 1103 iis
1585 1096 1593 1110 ,

917 1124 1045 1169 quibus
1058 1124 1116 1157 ille
1130 1124 1327 1170 contigisset
1341 1135 1349 1163 ;
1366 1123 1485 1169 magni
1499 1122 1595 1156 deni-

917 1189 985 1222 que
996 1202 1005 1217 ‚
1017 1177 1128 1210 malos
1141 1178 1245 1210 etiam
1253 1176 1428 1222 Principes
1440 1201 1449 1216 ‚
1460 1176 1596 1209 virtuti-

916 1230 981 1263 bus
996 1229 1191 1264 invidentes
1202 1255 1210 1270 ‚
1228 1237 1345 1263 tenere
1362 1228 1595 1262 admiratione

917 1283 970 1316 sui
990 1292 1027 1317 et
1047 1284 1254 1317 reverentia.
1271 1283 1343 1315 Hos
1362 1282 1467 1327 igitur
1483 1295 1593 1328 quum

914 1337 1101 1370 incolumis
1113 1337 1289 1376 evasisset,
1301 1337 1416 1369 Nerva
1435 1348 1516 1369 eum
1529 1343 1595 1369 ter-

915 1389 963 1422 tio
978 1391 1163 1424 consulatu
1177 1389 1332 1430 ornavit,
1344 1397 1593 1435 mortuumque

913 1443 1052 1487 publico
1063 1451 1205 1488 sumptu
1214 1442 1331 1476 efferri
1338 1443 1452 1488 jussit.
1465 1443 1532 1475 ED.
1548 1464 1592 1469 —-

914 1497 1053 1528 Perinde
1069 1498 1189 1540 felicis.
1220 1496 1300 1529 Non
1325 1495 1439 1529 minus
1461 1495 1591 1536 felicis,

912 1561 1020 1594 quam
1045 1548 1164 1594 magni
1188 1556 1221 1582 et
1241 1547 1338 1581 clari.
1363 1547 1518 1589 Quidam
1534 1574 1542 1588 ‚
1564 1559 1595 1581 ec

905 1605 1048 1644 proinde
1057 1603 1168 1646 felicis
1180 1628 1188 1640 ,
1208 1610 1245 1635 ut
1264 1601 1331 1635 hoc
1352 1600 1415 1633 sibi
1428 1600 1508 1634 velit
1521 1626 1530 1642 ‚
1548 1602 1594 1634 ob

911 1655 947 1689 id
974 1657 1090 1703 ipsum
1115 1655 1250 1688 felicem
1277 1667 1350 1688 esse
1367 1679 1376 1694 ⁷
1397 1653 1493 1700 quod
1515 1654 1592 1687 talis

912 1708 1015 1742 etiam
1026 1722 1134 1748 mors,
1144 1716 1177 1742 et
1186 1709 1253 1742 tale
1264 1708 1369 1741 funus
1381 1720 1462 1741 eum
1473 1720 1592 1741 conse-

911 1771 1033 1796 cutum
1046 1762 1099 1795 sit.
1114 1762 1157 1795 G.

959 1829 991 1847 2.
1019 1817 1142 1847 Gloriae
1165 1828 1232 1847 511oe
1256 1816 1443 1858 supervixit.
1471 1815 1592 1859 Longe

912 1868 978 1902 alio
994 1881 1098 1901 sensu
1111 1893 1120 1907 ‚
1137 1880 1245 1913 quam
1261 1880 1324 1900 nos
1343 1879 1350 1900 :
1366 1869 1474 1899 seinen
1488 1869 1592 1900 Ruhm

913 1923 1099 1959 iiber-leben,
1122 1928 1159 1953 ut
1183 1919 1330 1954 ridicule
1354 1920 1458 1953 vertit
1475 1919 1590 1953 Schel-

912 1974 1018 2008 lerus.
1041 1974 1075 2007 S.

968 2048 1012 2052 ——
1045 2030 1137 2071 Legit
1160 2029 1281 2070 scripta
1306 2029 1347 2058 de
1371 2040 1403 2059 se
1428 2028 1587 2059 carmina.

911 2081 1009 2114 Rom.
1024 2082 1117 2123 Legit
1124 2082 1245 2122 scripta
1259 2082 1298 2111 de
1311 2093 1343 2111 se
1352 2082 1529 2123 garaunia.
1542 2079 1587 2112 H.

958 2154 1003 2157 —
1026 2136 1129 2175 Quum
1141 2134 1303 2176 principis
1321 2135 1484 2166 noluisset.
1508 2133 1590 2165 Post

910 2186 1054 2219 Neronis
1073 2185 1251 2218 interitum
1265 2210 1273 2226 ,
1289 2186 1375 2218 Tac.
1397 2185 1442 2218 H.
1465 2186 1500 2218 II
1513 2210 1522 2226 ‚
1541 2186 1561 2218 8
1578 2211 1587 2226 ,

907 2240 1033 2273 iterum
1050 2246 1129 2284 post
1143 2238 1319 2271 Othonem
1333 2263 1342 2279 ‚
1358 2237 1451 2272 idem
1466 2239 1510 2271 H.
1529 2240 1564 2271 II
1576 2263 1585 2279 ,

910 2292 965 2325 51.
983 2291 1074 2324 Adel.
1090 2299 1208 2325 noster
1220 2291 1313 2324 infra
1325 2292 1374 2324 IX
1385 2317 1394 2331 ‚
1414 2304 1452 2335 19
1468 2316 1477 2331 ‚
1498 2304 1528 2324 1.
1541 2292 1585 2325 G.

958 2347 986 2376 3.
1002 2347 1172 2387 Optimum.
1189 2345 1340 2378 Nervam
1356 2369 1363 2384 ,
1377 2343 1472 2390 quod
1484 2343 1587 2377 series

908 2397 982 2429 vitae
998 2397 1107 2430 nostri
1119 2396 1219 2431 docet
1231 2423 1239 2437 ,
1254 2405 1285 2430 et
1302 2397 1407 2430 Fasti.
1418 2398 1479 2430 Est
1494 2399 1587 2432 enim

909 2450 1077 2483 suffectus
1092 2450 1259 2495 Verginio
1270 2450 1424 2483 Tacitus.
1445 2450 1584 2497 Alioqui

909 2504 1100 2550 Trajanum
1125 2506 1280 2546 optimum
1307 2503 1406 2549 quasi
1430 2516 1494 2536 suo
1521 2517 1585 2537 no-

910 2556 1001 2589 mine
1025 2554 1093 2588 dici
1113 2563 1258 2589 constat.
1279 2557 1410 2588 Verum
1429 2556 1497 2589 hoc
1522 2569 1585 2589 110-

904 2622 984 2642 men
1023 2608 1125 2641 ctiam
1159 2610 1278 2642 Non-:e
1312 2608 1431 2642 tribuit
1466 2616 1583 2642 noster

904 2662 1032 2706 Paneg.
1066 2661 1243 2695 LXXXIX
1259 2687 1267 2702 ‚
1299 2674 1311 2694 1
1331 2674 1341 2702 ;
1357 2660 1425 2695 vid.
1442 2662 1566 2695 Vonck
1581 2689 1587 2695 .

902 2716 1047 2749 Obscrv.
1065 2715 1161 2749 misc.
1178 2728 1254 2761 cap.
1271 2715 1352 2755 XV,
1366 2728 1399 2761 p.
1413 2727 1470 2759 90.
1483 2715 1526 2749 G.
1538 2736 1582 2741 -—
