1742 2989
545 203 885 247 EPISTULA
926 205 1058 246 XVI.
1448 201 1507 256 Γ)

105 351 283 363 ιιὶικΊ-ννι
289 352 340 361 m
347 352 401 363 ις,
406 352 1498 364 xmztxtnzmustssmsmxnmzae§1121x==sw11=1xwuu2=mwxmn

711 490 876 545 XW.

172 657 365 693 Saturnini
388 657 537 702 stilum,
558 656 715 707 ejusque
738 657 876 700 libros,
897 665 938 694 ut
961 659 1148 707 legantur,
1173 658 1421 694 commendat.

392 802 432 830 c.
469 802 699 830 PLINIUS
733 785 988 830 Essucio*
1023 802 1126 831 suo
1158 803 1189 830 s.

153 925 233 968 AM
247 939 395 968 ΑΒΑΜ
413 925 673 985 Pompeium
694 925 983 968 Saturninum
998 960 1009 980 ‚
1024 926 1143 969 hunc
1161 925 1260 970 dico
1281 936 1502 980 nostrum,

88 994 409 1059 laudabamque
446 998 539 1059 ejus
576 999 828 1059 ingenium,
867 1000 999 1043 etiam
1041 1010 1277 1061 antequam
1317 1002 1500 1056 scirem,

87 1087 219 1131 quam
235 1072 425 1127 varium,
441 1089 573 1132 quam
594 1071 806 1127 flexibile,
821 1089 954 1132 quam
974 1072 1202 1133 multiplex
1223 1083 1359 1117 esset:
1381 1091 1501 1118 nunc

86 1161 190 1188 vero
226 1154 369 1189 totum
406 1162 476 1189 me
514 1155 655 1199 tenet,
693 1145 856 1199 habet,
892 1146 1096 1206 possidet.
1134 1147 1295 1190 Audivi
1328 1164 1500 1191 caussas
1530 1181 1544 1187 -

85 1228 289 1279 agentem
322 1220 481 1263 acriter
523 1229 566 1263 et
605 1218 837 1273 ardenter7
866 1236 947 1262 nec
988 1220 1134 1263 minus
1172 1219 1309 1280 polite
1347 1221 1393 1264 et
1428 1238 1499 1264 or-

85 1301 208 1346 nate3
234 1292 322 1335 sive
353 1292 585 1346 meditata,
616 1292 705 1335 sive
736 1292 880 1335 subita
915 1291 1146 1352 proferret.
1182 1293 1356 1337 Adsunt
1385 1304 1498 1355 aptae

83 1365 333 1425 crebraeque
371 1365 621 1419 sententiae,
644 1365 788 1426 gravis
823 1375 867 1408 et
901 1364 1059 1408 decora
1100 1366 1395 1420 constructio,
1427 1384 1496 1410 so-

83 1439 234 1481 nantia
255 1438 386 1481 verba
413 1448 457 1481 et
485 1439 678 1498 antiqua.
704 1439 867 1482 Omnia
887 1438 978 1481 haec
1005 1439 1116 1481 mire
1135 1438 1332 1499 placent,
1357 1457 1493 1500 quum

82 1509 249 1572 impetu
284 1511 476 1571 quodam
514 1521 557 1554 ct
589 1512 772 1555 flumine
812 1512 1128 1572 praevehuntur
1168 1529 1176 1556 :

1218 1512 1392 1573 placent
1409 1549 1421 1569 ‚
1461 1515 1496 1558 si

81 1593 388 1628 retractentur.
423 1585 595 1629 Senties
626 1584 745 1645 quod
774 1602 882 1646 ego,
909 1602 1048 1645 quum
1080 1586 1305 1630 orationes
1331 1588 1423 1647 ejus
1452 1588 1495 1631 in
1522 1608 1533 1639 [-

126 1711 223 1743 XVI.
237 1711 252 1727 *
262 1716 364 1745 Inscr.
379 1723 521 1745 ERUCIO.
535 1713 589 1746 Sic
604 1726 643 1746 ex
656 1714 751 1747 MSS.

80 1762 265 1808 legendum
289 1764 440 1797 ostendit
459 1765 610 1799 Cortius.
635 1767 680 1799 G.
708 1787 753 1790 —

79 1816 178 1848 Rom.
196 1827 324 1849 Enumo
341 1830 369 1849 s.
389 1818 441 1850 Ita
460 1825 493 1850 et
509 1818 618 1851 Aldus
636 1825 668 1852 et
687 1832 751 1851 nn-

77 1879 141 1912 per
152 1868 304 1901 Cot-tius.
320 1869 365 1902 H.
382 1890 428 1895 —
440 1870 507 1903 Alii
521 1871 640 1905 vitiose
653 1884 751 1905 Emu-

78 1931 135 1953 'rlo
148 1945 157 1960 ‚
173 1933 306 1954 ERY'rio
317 1947 326 1962 ,
343 1934 484 1956 cunno.
505 1925 539 1957 S.

128 1985 158 2006 1.
182 1976 329 2006 Varium.
346 2000 353 2006 .
370 2002 376 2007 .
394 1979 588 2019 anultiplex.
608 1978 687 2010 Nou
706 1977 749 2011 de

77 2026 232 2059 moribus
238 2028 463 2073 cogitandum
471 2054 479 2068 ‚
488 2029 548 2062 sed
557 2030 600 2063 de
609 2031 750 2076 ingenio

76 2078 181 2111 variis
198 2079 375 2113 literarum
392 2082 575 2126 generibus
587 2109 594 2123 ‚
608 2085 750 2118 actioni-

76 2131 140 2163 bus
153 2156 161 2170 ,
172 2131 323 2165 historiis
334 2158 343 2173 ‚
354 2134 505 2178 epistolis
516 2161 524 2175 ‚
537 2137 750 2170 carminibus

76 2178 267 2212 scribendis
301 2190 514 2226 comparato.
543 2183 625 2216 Hoec
658 2185 749 2218 enim

75 2241 179 2273 porro
192 2243 254 2276 per
267 2240 381 2277 partes
398 2235 628 2280 explicantur.
646 2238 687 2270 E.
704 2260 749 2263 ——

80 2286 197 2321 Tenet,
220 2285 317 2316 habet
329 2310 338 2323 ,
353 2289 509 2328 possidet.
527 2289 577 2321 Ex
597 2290 749 2324 formula

75 2334 305 2381 stipulationis
316 2349 335 2370 a
349 2338 450 2372 Gallo
462 2341 601 2386 Aquilio
611 2343 747 2387 prodita

75 2389 151 2421 etin
162 2389 223 2422 lib.
238 2391 374 2431 XVIII,
389 2407 427 2436 π,
438 2392 480 2426 de
491 2396 683 2440 acceptilat.
697 2410 749 2430 re-

73 2442 141 2474 lata
153 2467 162 2481 ,
183 2445 306 2485 quodve
324 2454 356 2475 m
377 2458 478 2477 meum
497 2449 593 2479 hahes
610 2474 618 2485 ‚
640 2460 744 2487 tenes,

71 2497 223 2536 possides.
237 2499 277 2529 G.
291 2518 336 2521 —-
345 2499 442 2530 Rom.
454 2503 479 2530 3
489 2513 548 2531 unc
558 2514 635 2533 vero
648 2512 747 2534 totum

73 2557 174 2585 eenet,
194 2550 521 2594 habetpossz'detqzte,
538 2552 611 2585 sine
622 2568 683 2586 me.
698 2554 744 2587 H.

73 2620 117 2624 -—-
136 2601 190 2633 Cf.
212 2600 337 2635 dehac
359 2605 508 2638 formula
529 2606 682 2639 Brisson.
704 2607 746 2640 de

73 2652 227 2686 Formul.
242 2667 275 2700 p.
290 2656 444 2695 5513ed.
461 2658 567 2691 Bach.
585 2660 622 2693 [n
634 2660 745 2693 Plinio

71 2703 255 2749 legendum
271 2732 279 2747 ,
308 2709 449 2754 opinor,
479 2710 601 2744 ordine
629 2726 640 2745 x
650 2713 746 2746 erbo-

818 1727 897 1746 rum
925 1714 1061 1747 inverso
1087 1726 1095 1746 .’
1120 1716 1236 1753 habet,
1263 1725 1366 1754 tenet,
1390 1719 1496 1759 possi-

819 1768 884 1799 det.
911 1767 946 1800 S.

866 1832 898 1851 2.
915 1822 1060 1851 Adsunt.
1076 1846 1082 1851 .
1099 1822 1290 1853 ..ςενιῐεηίίαπ
1311 1821 1410 1853 Rom.
1428 1823 1494 1853 Ad-

817 1881 890 1903 sunt
899 1882 1004 1903 aculco
1014 1875 1195 1915 crehroeque
1203 1876 1378 1905 sententian
1391 1873 1436 1905 H.
1448 1894 1493 1897 —

816 1924 956 1957 Notavit
972 1924 1063 1957 hanc
1079 1924 1265 1958 lectionem
1285 1933 1317 1958 et
1331 1926 1468 1959 Cestius
1482 1951 1491 1967 ,

815 1976 1014 2021 habentque
1024 1985 1182 2023 excerpta
1195 1978 1402 2011 Brunnneri.
1415 1979 1492 2012 Pla-

816 2038 881 2063 cet.
908 2030 1048 2075 Ineptas
1072 2032 1259 2064 sententias
1286 2031 1396 2065 vitare
1409 2057 1417 2071 ‚
1456 2033 1491 2064 in

816 2096 941 2128 magna
955 2082 1059 2117 laude
1074 2097 1146 2117 non
1160 2084 1376 2129 ponendum.
1392 2086 1427 2118 S.
1446 2106 1490 2109 —-

818 2140 919 2177 Quum
931 2139 1048 2179 impetu
1058 2162 1065 2169 .
1077 2164 1084 2169 .
1097 2163 1104 2169 .
1112 2147 1336 2170 retractentur.
1348 2137 1493 2171 Placent

815 2196 848 2220 ct
872 2201 979 2234 quum
1005 2189 1198 2224 audiuntur
1214 2215 1222 2230 ‚
1251 2198 1284 2223 et
1313 2204 1422 2236 quum
1446 2192 1493 2223 le-

814 2249 957 2285 guntur.
969 2242 1191 2275 Simillimum
1203 2251 1254 2276 est
1267 2243 1370 2284 illud,
1383 2244 1492 2285 Quin-

815 2294 866 2326 til.
886 2295 918 2326 X
935 2319 944 2334 ‚
967 2307 981 2327 1
1002 2319 1011 2335 ,
1036 2307 1076 2342 19
1091 2321 1099 2335 ‚
1121 2298 1214 2327 lectio
1231 2298 1332 2328 libera
1352 2307 1413 2334 est,
1433 2310 1492 2328 nec

816 2349 952 2379 aetionis
968 2350 1085 2391 impetn
1107 2351 1307 2380 transcurrit.
1327 2349 1366 2381 E.
1385 2370 1429 2374 ——
1447 2353 1490 2380 Ec

803 2402 946 2443 flumine
966 2403 1206 2443 praevelzzmtur.
1230 2403 1329 2434 Rom.
1362 2404 1488 2446 chlu-

814 2455 898 2483 mine
924 2455 1150 2495 pervehuntur.
1179 2456 1232 2487 An
1252 2457 1488 2497 prevcervelum-

814 2512 889 2536 mr]
903 2505 946 2538 H.
959 2527 1004 2531 -——
1016 2507 1168 2552 Vulgata
1182 2508 1269 2540 bene
1282 2507 1398 2540 habet.
1415 2512 1488 2539 Per-

815 2559 966 2589 velluntur
1005 2559 1198 2592 obtrudunt
1238 2560 1341 2591 etiam
1381 2560 1484 2594 codd.

814 2610 908 2643 Cort.
926 2636 934 2651 ,
967 2611 1050 2644 item
1083 2613 1276 2646 Brunnneri
1311 2621 1483 2657 excerpta.

812 2662 904 2695 Nihil
924 2664 1138 2709 frequentius
1160 2666 1191 2698 in
1210 2665 1302 2698 libris
1319 2665 1383 2698 hac
1404 2677 1485 2698 con-

813 2715 959 2749 fusione.
978 2718 1011 2750 S.
