1742 2989
564 207 909 252 EPISTOLA
944 208 973 248 l.
1382 220 1461 265 271

73 291 251 336 fidentia
277 307 460 343 caussae,
486 289 559 333 sed
587 299 707 332 metu
740 298 1000 349 temporum.
1022 287 1324 339 Verebantur,
1355 286 1472 345 quod

73 365 278 409 videbant
324 363 471 407 multis
509 363 714 407 accidisse
739 400 750 420 ,
786 379 840 406 ne
881 379 932 406 ex
968 360 1269 405 centumvirali
1308 361 1473 421 judicio

73 438 226 497 capitis
249 438 312 480 rei
334 437 512 480 exirent.
533 438 591 480 Et
612 445 737 479 erant
762 435 940 496 quidam
965 436 1009 479 in
1035 433 1139 490 illis,
1157 434 1316 495 quibus
1341 434 1473 494 objici

73 519 116 552 et
137 508 332 554 Gratillae
352 509 541 552 amicitia
565 519 606 553 et
626 509 794 552 Rustici
819 518 972 568 posset.
993 510 1170 569 Rogant
1190 524 1283 562 me,
1304 517 1353 551 ut
1375 525 1474 551 cum

75 582 269 625 Curiano
288 581 455 642 loquar.
473 583 767 626 Convenimus
789 583 831 624 in
852 581 986 625 aedem
1006 581 1277 625 Concordiae.
1292 581 1359 624 Ibi
1379 598 1476 641 ego⁷

74 654 125 697 Si
151 665 313 709 mater,
341 655 520 714 inquam
537 690 548 710 ,
575 666 616 698 te
646 671 705 699 ex
723 666 863 716 parte
886 665 1049 714 quarta
1083 658 1326 716 scripsisset
1355 654 1477 698 here-

75 725 172 770 dem
186 761 199 780 ,
227 743 330 770 num
355 731 485 788 queri
494 728 685 788 posses?
711 726 837 785 Quid
855 732 896 770 si
919 726 1117 771 heredem
1145 726 1322 787 quidem
1352 731 1477 770 insti—

75 804 230 844 tuisset
252 817 312 845 ex
336 816 455 854 asse,
483 801 566 844 sed
585 802 746 862 legatis
770 805 836 844 ita
859 800 1167 855 exhausisset,
1193 811 1244 844 ut
1265 817 1356 844 non
1382 815 1478 843 am-

66 873 193 933 plius
214 873 341 933 apud
356 884 397 917 te
409 907 422 928 ,
440 889 579 933 quam
598 884 784 932 quarta,
808 875 1088 917 remaneret?
1105 876 1254 934 Igitur
1272 874 1481 932 sufficere

78 943 162 989 tibi
178 944 326 1001 debet,
348 950 391 990 si
397 980 410 1000 ,
431 945 730 990 exheredatus
755 961 785 990 a
807 957 947 990 matre
961 983 972 1003 ⁷
992 959 1202 1007 quartam
1220 958 1396 1009 partem
1421 946 1481 990 ab

79 1016 313 1061 heredibus
331 1019 426 1076 ejus
444 1022 665 1080 accipias,
686 1034 827 1078 quam
847 1031 994 1063 tamen
1015 1036 1097 1081 ego
1116 1021 1303 1081 augebo.
1323 1022 1419 1065 Seis
1442 1032 1483 1065 te

81 1107 171 1135 non
188 1091 493 1153 subscripsisse
510 1108 676 1136 meeum
688 1128 700 1147 ‚
722 1092 875 1151 etjam
895 1093 1117 1137 biennium
1136 1098 1367 1149 transisse,
1391 1110 1481 1138 om-

81 1167 250 1223 niaque
275 1180 342 1208 me
367 1169 632 1227 usucepisse.
659 1165 752 1209 Sed
769 1176 816 1209 ut
842 1177 883 1210 te
904 1166 1141 1210 coheredes
1160 1171 1246 1210 mei
1265 1167 1482 1211 tractabi—

81 1237 237 1282 liorem
262 1243 573 1299 eaperiantur‚
601 1250 736 1300 utque
758 1239 841 1283 tibi
859 1240 972 1284 m‘lu‘l
989 1238 1219 1284 abstulerit
1244 1243 1485 1284 reverentia

85 1316 196 1367 mei;
218 1312 366 1371 offero
379 1330 471 1375 pro
491 1330 592 1358 mea
601 1325 742 1375 parte
765 1313 1040 1357 tantundem.
1056 1313 1156 1357 Tuli
1181 1313 1371 1357 fructum
1394 1329 1484 1356 non

87 1385 358 1428 conscientiae
380 1386 533 1443 modo,
548 1403 697 1430 verum
723 1387 854 1430 etiam
878 1385 1016 1430 famae.
1040 1385 1117 1429 Ille
1138 1402 1243 1446 ergo
1267 1387 1485 1430 Curianus

86 1456 275 1517 legatum
300 1458 408 1503 mihi
434 1459 610 1519 reliquit
637 1476 646 1504 :
674 1468 718 1503 et
742 1459 904 1503 factum
928 1476 1073 1503 meum
1090 1494 1102 1515 ,
1125 1460 1207 1502 nisi
1230 1459 1341 1502 forte
1365 1458 1485 1502 bian-

87 1606 230 1641 Phrasin
252 1615 359 1641 totam
380 1621 452 1642 esse
475 1609 729 1643 insolentiorem
743 1633 752 1648 ,

819 1619 943 1640 manus
969 1616 1047 1654 post
1071 1608 1162 1642 hanc
1192 1609 1301 1654 legem
1330 1618 1487 1654 rogatam

89 1673 254 1694 monuere
266 1661 487 1707 interpretes;
501 1662 665 1696 sententia
679 1661 754 1707 qni-

821 1668 1062 1694 testamentum
1071 1662 1172 1695 faciet
1182 1687 1191 1702 ‚
1206 1663 1232 1695 is
1243 1669 1410 1708 quantam
1420 1663 1489 1696 cui-

89 1711 169 1745 dem
182 1721 310 1758 aperta.
326 1713 370 1746 G.

138 1777 171 1809 7.
182 1770 270 1798 Metu
282 1766 687 1809 temporum;Domitiani;
700 1765 756 1797 cui

91 1817 251 1863 quaelibet
259 1830 379 1852 caussa
393 1819 562 1851 sufficeret
570 1817 614 1850 ad
622 1830 755 1863 poenam

92 1870 295 1905 innocentis.
310 1870 513 1903 Interfectus
527 1870 637 1903 fuerat
648 1870 758 1903 Rusti—

93 1935 154 1956 cus
164 1948 173 1963 ,
188 1924 338 1970 relegata
351 1935 437 1956 uxor
451 1925 523 1970 ejus
535 1922 681 1956 Gratilla
693 1947 700 1962 ,
715 1921 758 1955 de

94 1977 195 2022 cujus
212 1975 401 2009 hereditate
413 1976 630 2020 quaerebatur
646 1986 654 2007 :
672 1975 759 2008 invi-

95 2027 191 2063 diosa
200 2029 305 2074 igitur
312 2027 497 2061 heredibus
507 2028 655 2061 amicitia
666 2028 741 2060 talis
752 2054 760 2067 ‚

96 2093 162 2126 qua
177 2081 248 2113 filio
265 2081 522 2127 praeferrentur.
539 2079 583 2112 G.
601 2100 646 2105 —
661 2082 760 2113 Rom.

96 2136 160 2165 Sed
173 2140 256 2166 inetu
274 2136 413 2176 ipsorum
429 2143 615 2176 temporum.
634 2133 677 2165 H.

145 2186 178 2218 8.
199 2189 243 2218 Ec
259 2195 368 2224 erant,
391 2193 455 2219 etc.
484 2187 582 2219 Rom.
603 2189 647 2217 Ec
669 2197 763 2218 erant

99 2239 231 2281 quidam
251 2251 291 2269 ex
311 2241 383 2271 illis.
400 2238 521 2271 Postea
539 2250 546 2271 ῖ
569 2249 707 2282 rogant,
731 2250 765 2271 uc

100 2304 170 2322 cum
186 2292 335 2324 Curiano.
358 2291 402 2323 H.
423 2311 468 2315 —
486 2292 527 2324 In
552 2291 764 2325 Gesneriana

101 2343 277 2388 legebatur
302 2345 429 2386 quidem
441 2358 453 2382 ‚·
477 2344 682 2389 negligentia
696 2370 704 2384 ‚
730 2345 764 2377 ni

103 2394 212 2435 fallor,
230 2408 425 2440 operarum.
436 2396 556 2441 Itaque
571 2397 716 2429 correxi.
729 2398 762 2430 S.

148 2460 181 2493 9.
197 2450 388 2480 Inscitm'ssec
405 2461 445 2480 ex
467 2461 547 2481 asse.
564 2448 638 2482 Hoc
653 2449 767 2494 ipsum

103 2500 210 2534 altero
223 2500 332 2546 capite
341 2500 425 2546 legis
438 2499 597 2534 Falcidiae
607 2503 677 2547 jani
689 2501 767 2533 Divi

104 2553 247 2599 Augusti
279 2554 488 2599 temporibus
521 2553 594 2586 Iatae
628 2562 767 2586 cautum

106 2605 308 2639 fuit.Verha
327 2607 470 2639 servavit
484 2605 623 2639 Paullus
642 2606 745 2639 JCtus
758 2631 766 2646 ‚

108 2665 140 2689 ct
156 2671 193 2690 ex
207 2659 263 2691 illo
277 2659 510 2692 Tribonianus
526 2658 547 2691 l.
565 2659 600 2698 I,
616 2675 651 2693 π.
669 2658 711 2692 ad
726 2660 767 2692 L.

109 2709 293 2744 Falcidiam
316 2723 321 2744 :
347 2712 579 2755 «Quicunque
601 2712 682 2746 civis
706 2714 769 2745 Ro-

821 1726 889 1758 que
898 1714 966 1748 civi
977 1715 1132 1747 Romano
1144 1715 1327 1760 pecuniam
1334 1717 1411 1760 jure
1426 1727 1489 1760 pu-

822 1765 911 1799 blico
934 1765 1017 1799 dare
1040 1766 1156 1812 legare
1181 1767 1273 1800 volet
1286 1792 1295 1807 ‚
1311 1769 1368 1813 jus
1393 1775 1490 1812 pote-

824 1825 962 1863 stasque
972 1826 1043 1850 esto
1054 1843 1063 1859 ‚
1075 1818 1159 1851 dum
1168 1820 1215 1851 ita
1225 1818 1325 1852 detur
1338 1819 1469 1864 legetur
1480 1845 1490 1860 ‚

821 1884 867 1904 ne
877 1871 991 1903 minus
1002 1883 1107 1916 quam
1118 1879 1278 1917 quartam
1290 1880 1424 1917 partem
1434 1872 1492 1905 he-

823 1923 977 1956 reditatis
997 1936 1037 1956 eo
1058 1931 1261 1957 testamento
1277 1923 1422 1957 heredes
1439 1936 1493 1957 ca-

825 1976 931 2021 piant.
949 1978 1090 2021 «ltaque
1100 1976 1251 2021 Ulpiano
1265 1984 1404 2009 auctore
1418 1977 1440 2009 l.
1456 1977 1491 2016 8,

825 2044 863 2063 π.
874 2028 916 2062 de
930 2029 1123 2062 inofficioso
1134 2037 1268 2061 testam.
1280 2031 1298 2072 ξ
1308 2030 1339 2062 8.
1355 2047 1367 2057 «
1381 2030 1491 2071 Quar-

827 2090 861 2115 ta
875 2081 995 2115 debitae
1008 2081 1173 2127 portionis
1187 2082 1313 2115 sufficit
1326 2082 1371 2114 ad
1384 2083 1495 2115 exclu-

828 2133 978 2167 dendam
997 2134 1187 2180 querelam.
1204 2151 1219 2162 n
1233 2134 1277 2167 G.

880 2199 931 2220 10.
944 2189 1112 2219 Biennium
1123 2189 1280 2219 transisse.
1296 2186 1400 2228 Quod
1414 2200 1495 2220 con-

830 2239 986 2272 stitutum
1003 2239 1085 2272 olim
1104 2247 1177 2272 erat
1196 2240 1397 2284 usucapioni
1411 2265 1420 2280 ,
1440 2252 1493 2285 pr.

830 2293 941 2325 Instit.
961 2291 998 2325 h.
1013 2300 1038 2324 t.
1056 2292 1099 2325 G.

882 2356 933 2377 11.
961 2348 1091 2376 Factum
1100 2368 1200 2377 .....
1208 2346 1357 2387 signavit.
1379 2344 1430 2376 Ita
1457 2356 1496 2376 ex

832 2396 985 2430 Mediceo
998 2396 1087 2429 libro
1100 2396 1249 2430 Cortius.
1268 2400 1399 2427 Factum
1414 2398 1498 2427 anti-

833 2463 928 2493 quum
954 2456 1002 2482 est
1029 2449 1170 2494 antiqua
1192 2447 1262 2481 side
1280 2455 1313 2480 ct
1333 2448 1498 2493 religione

832 2501 1121 2541 adininiStratum‚
1131 2503 1243 2533 nobilis
1257 2502 1369 2537 honor,
1381 2500 1433 2531 vel
1444 2513 1499 2531 ηο-

834 2556 937 2586 cubilis
959 2554 1166 2599 (utrumque
1185 2553 1275 2585 enim
1293 2552 1435 2597 legitur)
1450 2561 1498 2585 est

832 2607 982 2651 legatum
996 2613 1198 2639 testamento
1210 2604 1365 2637 relictum
1380 2630 1388 2643 ‚
1405 2604 1498 2650 quod

834 2662 961 2691 lionoris
976 2659 1116 2692 nomine
1132 2658 1257 2691 centies
1276 2657 1378 2689 venit.
1395 2656 1436 2688 G.
1454 2678 1497 2681 —

835 2712 908 2745 Hoc
922 2720 1034 2745 tamen
1052 2712 1181 2755 longius
1195 2710 1338 2755 petitum
1353 2708 1496 2741 videtur.

1511 1030 1550 1051 IO

1515 1405 1549 1426 11
