1757 2880
198 175 291 204 Lx11
473 158 912 202 TESTIMONIA
946 157 1033 200 DE
1061 158 1318 201 PLINIO.

355 284 622 314 sxnoNlus
661 283 1051 313 APOLLINARIS
1085 267 1157 311 lib.
1196 270 1247 322 I,
1283 284 1350 329 ep.
1397 284 1428 311 ι.

258 382 489 442 Epistolas
519 396 690 435 omnes,
719 379 963 422 retractatis
991 378 1308 438 exemplaribus
1337 378 1591 423 enucleatis-

195 470 300 515 que,
332 470 420 497 uno
454 452 675 497 volumine
701 450 945 508 includam,
974 452 1027 508 Q.
1055 450 1301 511 Symmachi
1342 450 1590 495 rotundita-

193 537 303 580 tem,
326 529 374 571 C.
398 526 527 570 Plinii
553 526 824 588 disciplinam
849 527 1256 586 maturitatemque,
1276 526 1469 586 vestigiis
1489 542 1590 586 prae-

193 600 458 660 sumptuosis
486 600 812 660 insequuturus.

192 731 332 758 IDEM
362 714 471 758 libet·
499 717 587 769 IV,
623 715 794 776 epistol.
819 714 871 769 3,
906 712 975 758 ad
997 712 1317 767 Claudianum,
1344 714 1582 767 Mamerti,

244 790 504 832 Viennensis
527 788 964 850 cpl300pi,fi‘atrem‚
997 797 1045 831 uc
1068 803 1126 831 ex
1151 803 1221 849 ep.
1257 802 1270 829 1
1288 802 1302 830 1
1335 797 1535 847 apparet.

250 908 296 950 Si
325 923 445 950 reare
470 923 735 967 quemquam
754 905 1005 950 mortalium
1026 906 1115 967 (cui
1138 915 1283 948 tamen
1306 904 1585 948 sermocinari

187 978 390 1022 latialiter
409 979 530 1023 cordi
550 978 637 1037 est)
660 996 749 1022 non
781 996 958 1040 pavere,
977 995 1111 1039 quum
1134 978 1177 1020 in
1206 994 1387 1021 examen
1410 979 1583 1021 aurium

186 1059 384 1104 tuarum,
417 1052 580 1112 quippe
617 1053 831 1112 scriptus,
863 1051 1122 1104 adducitur,
1152 1060 1350 1104 tuarum,
1381 1051 1583 1110 inquam,

184 1124 381 1179 aurium,
410 1140 597 1184 quarum
626 1124 817 1184 peritiae,
849 1125 883 1167 si
911 1140 980 1166 me
1008 1123 1290 1166 decursorum
1317 1122 1369 1165 ad
1400 1123 1482 1166 hoc
1505 1123 1583 1166 aevi

184 1207 430 1257 temporum
451 1198 737 1259 praerogativa
756 1214 843 1240 non
865 1197 1043 1251 obruat,
1066 1212 1147 1239 nec
1167 1196 1473 1238 Frontonianae
1493 1211 1584 1255 gra-

183 1271 352 1325 vitatis,
382 1280 456 1314 aut
489 1271 693 1331 ponderis
724 1270 955 1330 Apuleiani
992 1269 1156 1312 fulmen
1191 1269 1479 1329 aequiparem,
1511 1269 1582 1312 cui.

181 1345 426 1398 Varrones,
457 1343 519 1387 vel
553 1344 787 1398 Atacinus,
812 1343 877 1387 vel
903 1345 1157 1397 Terentius,
1183 1342 1312 1386 Plinii
1343 1341 1408 1385 vel
1442 1358 1578 1384 avun-

182 1414 304 1458 culus
334 1415 399 1459 vel
431 1416 681 1473 Secundus,
712 1416 944 1477 compositi
979 1415 1369 1476 impraesentiarum
1395 1415 1577 1457 rustica-

180 1488 358 1533 buntur.

586 1553 761 1598 Eodem
786 1553 922 1609 libro,
950 1556 1073 1615 epist.
1105 1570 1174 1597 22.

241 1666 333 1725 Ego
356 1665 517 1721 Plinio,
541 1676 589 1709 ut
611 1665 872 1727 discipulus,
898 1665 1101 1727 adsurgo.

228 1778 436 1824 Perpetuus
456 1776 555 1811 enim
574 1776 745 1812 imitator
764 1776 876 1812 Plinii
900 1783 954 1812 est
976 1776 1175 1821 Sidonius,
1192 1783 1234 1811 ut
1255 1775 1496 1812 doctissimus
1516 1775 1573 1812 in-

180 1849 322 1884 -erpres
344 1840 402 1873 Jo.
419 1839 562 1873 Savaro
580 1837 720 1885 passim
735 1837 965 1873 observavit.

524 1957 673 1985 IDEM
703 1940 776 1984 lib.
814 1941 954 1995 VIII,
987 1944 1111 2001 epist.
1152 1956 1219 1984 10.

237 2058 283 2099 C.
315 2055 479 2099 Plinius
507 2072 588 2115 pro
619 2057 749 2099 Accia
779 2055 958 2099 Variola
993 2055 1262 2116 plus‘gloriae
1291 2055 1344 2098 de
1374 2065 1568 2099 centum-

172 2127 295 2171 virali
324 2139 529 2189 suggestu
564 2129 740 2172 domum
775 2128 948 2182 retulit,
976 2145 1105 2188 quam
1137 2145 1269 2188 quum
1307 2130 1455 2172 Marco
1487 2129 1566 2173 Ul-

173 2202 266 2261 pio,
292 2201 622 2261 incomparabili
648 2203 861 2261 principi,
890 2201 1227 2261 comparabilem
1254 2203 1562 2262 panegyricum

172 2273 290 2317 dixit.

170 2399 447 2428 AURELius
483 2399 507 2428 c
524 2398 877 2428 ASSloDoRUs
903 2388 948 2427 in
976 2383 1214 2439 Chronico,
1243 2384 1323 2427 sub
1346 2384 1558 2442 Trajano.

231 2511 390 2539 CELSUS
415 2511 469 2538 ET
497 2510 745 2539 CRISPINUS.
771 2496 845 2538 His
873 2494 1123 2538 consulibus
1146 2495 1311 2539 Plinius
1334 2495 1559 2538 Secundus

166 2568 508 2611 Novocomensis
529 2576 676 2610 orator
697 2577 738 2609 et
758 2568 989 2611 historicus
1009 2569 1191 2628 insignis
1214 2569 1416 2623 habetur,
1436 2568 1557 2627 cujus

168 2639 329 2699 ingenii
355 2638 542 2698 plurima
565 2655 695 2698 opera
725 2649 906 2683 exstant.
