1742 2989
529 177 874 221 EPISTOLA
911 179 1027 222 XII.

1389 181 1474 233 411

95 324 395 340 mmmmm
399 326 733 339 =wtuzmmtssm=z
737 328 1063 339 mmmnwsumuz
1067 328 1185 340 ΝΜ
1190 329 1224 340 vt
1228 329 1245 339 ἱ
1249 329 1284 340 ιω
1288 329 1468 341 §mmm

709 472 855 526 XII.

81 636 269 674 Libellum
289 636 523 686 postulatum
544 648 629 673 sero
646 636 816 681 mittens,
834 648 902 686 per
917 636 1046 685 jocum
1066 649 1104 673 se
1127 645 1301 678 excusat.
1320 637 1487 687 aliosque

629 702 736 751 jocos
754 701 948 751 inspergit.

384 870 421 899 C.
459 869 690 899 PLINIUS
724 869 977 898 MINUCIO
1012 858 1116 899 SU‘O
1152 870 1183 899 S.

148 1014 434 1056 LIBELLUM
462 1010 699 1054 formatum
723 1027 746 1054 a
768 1027 858 1063 me,
882 1010 994 1054 sicut
1019 1027 1248 1072 exegeras,
1274 1027 1361 1072 quo
1389 1013 1493 1055 ami—

86 1099 162 1129 cus
180 1094 281 1128 tuus
298 1119 309 1139 ‚
327 1085 462 1127 immo
484 1094 655 1136 noster,
679 1083 803 1144 (quid
824 1084 938 1126 enim
960 1100 1048 1126 uon
1070 1101 1303 1128 commune
1323 1084 1494 1146 nobis?)

87 1159 123 1202 si
145 1174 213 1202 res
233 1167 459 1218 posceret,
479 1166 676 1201 uteretur
689 1192 700 1211 ‚
716 1157 814 1200 misi
835 1157 912 1200 tibi
932 1156 1029 1201 ideo
1048 1157 1213 1201 tardius
1229 1193 1239 1212 ,
1256 1175 1311 1201 ne
1325 1167 1497 1219 tempus

85 1230 349 1275 emendandi
376 1247 503 1285 eum,
548 1230 590 1274 id
617 1240 702 1283 est,
737 1229 1036 1291 disperdendi,
1074 1231 1270 1275 haberes.
1305 1232 1498 1275 Habebis
1523 1248 1539 1268 2

86 1315 258 1360 tamen,
285 1322 341 1348 an
373 1304 660 1360 emendandi,
683 1305 852 1358 nesci03
882 1305 1032 1364 utique
1059 1304 1339 1366 disperdendi
1363 1305 1498 1365 (ὑμεῖς

86 1380 162 1442 γὰρ
178 1373 603 1440 κακόζηλοι),ορῒίηι3
620 1395 803 1439 quaeque
822 1378 856 1421 si
871 1378 1119 1423 detraxeris.
1137 1379 1270 1436 Quod
1285 1379 1318 1423 si
1333 1378 1500 1431 feceris,

90 1452 196 1495 boni
223 1452 462 1496 consulam.
495 1455 648 1496 Postea
680 1453 797 1494 enim
825 1450 907 1495 illis
930 1469 980 1496 ex
1005 1452 1149 1513 aliqua
1174 1453 1425 1505 occasione,
1450 1461 1499 1495 ut

91 1526 224 1580 meis⁷
245 1536 364 1580 utar,
386 1535 429 1569 et
447 1525 664 1570 beneficio
684 1525 845 1569 fastidii
866 1526 929 1568 tui
949 1525 1038 1585 ipse
1054 1525 1266 1569 laudabor
1280 1560 1290 1579 ,
1312 1534 1361 1568 ut
1382 1525 1426 1567 in
1448 1540 1500 1567 eo

91 1597 209 1657 quod
223 1598 482 1642 adnotatum
498 1598 713 1654 invenies,
728 1608 770 1641 et
784 1599 1080 1659 suprascripto
1094 1598 1220 1642 aliter
1233 1597 1499 1658 explicitum.

137 1743 218 1776 XII.
232 1755 245 1776 1
255 1769 262 1775 .
272 1747 469 1775 Forrnatam.
477 1743 555 1775 Non
565 1742 765 1787 simpliciter

94 1796 257 1840 scriptum
270 1820 278 1835 ‚
293 1794 352 1828 sed
367 1794 410 1828 ad
426 1803 555 1828 certam
574 1794 763 1840 quamdam

92 1848 247 1893 regulam
261 1848 505 1893 compositum.
526 1847 627 1880 Conf.
642 1847 764 1880 Cicero

93 1899 138 1933 de
148 1901 247 1933 Orat.
265 1901 301 1932 II
313 1926 320 1940 ‚
337 1913 370 1944 9.
385 1901 418 1934 S.

145 1969 198 1976 —·
209 1946 322 1999 (Ῠμεῖς
333 1954 392 2000 γὰρ
408 1947 605 1996 muoz-nhc).
624 1952 657 1986 Si
674 1954 767 1986 κακό-

95 2009 178 2046 ζηλοι
197 2014 246 2038 est
269 2018 289 2038 a
309 2006 441 2046 Plinio,
468 2005 650 2050 legendum
682 2013 766 2050 puto

95 2054 195 2104 Ἡμεῖς
206 2085 215 2102 ‚
235 2066 268 2091 et
285 2058 528 2104 accipiendum
543 2070 621 2091 cum
634 2060 766 2104 μιμήσει

96 2110 248 2156 quadam
264 2110 300 2144 h.
319 2124 364 2144 m.
383 2114 450 2144 Nos
468 2114 567 2149 enim,
587 2119 701 2144 vestro
715 2112 769 2156 ju-

97 2163 188 2197 dicio
201 2164 331 2197 scilicet
342 2190 350 2204 ‚
367 2177 485 2198 sumus
500 2167 666 2204 κακόζηλιι
682 2166 769 2195 mala

97 2218 307 2260 affectatione
319 2220 409 2262 (quae
422 2226 472 2250 est
486 2217 637 2250 Fabiana
651 2216 771 2249 defini-

97 2268 145 2301 tio
164 2269 252 2301 VIII
266 2294 274 2309 ‚
291 2271 309 2303 3
327 2295 335 2310 ⁷
357 2270 420 2310 56',
435 2273 516 2315 )per
532 2283 625 2303 omne
645 2271 774 2302 dicendi

95 2334 195 2364 genus
201 2333 387 2364 peccantes.
399 2348 405 2354 .
417 2348 439 2363 .,
450 2335 597 2368 quorum
612 2324 772 2365 ingenium

91 2376 217 2417 judicio
231 2385 329 2413 caret,
343 2386 373 2407 ec
387 2378 489 2419 specie
500 2378 575 2408 boni
582 2378 727 2417 fallitur.
740 2402 746 2408 .
757 2399 765 2406 .

105 2451 253 2459 .......
263 2430 366 2471 Igitur
381 2431 502 2471 optima
522 2442 656 2471 qumque
669 2454 675 2464 .
695 2440 771 2461 meo

97 2478 229 2526 judicio
243 2505 251 2520 ,
272 2493 332 2513 vos
355 2483 555 2513 detrahenda
574 2480 616 2513 de
639 2480 772 2527 scriptis

78 2550 81 2553 ,
100 2533 227 2566 nostris
246 2534 383 2578 putatiS.
399 2533 432 2566 Si
448 2545 530 2567 vero
545 2534 664 2579 utique
678 2526 771 2580 Ῠμεῖς

99 2584 284 2630 legendum
296 2611 304 2627 ‚
321 2586 438 2619 malim
454 2589 687 2632 κακιζότεχνοι,
706 2601 773 2618 cor-

101 2648 245 2681 ruptores
253 2643 332 2672 artis
342 2652 402 2686 per
413 2640 554 2673 nimiam
566 2639 774 2673 emendandi

104 2689 338 2736 diligentiam,
360 2702 424 2727 etc.
446 2693 523 2727 Vox
549 2693 750 2727 insolentior
765 2719 773 2733 ‚

830 1741 890 1774 sed
911 1741 1088 1775 familiaris
1116 1750 1233 1775 nostro
1255 1742 1307 1775 vel
1328 1754 1366 1774 ex
1392 1754 1502 1774 avun—

831 1794 899 1827 culi
915 1795 966 1827 sui
982 1795 1025 1827 H.
1043 1796 1086 1827 N.
1102 1795 1266 1836 XXXIV,
1289 1796 1321 1828 8.
1337 1796 1357 1837 §
1376 1794 1503 1837 19.Vel

831 1845 981 1892 denique
1008 1847 1119 1892 ipsum
1138 1850 1304 1887 κακόζηλοι
1320 1848 1386 1880 hoc
1408 1847 1504 1880 intel-

831 1899 921 1932 lectu
935 1899 1185 1945 accipiendum.
1200 1901 1274 1939 Ast,
1285 1913 1328 1932 ne
1342 1898 1427 1945 quid
1438 1898 1504 1931 dis-

832 1953 1005 1992 simulem,
1016 1953 1166 1998 primum
1178 1952 1263 1985 mihi
1276 1953 1423 1985 maxime
1435 1951 1505 1996 pla-

833 2006 931 2038 cebat
942 2030 950 2045 ‚
968 2013 1041 2038 tum
1060 2004 1155 2050 quod
1170 2004 1331 2038 blandius
1346 2012 1414 2044 est,
1431 2012 1503 2036 tum

833 2059 867 2091 in
883 2058 1002 2103 primis
1018 2065 1156 2102 propter
1171 2070 1207 2090 ea
1220 2082 1228 2096 ‚
1249 2069 1323 2102 quae
1341 2056 1505 2090 dicuntur

834 2113 853 2154 §
874 2116 891 2152 4
911 2123 918 2143 :
940 2119 972 2144 et
1001 2111 1087 2144 forte
1112 2110 1294 2143 nobiscum
1318 2109 1457 2151 sentiet,
1479 2108 1506 2141 si

835 2164 912 2209 quis
925 2171 1030 2196 totam
1046 2163 1143 2196 Fabii
1157 2162 1199 2195 de
1212 2162 1370 2196 cacozelo
1385 2170 1507 2195 tracta-

836 2217 963 2250 tionem
989 2216 1185 2249 contulerit.
1205 2215 1248 2248 G.
1261 2214 1406 2247 —Add.
1427 2214 1509 2247 Ges-

836 2270 909 2302 neri
927 2269 969 2302 ad
988 2270 1018 2302 J.
1041 2270 1081 2301 A.
1099 2269 1235 2301 Ernest.
1256 2267 1412 2313 epistola.
1434 2267 1509 2299 Plu-

836 2322 915 2354 rimi
934 2321 1011 2354 libri
1028 2334 1035 2354 :
1051 2324 1140 2368 ὑμεῖς
1151 2323 1211 2368 γὰρ
1228 2323 1253 2355 οἱ
1266 2324 1399 2362 aotam,
1413 2319 1506 2365 quod

837 2375 1025 2419 genuinum
1053 2382 1150 2420 puto.
1178 2376 1211 2408 S.
1238 2394 1283 2398 —
1309 2373 1507 2405 Detraxeris.

837 2427 1006 2473 Gierigius
1020 2428 1116 2461 malit
1133 2428 1284 2459 dees-altis.
1302 2426 1378 2459 Nou
1393 2425 1509 2458 audio.

838 2480 1076 2526 Disperdstur,
1094 2480 1183 2525 perit
1201 2478 1338 2511 libellus
1352 2503 1361 2518 ‚
1375 2477 1511 2522 optimis

839 2532 1032 2579 quibusque
1054 2531 1228 2566 detractis.
1249 2532 1282 2564 S.

888 2588 920 2620 3.
937 2588 1020 2618 Illis.
1037 2610 1044 2617 .
1061 2595 1111 2617 ,uc
1126 2586 1199 2616 meis
1212 2610 1221 2623 ,
1242 2594 1326 2616 utar.
1348 2583 1397 2616 Ea
1409 2607 1418 2623 ,
1438 2595 1513 2628 quae

840 2647 877 2672 tu
898 2646 1063 2684 tanquam
1085 2640 1263 2679 κακόζπλα,
1290 2643 1321 2669 et
1342 2635 1444 2668 nimis
1464 2642 1514 2666 tu-

842 2692 934 2726 mida
959 2691 1160 2737 expunxeris
1175 2716 1183 2729 ‚
1204 2691 1237 2722 iu
1259 2689 1363 2721 alium
1387 2687 1511 2721 librum

1527 1388 1545 1420 3
