1742 2989
221 207 311 265 278

633 208 684 250 C.
724 208 950 252 PLINII
991 210 1113 252 LIB.
1148 209 1201 251 V.

173 302 193 338 4
219 297 437 331 commota
453 322 463 342 ‚
485 287 690 332 latissime
715 299 910 349 serpunt.
933 291 1062 333 Erexi
1086 306 1211 334 aures
1237 299 1347 332 tuas.
1371 289 1515 345 Quam
1539 288 1613 331 diu

219 378 338 404 nunc
366 371 538 421 oportet
568 379 697 422 quam
725 362 882 406 blande
908 380 1054 424 roges,
1086 374 1135 407 ut
1161 362 1325 423 reliqua
1355 358 1610 422 cognoscas!

218 434 249 475 si
272 443 417 476 tamen
442 451 529 477 non
553 444 652 477 ante
676 435 765 479 haec
788 436 881 496 ipsa
899 437 1066 480 veneris
1086 439 1291 489 Romam⁷
1311 443 1614 495 spectatorque

218 506 420 550 malueris
446 523 558 560 esse,
582 524 713 567 quam
739 508 887 552 lector.
918 508 1032 552 Vale.

216 642 268 663 cta
283 632 443 675 mutavit)
457 632 545 665 hene
561 639 610 665 est
624 657 632 672 ,
649 631 743 677 quod
760 632 886 677 recepit

216 683 352 717 Cortius
372 696 379 716 :
396 695 427 716 ec
445 687 574 717 omnino
589 698 628 717 ex
647 684 740 717 libris
757 692 818 718 est.
839 685 883 718 G.

216 737 368 770 -Roum
391 739 500 770 «Nam
514 738 676 783 pleraque
691 738 792 770 tacita
810 745 885 770 tan-

216 796 289 820 tum
306 797 337 821 et
356 790 497 823 omnino
518 798 718 823 commota.»
746 790 788 823 H.

264 850 296 880 4.
321 846 423 882 Quam
437 868 445 880 ,
468 842 566 875 valde
589 842 789 876 admodum.
813 843 879 876 ΕΙ).

216 914 261 917 ——
291 899 331 926 Ut
354 897 478 937 reliqua
507 909 687 939 cognoscas.
718 895 782 928 Cui
805 896 881 928 lon·

216 959 297 991 gum
324 955 373 979 est
398 956 593 993 exspectare
606 974 615 988 ‚
635 948 735 982 adeat
753 949 800 988 V,
821 953 859 989 14
874 973 882 987 ‚

218 1000 276 1031 ubi
292 1000 401 1033 exitus
413 1009 587 1034 narratur.
608 1001 704 1035 G.—
715 1002 883 1035 Caeterum

949 632 1005 665 hie
1023 633 1134 665 omnis
1161 633 1256 665 locus
1282 644 1352 664 non
1375 632 1453 665 satis
1479 629 1616 665 videtur

949 684 1162 718 emendatus.
1187 685 1306 718 Putavi
1331 683 1520 730 aliquando
1539 696 1615 716 sen-

950 751 1026 771 sum
1044 738 1109 770 hac
1126 737 1401 784 interpunctione
1414 736 1530 782 juvari
1540 748 1617 781 pos-

949 803 1007 825 se:
1037 790 1163 823 «Erexi
1190 803 1288 823 aures
1313 798 1408 829 tuas,
1430 801 1533 834 quam
1557 788 1617 821 diu

948 855 1041 877 nune
1057 850 1189 889 oportet
1204 854 1212 882 ;
1232 854 1335 887 quam
1354 840 1480 874 blande
1493 853 1591 886 roges
1605 865 1614 880 ,

948 904 1004 937 ut,
1028 903 1092 928 etc.
1107 912 1119 924 >1
1142 896 1182 928 E.
1198 916 1243 920 ——
1258 894 1405 927 Fallitur
1424 893 1475 926 vir
1494 893 1615 926 doctis-

949 949 1067 982 simus.
1084 949 1195 980 Locus
1206 973 1215 987 ‚
1228 955 1264 980 ut
1274 959 1367 979 nunc
1380 946 1616 990 interpunctus

950 1009 999 1034 est
1012 1026 1020 1041 ,
1035 1001 1162 1046 optime
1184 1000 1298 1032 habet.
1317 1000 1349 1032 S.

227 1128 1606 1144 mxmmmnmwswwmmoeustzxmmsnmwsmwnmmnmwsm

883 1267 952 1321 V.

220 1425 351 1461 Fannii
368 1424 513 1461 obitum
530 1425 632 1474 luget
650 1434 726 1460 tum
743 1423 792 1460 ob
814 1424 903 1459 alias
923 1435 1092 1468 caussas,
1110 1430 1187 1458 tum
1206 1420 1383 1465 maxime,
1402 1418 1505 1468 quod
1522 1429 1616 1466 opus

427 1490 474 1525 dc
496 1488 700 1525 sceleribus
720 1487 881 1524 Neronis
903 1486 1166 1536 imperfectum
1190 1485 1402 1533 reliquerat.

500 1624 537 1652 C.
573 1622 799 1651 PLINIUS
835 1621 1070 1649 MAXIMO

1106 1604 1124 1622 *
1160 1620 1260 1647 suo
1296 1619 1331 1647 s.

282 1744 569 1786 NUNTIATUM
592 1741 699 1783 mihi
724 1749 807 1794 est,
826 1741 874 1783 C.
900 1740 1114 1782 Fannium
1139 1736 1389 1780 decessisse:
1407 1735 1480 1795 qui
1502 1751 1617 1777 nun-

220 1817 304 1858 tius
329 1815 448 1874 gravi
476 1830 543 1856 ine
569 1812 718 1856 dolore
747 1811 968 1865 confuditg
994 1812 1207 1871 primum,
1232 1809 1346 1869 quod
1374 1808 1513 1852 amavi
1540 1808 1615 1851 ho-

220 1889 383 1930 minem
408 1886 649 1946 elegantem
674 1895 714 1929 et
743 1885 976 1937 disertum;
996 1883 1174 1937 deinde,
1200 1882 1315 1942 quod
1332 1881 1499 1941 judicio
1523 1880 1615 1939 ejus

219 1962 284 2004 uti
315 1960 516 2004 solebam.
546 1962 655 2003 Erat
684 1959 799 2002 enim
829 1968 985 2001 natura
1014 1967 1194 2010 acutus,
1224 1972 1305 1998 usu
1335 1955 1616 2005 exercitatus⁷

219 2034 428 2075 varietate
446 2032 808 2092 promptissimus.
827 2031 962 2091 Angit
979 2047 1046 2072 me
1063 2030 1306 2089 superista,
1326 2043 1448 2070 casus
1470 2027 1614 2086 ipsius.

176 2129 195 2148 2
221 2107 418 2149 Decessit
435 2106 567 2148 veteri
586 2113 844 2148 testamento
861 2121 869 2146 ε
884 2103 1046 2155 omisit,
1061 2118 1169 2162 quos
1186 2102 1372 2144 maxime
1389 2098 1614 2159 diligebat:

220 2188 513 2239 prosequutus
536 2187 617 2231 est,
636 2177 794 2237 quibus
816 2174 1022 2220 offensior
1045 2183 1148 2217 erat.
1171 2172 1255 2217 Sed
1280 2173 1362 2215 hoc
1380 2181 1617 2230 utcumque

267 2297 336 2329 V.*
354 2298 403 2329 De
424 2298 570 2328 Mcurimo
590 2308 621 2327 v.
644 2294 687 2327 ad
706 2295 740 2327 II
755 2320 762 2334 ,
787 2294 884 2340 epist.

226 2358 277 2387 14.
300 2350 367 2381 En.

271 2414 284 2434 1
294 2429 300 2434 .
309 2404 496 2433 Nuntiatum
508 2402 599 2437 mihi,
613 2407 677 2432 etc.
689 2401 785 2432 Rom.
798 2402 887 2430 Νιιιι-

221 2457 322 2487 ιὶατιιι·
334 2456 427 2491 mihi,
447 2456 479 2486 C.
498 2455 655 2484 Fannium
667 2478 675 2490 ,
694 2451 823 2484 Deinde
842 2459 888 2484 ta-

221 2519 301 2539 men
315 2508 478 2551 confiedie,
499 2505 555 2538 ubi
573 2505 628 2537 alii
644 2506 822 2549 confffldic.
840 2504 883 2536 H.

267 2581 313 2585 —-
335 2562 521 2603 Elegantem
542 2568 571 2589 ec
598 2559 757 2588 disertum.
781 2557 833 2589 Sic
853 2564 887 2589 et

220 2614 316 2644 Rom.
337 2611 496 2656 Sequitur
511 2611 672 2642 varietate
684 2610 884 2652 promptissi-

221 2667 326 2696 simus.
344 2663 387 2696 H.

270 2738 312 2741 -q
348 2718 507 2748 Varietate
544 2716 804 2757 promptissimus.
833 2713 882 2744 Ita

952 2293 1136 2325 multarum
1155 2303 1268 2323 rerum
1286 2289 1424 2322 scientia
1443 2288 1594 2320 imbutus
1607 2311 1616 2326 ,

952 2353 989 2377 ut
1004 2351 1160 2389 prompte
1177 2342 1219 2375 (le
1234 2342 1393 2375 omnibus
1411 2339 1568 2386 judicare
1585 2346 1617 2371 et

953 2396 1131 2430 consilium
1145 2395 1226 2428 dare
1242 2401 1367 2440 posset.
1385 2393 1485 2426 Conf.
1504 2392 1564 2423 lib.
1579 2391 1595 2422 I
1607 2415 1615 2430 ‚

953 2463 1007 2496 ep.
1034 2463 1072 2482 22
1089 2474 1097 2489 ,
1116 2462 1145 2481 2.
1162 2449 1202 2480 E.

1000 2516 1030 2535 2.
1052 2506 1262 2543 Proseqwtcus
1279 2508 1323 2530 esc
1338 2499 1447 2540 quibus
1466 2496 1619 2538 offensior

950 2565 1028 2586 erat.
1061 2552 1191 2586 Scilicet
1229 2550 1345 2596 legatis
1377 2548 1427 2581 vel
1466 2547 1617 2592 partibus

949 2605 1157 2638 hereditatis.
1185 2604 1286 2637 Plene
1312 2603 1452 2636 Sueton.
1487 2599 1613 2633 Claud.

949 2659 1012 2691 VI:
1038 2659 1184 2702 «Legato
1199 2656 1298 2688 etiam
1313 2654 1401 2687 circa
1422 2652 1612 2685 sestertium

950 2711 1050 2743 vicies
1069 2715 1331 2754 prosequuntus.
1347 2722 1358 2734 n
1380 2705 1412 2739 S.
