1742 2989
269 193 360 238 380

672 198 721 239 C.
758 197 985 240 PLINII
1018 197 1142 239 LlB.
1177 196 1261 238 VI.

227 285 245 318 5
268 291 348 318 nec
385 291 489 318 cura
523 275 724 331 sordida,
762 292 842 319 nec
870 276 1006 319 tristis
1041 274 1230 318 solitudo
1273 274 1483 318 videatur.
1513 277 1580 318 Tu
1615 274 1668 318 de

266 347 383 391 Rufo
412 347 712 393 honestissime
743 350 908 410 cogitas
931 365 940 392 :
970 348 1050 392 fuit
1077 349 1191 391 enim
1218 347 1306 391 filio
1331 357 1407 391 tuo
1430 347 1664 391 familiaris.

268 419 388 477 Quid
413 430 557 464 tamen
583 422 709 465 nobis
735 422 795 465 ibi
822 431 1026 482 praestare
1059 421 1218 481 possit,
1251 421 1430 482 ignoro3
1450 419 1557 464 velle
1579 419 1669 480 plu-

268 493 427 536 rimum
441 529 451 546 ,
470 494 615 538 credo.
631 494 754 539 Vale.

312 626 331 657 5
339 651 345 656 .
357 627 443 666 Quid
451 635 556 657 tamen
567 628 657 657 nobis
667 628 717 657 ibi.
731 625 785 659 Sic
794 632 826 658 et
834 626 929 657 Rom.

265 677 440 710 Postremo
453 703 462 717 ‚
489 680 572 710 velle
596 680 785 721 plurimum,
815 680 909 709 credo
918 703 927 715 ,

266 728 360 775 quod
389 731 502 764 minus
531 731 700 764 absonum
726 738 776 763 est
789 755 797 769 ‚
826 742 932 775 quam

997 624 1114 658 Cortio
1126 623 1274 657 videtur.
1291 623 1461 657 Credebat
1475 622 1510 656 id
1523 623 1667 656 Fabato.

998 676 1042 709 H.
1051 677 1239 710 ——Cortius
1250 676 1357 710 edidit
1369 689 1376 709 ;
1393 679 1476 709 Velle
1483 678 1666 719 plurimum,

997 732 1073 762 scio.
1094 730 1127 763 S.

281 864 457 875 ννονινννν
464 861 1669 875 νν-ΜΜἏιΜνἉΜΜΜΜΜΜΜΜΜΜ-ΛΛΜΜΜ

842 1000 1094 1056 XXXI.

269 1155 369 1201 Quid
400 1157 561 1191 Centum
592 1154 703 1191 Cellis
731 1155 769 1190 in
801 1167 947 1190 secessu
980 1153 1161 1204 principis
1190 1160 1386 1202 peractum
1423 1152 1469 1188 sit
1495 1150 1666 1201 egregie?

373 1228 543 1265 enarrat,
573 1219 760 1267 simulque
785 1218 858 1254 loci
885 1218 997 1254 situm
1024 1226 1061 1253 et
1088 1217 1337 1253 munitionem
1367 1214 1559 1252 describit.

484 1358 524 1386 C.
563 1356 796 1386 PLINIUS
830 1355 1199 1385 CORNELIANO

1229 1338 1248 1357 '⁴²
1284 1354 1385 1383 on
1420 1355 1454 1382 s.

317 1479 564 1521 EVOCATUs
577 1478 621 1519 in
636 1474 863 1520 consilium
878 1491 900 1517 a
913 1476 1082 1518 Caesare
1097 1483 1248 1516 nostro
1264 1473 1317 1516 ad
1329 1475 1518 1517 Centum
1530 1470 1672 1516 Cellas

225 1565 241 1584 2
268 1550 371 1612 (hoc
400 1549 495 1593 loco
519 1550 699 1605 nomen)
720 1548 845 1607 longe
870 1547 1104 1590 maximam
1126 1547 1220 1606 cepi
1241 1545 1523 1606 voluptatem.
1549 1543 1670 1600 Quid

268 1625 384 1666 enim
413 1621 672 1682 jucundius,
697 1638 827 1681 quam
858 1620 1069 1681 principis
1098 1619 1342 1678 justitiam,
1379 1619 1636 1678 gravitatem
1658 1651 1669 1669 ‚

268 1697 520 1740 comitatem
546 1696 588 1737 in
608 1711 771 1738 secessu
791 1709 986 1753 quoque,
1011 1693 1085 1735 uhi
1113 1693 1203 1735 haec
1226 1692 1412 1734 maxime
1433 1689 1668 1734 recludun-

267 1779 360 1821 tur,
382 1767 621 1828 inspicere?
636 1769 830 1810 Fuerunt
849 1765 978 1808 variae
998 1765 1292 1824 cognitiones,
1310 1774 1353 1807 et
1373 1781 1468 1824 quae
1487 1763 1669 1824 virtutes
1722 1784 1724 1786 ’

224 1851 241 1883 3
263 1842 421 1903 judicis
461 1858 539 1902 per
579 1840 725 1901 plures
758 1839 919 1900 species
960 1838 1275 1898 experirentur.
1310 1837 1435 1882 Dixit
1472 1843 1668 1880 caussam

267 1914 477 1959 Claudius
505 1915 707 1967 Ariston,
736 1913 938 1973 princeps
970 1911 1286 1971 Ephesiorum,
1318 1910 1450 1952 homo
1488 1907 1670 1951 munifi-

267 2004 365 2041 cus,
394 1996 435 2030 et
462 1987 638 2030 innoxie
665 1985 886 2046 popularis
909 2002 916 2027 :
944 1984 1043 2027 inde
1071 1983 1235 2026 invidia
1252 2017 1262 2037 ,
1284 1990 1326 2025 et
1351 1982 1404 2025 ab
1432 1978 1668 2024 dissimilli-

322 2120 447 2151 XXXI.
464 2119 477 2135 *
507 2118 560 2150 Ad

267 2173 332 2206 nisi
349 2172 420 2205 haec
450 2184 518 2204 una
537 2171 681 2216 epistola
702 2169 781 2202 data
808 2175 934 2208 exstat,

266 2238 329 2259 nec
347 2225 428 2258 alibi
443 2225 565 2257 Noster
579 2226 651 2269 ejus
666 2222 876 2255 mentionem
889 2221 935 2253 fa-

266 2277 324 2311 cit.
345 2278 413 2310 En.

316 2343 345 2364 1.
363 2334 432 2362 Hoc
443 2332 511 2362 loco
527 2341 650 2360 nomen.
664 2327 766 2360 Forte
782 2327 839 2359 illo
854 2333 936 2359 tem-

266 2396 350 2429 pore
382 2386 510 2415 Centum
539 2383 696 2413 Cellas-um
725 2392 849 2412 nomen
874 2377 934 2411 de-

598 2120 764 2150 cornelian
770 2130 820 2148 um
864 2128 935 2149 non

266 2448 361 2468 mum
379 2434 510 2480 accepit
528 2445 535 2467 ζ
553 2433 682 2477 alioqui
699 2444 909 2477 supervacua
925 2458 933 2473 ‚

267 2489 423 2534 etglossae
437 2487 559 2520 similia
571 2486 653 2518 mihi
661 2485 860 2518 viderentur
870 2484 933 2516 tria

268 2542 330 2573 ista
352 2541 467 2574 verba.
496 2541 596 2572 Civica
620 2540 754 2570 vect-hia
786 2551 826 2571 eo
856 2538 933 2570 loco

269 2593 370 2626 hodie
385 2605 455 2626 esse
467 2617 474 2631 ‚
490 2591 614 2625 docent
625 2590 831 2635 Geographi.
847 2589 930 2621 Vid.

269 2646 330 2678 viri
344 2646 435 2679 docti
449 2643 494 2678 ad
509 2643 623 2677 Rutilii
642 2643 716 2675 itin.
734 2644 749 2675 I
761 2668 769 2682 ‚
791 2642 868 2688 237.
887 2641 930 2674 G.

318 2712 347 2731 2.
379 2700 439 2730 Ube¹
458 2700 524 2729 ha’c
552 2698 691 2729 maxime
716 2697 930 2727 recluduntur.

1000 2114 1109 2160 Magis
1121 2115 1210 2147 enim
1224 2114 1259 2146 in
1275 2125 1427 2153 secessu,
1444 2125 1548 2158 quam
1565 2112 1598 2145 in
1611 2112 1671 2144 ho-

1000 2168 1133 2200 minum
1163 2167 1355 2212 frequentia
1385 2173 1527 2211 apparet
1539 2191 1548 2205 ‚
1585 2177 1670 2197 num

999 2220 1076 2265 quis
1090 2232 1168 2252 vere
1188 2219 1228 2252 sit
1243 2222 1354 2266 justus
1367 2244 1375 2258 ‚
1394 2219 1525 2263 gravis,
1542 2217 1648 2250 comis
1660 2241 1668 2256 ,

1001 2284 1044 2305 an
1061 2272 1230 2318 justitiam
1243 2297 1251 2312 ‚
1280 2272 1482 2317 gravitatem
1495 2295 1504 2311 ‚
1531 2269 1670 2302 eomita-

1001 2333 1069 2357 tem
1085 2325 1232 2358 simulet.
1253 2325 1286 2359 S.

1049 2378 1081 2410 3.
1105 2380 1256 2410 Claudius
1272 2379 1412 2409 Ariston.
1439 2376 1493 2409 Sic
1513 2383 1546 2407 et
1570 2375 1667 2406 Rom.

999 2430 1119 2463 Postea
1131 2455 1140 2469 ,
1161 2432 1304 2462 innoxia:
1317 2429 1559 2473 popularitatis.
1571 2425 1615 2457 H.
1625 2445 1668 2450 —

1000 2485 1139 2515 Innooeie
1149 2486 1329 2527 popularis.
1350 2483 1405 2516 Sic
1424 2493 1462 2514 ex
1478 2479 1573 2512 libris
1588 2478 1670 2511 Cot·-

999 2534 1065 2567 tius
1082 2546 1089 2567 τ
1102 2534 1160 2567 sed
1177 2548 1239 2568 nec
1254 2533 1492 2568 damnaverim
1507 2531 1669 2570 alterum,

999 2589 1142 2619 innoxioe
1162 2589 1401 2631 popularitatis.
1423 2585 1466 2617 G.
1481 2604 1524 2609 —-
1540 2586 1586 2615 Ab
1610 2585 1671 2614 dis-

996 2642 1172 2673 sinn'llimis.
1194 2640 1235 2673 Id
1252 2648 1319 2678 est,
1341 2638 1513 2684 pessimis,
1538 2644 1573 2669 ut
1599 2636 1669 2681 ipse

998 2700 1068 2726 erat
1083 2693 1245 2737 optimus.
1262 2693 1378 2725 Liceat
1396 2690 1489 2723 enim
1504 2688 1604 2723 nobis
1618 2700 1668 2720 re-
