1742 2989
611 190 644 233 E
656 192 688 232 P
700 192 718 233 1
730 192 758 233 S
768 191 803 233 T
816 193 856 234 O
870 191 905 233 L
917 191 953 232 A
990 192 1019 232 1.

116 272 197 317 nisi
213 272 564 334 permittentibus
584 271 761 316 medicis
775 289 786 327 3
802 273 1048 331 sciantque,
1060 271 1094 312 si
1109 268 1308 312 dederint
1320 304 1330 323 ,
1347 269 1402 310 ita
1420 269 1516 310 vin-

115 348 382 401 dicaturum,
399 355 448 389 ut
462 344 602 388 solent
614 344 705 400 alii,
719 362 814 405 quae
828 353 1089 405 negantur.»
1103 342 1224 398 Quin
1237 342 1366 384 etiam
1379 357 1514 400 quum

115 429 319 480 perustus
345 418 647 462 ardentissima
676 418 808 473 febri,
840 417 1015 462 tandem
1046 415 1250 459 remissus
1276 423 1517 473 unctusque

115 494 356 554 acciperem
376 509 400 536 a
421 491 589 536 medico
609 492 854 552 potionem,
878 490 1053 552 porrexi
1070 504 1247 532 manum
1260 523 1270 542 ,
1293 496 1428 546 utque
1448 503 1517 529 me

116 575 334 626 tangeret,
361 564 473 619 dixi,
498 565 811 625 admotumque
832 566 921 625 jam
949 563 1080 608 labris
1107 560 1314 623 poculum
1334 559 1517 603 reddidi.

116 640 270 682 Postea
290 654 425 698 quum
448 639 653 682 vicesimo
672 637 931 681 valetudinis
950 636 1019 680 die
1038 634 1211 679 balineo
1231 649 1518 693 praepararer,

115 721 444 772 mussantesque
471 711 662 756 medicos
689 721 869 771 repente
897 710 1123 764 vidissem,
1154 723 1349 752 caussam
1376 707 1519 766 requi-

114 784 206 826 sivi.
227 783 588 844 Responderunt,
604 804 625 825 «
637 800 762 844 posse
782 801 851 827 me
872 793 967 827 tuto
985 782 1142 838 lavari,
1160 797 1248 824 non
1265 790 1410 824 tamen
1426 795 1517 822 om-

1427 184 1516 246 393

115 857 221 900 nino
236 858 328 900 sine
344 856 490 917 aliqua
509 857 805 917 suspicione.»
829 856 961 914 Quid,
989 856 1167 915 inquam
1181 890 1192 909 ,
1214 868 1394 897 necesse
1418 861 1484 894 est
1497 851 1518 893 s)

114 931 258 991 Atque
278 932 337 974 ita
356 947 431 991 spe
451 929 632 985 balinei,
651 931 721 974 cui
734 931 824 990 jam
840 929 1020 973 videbar
1035 928 1208 982 inferri,
1224 925 1393 988 placide
1414 924 1519 968 leni-

115 1013 267 1064 terque
282 1004 458 1048 dimissa
471 1039 482 1059 ,
500 1004 555 1047 ad
571 1004 880 1048 abstinentiam
895 1019 1043 1046 rursus
1057 1018 1146 1045 non
1161 1017 1282 1044 secus
1293 1034 1304 1053 ,
1325 1015 1374 1042 ac
1387 997 1518 1041 modo

114 1078 169 1120 ad
211 1077 454 1132 balineum,
489 1079 685 1121 animum
725 1076 984 1136 vultumque
1019 1075 1256 1134 composui.
1292 1074 1403 1128 Quae
1438 1071 1517 1114 tibi

112 1152 287 1211 scripsi,
310 1152 502 1211 primum
525 1160 574 1194 ut
596 1160 636 1194 te
654 1166 743 1193 non
763 1151 856 1193 sine
877 1147 1076 1208 exemplo
1096 1162 1320 1190 monerem
1333 1180 1344 1199 ,
1362 1143 1519 1187 deinde

113 1234 161 1268 ut
188 1225 233 1267 in
260 1234 484 1285 posterum
510 1226 601 1284 ipse
620 1224 676 1267 ad
695 1223 891 1267 eamdem
913 1221 1250 1281 temperantiam
1274 1217 1517 1277 adstringe·

114 1315 204 1349 rer,
239 1315 375 1359 quum
410 1314 479 1341 me
514 1298 597 1341 hac
628 1296 810 1357 epistola
838 1296 959 1356 quasi
987 1295 1171 1354 pignore
1200 1291 1517 1352 obligavissem.

112 1370 234 1415 Vale.

111 1500 297 1541 sciatisque,
310 1500 338 1530 si
351 1500 508 1529 dederint.
523 1497 567 1529 G.
579 1496 786 1529 -Adscivit

111 1550 282 1596 Gierigius
298 1551 378 1581 decis
390 1574 399 1590 ,
418 1551 605 1592 sciatisque,
625 1550 783 1580 dederitis.

110 1601 235 1635 Laudo
248 1603 392 1635 factum.
404 1603 438 1636 S.
450 1603 687 1634 —Solentalii.
701 1600 782 1634 Scil.

112 1654 293 1688 vindicare
311 1667 351 1687 ea
362 1679 370 1694 ‚
391 1668 464 1697 quae
479 1664 645 1698 negantur.
663 1654 703 1686 E.

160 1712 193 1747 4.
205 1709 307 1739 Febri.
323 1706 461 1740 Cortius
481 1719 521 1740 ex
536 1706 633 1739 libris
652 1706 721 1738 suis
727 1708 785 1749 fe-

113 1762 176 1792 bre.
192 1758 275 1792 Vid.
291 1760 392 1793 Voss.
409 1758 453 1792 de
465 1759 612 1804 Analog.
630 1758 708 1791 Lib.
728 1758 764 1790 II
775 1783 783 1797 ,

111 1824 187 1857 cap.
213 1823 267 1851 12,
295 1825 328 1857 p.
351 1824 397 1844 m.
419 1823 497 1855 729.
520 1812 554 1845 S.
573 1832 616 1836 -—
631 1813 785 1843 Remissus

112 1874 299 1906 unctusque.
326 1863 559 1897 Commodum
582 1864 650 1896 11110
669 1863 786 1895 retulit

111 1916 282 1950 Cellarius
296 1916 387 1950 Celsi
403 1916 643 1949 auctoritatem
656 1917 691 1948 II
702 1941 711 1956 ‚
729 1927 742 1948 1
751 1918 784 1953 4.

112 1968 226 2014 Ungi,
253 1969 468 2014 «leniterque
487 1967 691 2014 pertractari
710 1980 785 2001 cor-

112 2033 178 2066 pus
200 2021 301 2054 etiam
326 2022 360 2054 in
392 2021 501 2054 acutis
528 2029 561 2053 et
591 2021 785 2054 recentibus

113 2074 243 2106 morbis
257 2082 390 2119 oportet
401 2086 409 2113 ;
422 2090 435 2103 »
456 2074 489 2106 in
504 2073 786 2106 re1nissi0ne·‹ta-

113 2138 194 2158 men
208 2151 217 2165 ,
241 2134 273 2158 et
295 2134 375 2159 ante
391 2126 520 2158 cibum.
536 2142 548 2154 n
566 2126 610 2157 G.
626 2146 670 2150 -
684 2130 724 2158 Ut
738 2140 786 2157 me

114 2188 268 2222 tangeret.
279 2179 484 2224 Exploraret
494 2186 567 2211 tum
579 2178 706 2211 arteria
716 2187 787 2211 tan-

113 2230 238 2276 genda,
249 2239 324 2264 tum
336 2232 451 2264 calore
465 2230 699 2271 observando,
712 2244 788 2276 pos-

114 2290 208 2316 setne
224 2291 298 2317 tuto
311 2283 386 2316 dari
401 2292 516 2329 potus.
532 2285 727 2330 Antequam
745 2283 787 2316 de

114 2334 181 2368 1100
192 2344 377 2376 constaret,
389 2337 505 2369 bibere
517 2335 659 2377 scilicet,
670 2337 788 2370 sitiens

112 2388 193 2422 licet
204 2396 412 2434 exustasque
421 2414 429 2428 ‚
437 2388 789 2422 noluit.G.·—-C0rtius

115 2451 212 2484 utque
225 2452 379 2485 tangeret.
393 2442 601 2475 Pronomine
616 2442 717 2475 facile
733 2454 787 2474 ca-

115 2505 244 2527 remus.
259 2495 294 2528 S.

163 2547 196 2579 5.
212 2550 454 2590 sllnssantesquc
480 2549 628 2578 medicos.
658 2548 786 2579 Confe-

115 2605 227 2632 rentes
241 2599 375 2645 capita,
393 2607 428 2632 ut
443 2598 475 2631 in
494 2611 531 2631 re
544 2598 685 2644 ancipiti
699 2624 707 2638 ‚
725 2607 788 2632 ter-

850 1496 1074 1540 giversantes,
1086 1493 1246 1538 proloqui
1257 1503 1372 1525 tamen
1384 1504 1452 1524 non
1464 1505 1523 1524 au-

851 1560 906 1581 sos
916 1573 925 1587 ‚
940 1559 983 1580 ne
1000 1545 1186 1579 refutanda
1197 1570 1205 1585 ,
1225 1553 1317 1578 certe
1332 1543 1521 1590 rejicienda

850 1608 953 1646 atque
971 1599 1186 1639 differenda,
1206 1597 1395 1643 cupiditate
1414 1610 1521 1643 aegro-

850 1654 954 1686 tantis
965 1678 973 1693 ‚
991 1654 1105 1698 ipsum
1123 1651 1364 1685 contristarent
1379 1675 1388 1689 ‚
1407 1650 1461 1683 vel
1477 1649 1521 1682 ad

851 1706 940 1738 iram
966 1704 1052 1738 adeo
1070 1704 1267 1737 incitarent.
1289 1701 1521 1748 Cogitandum

852 1757 914 1790 tibi
933 1765 983 1790 est
996 1783 1005 1798 ,
1029 1758 1135 1790 lector
1148 1781 1156 1796 ‚
1179 1756 1207 1789 si
1225 1755 1311 1789 velis
1329 1755 1400 1788 vim
1418 1754 1522 1800 hujus

851 1809 917 1843 loci
927 1835 935 1850 ,
950 1817 983 1843 et
996 1809 1238 1843 abstinentiam
1249 1807 1399 1841 Secundi
1414 1807 1521 1840 nostri

850 1863 1042 1908 percipere,
1054 1862 1255 1895 balneorum
1268 1873 1366 1893 usum
1383 1859 1448 1891 illis
1459 1858 1522 1891 ho-

850 1916 1002 1948 minibus
1030 1914 1269 1959 quotidianum
1282 1939 1291 1954 ‚
1320 1920 1523 1957 partemque

851 1981 970 2001 earum
987 1979 1101 2000 rerum
1116 1991 1125 2006 ‚
1140 1967 1356 2012 voluptatum
1370 1990 1378 2003 ,
1397 1964 1502 1997 fuisse
1512 1991 1521 2005 ,

850 2020 977 2065 quibus
999 2022 1085 2051 dolet
1106 2028 1225 2050 natura
1247 2019 1380 2061 negatis.
1395 2017 1439 2049 G.

899 2085 930 2116 7.
946 2074 1179 2115 Adstringerer.
1197 2071 1291 2103 Inter
1307 2069 1522 2115 elegantissi-

851 2138 926 2158 mos
945 2125 1039 2157 hunc
1063 2125 1179 2156 locum
1204 2123 1316 2156 refero
1332 2134 1339 2155 τ
1357 2121 1445 2154 adeo
1469 2135 1523 2154 ve-

850 2186 950 2211 nuste
969 2183 1108 2211 excusat
1126 2177 1390 2222 περιαυτολογίαν
1411 2187 1521 2207 suam.

852 2232 1021 2263 Caeterum
1048 2230 1096 2262 sic
1125 2228 1246 2274 optimi
1276 2228 1405 2273 quique
1430 2227 1521 2259 libri.

854 2282 1089 2315 Cellarianum
1116 2284 1327 2324 adm-ingeres
1351 2287 1521 2312 servatum

855 2334 991 2368 videtur
1001 2348 1041 2368 ex
1050 2334 1306 2372 Boxhorniana,
1316 2333 1350 2365 in
1362 2344 1466 2377 quam
1479 2339 1523 2364 te-

855 2400 949 2420 mere
973 2387 1119 2433 irrepsit.
1140 2386 1230 2419 Illud
1248 2386 1414 2430 placeret,
1431 2384 1457 2415 si
1477 2384 1521 2416 le-

855 2448 994 2485 geretur
1019 2440 1112 2472 :«Ut
1134 2439 1167 2471 in
1188 2446 1361 2484 posterum
1385 2436 1456 2480 ipse
1478 2436 1521 2468 ad

853 2491 1010 2526 eamdem
1031 2505 1080 2524 me
1092 2491 1291 2537 patientiam
1304 2507 1316 2517 ι»
1335 2488 1522 2532 adstringe-

852 2558 926 2585 res,
949 2558 1057 2591 quum
1084 2557 1138 2576 1110
1162 2543 1226 2576 hac
1253 2541 1398 2587 epistola
1424 2539 1522 2585 quasi

854 2598 995 2643 pignore
1007 2623 1016 2637 ‚
1037 2605 1102 2631 etc.
1116 2596 1158 2629 G.

1544 350 1561 385 4

1543 929 1562 959 (3
