1742 2989
612 194 962 238 EPISTOLA
996 196 1048 237 V.
1438 197 1528 242 333

125 284 281 319 neuter
309 272 586 318 contumeliis
613 275 883 334 temperavit.
909 273 1024 319 Nolo
1048 274 1229 331 referre,
1248 292 1343 336 quae
1367 277 1451 321 dici
1474 279 1526 321 ab
1553 294 1573 329 s,

126 348 230 408 ipsis
257 347 436 399 moleste
465 345 544 389 tuli
568 363 577 389 :
603 363 691 406 quo
717 348 854 407 magis
878 346 1087 407 quosdam
1116 364 1138 391 e
1164 364 1347 392 numero
1378 361 1527 394 nostro

125 419 389 480 improbavi,
405 419 478 479 qui
495 419 625 462 modo
639 419 690 462 ad
710 419 882 463 Celsum
896 455 906 473 ‚
926 419 1055 463 modo
1076 420 1129 463 ad
1145 422 1382 480 Nepotem,
1397 433 1528 481 prout

123 492 195 536 hic
230 492 295 535 vel
328 491 398 535 ille
433 491 620 546 diceret,
648 492 886 552 cupiditate
921 492 1125 535 audiendi
1160 493 1455 549 cursitabant3
1485 505 1528 537 et

125 582 270 618 nunc,
295 564 416 625 quasi
446 564 720 608 stimularent
745 575 786 608 et
816 564 1122 618 accenderent,
1147 564 1288 618 nuncg
1312 566 1434 625 quasi
1462 583 1528 610 re-

123 636 407 681 conciliarent
426 636 847 697 componerentque{
865 637 1135 698 frequentius
1154 638 1335 698 singulis
1348 673 1358 693 ‚
1378 640 1527 682 ambo-

121 709 202 752 bus
230 708 475 764 interdum,
500 711 739 770 propitium
762 712 996 766 Caesarem,
1019 720 1067 754 ut
1090 712 1133 753 in
1162 710 1329 755 ludicro
1356 711 1525 775 aliquo,

120 781 428 841 precabantur.
455 782 566 825 Mihi
593 782 771 843 quidem
801 782 905 826 illud
932 783 1063 826 etiam
1094 784 1381 843 peracerbum
1412 784 1521 841 fuit,
1550 801 1567 833 5

120 853 237 913 quod
268 864 371 899 sunt
398 854 507 898 alter
541 854 689 910 alteri,
720 855 823 916 quid
855 866 1083 915 pararent,
1111 856 1304 909 indicati.
1332 858 1447 901 Nam
1482 867 1526 900 et

118 925 271 970 Celsus
294 928 455 988 Nepoti
479 944 530 971 ex
556 927 700 971 libello
721 928 961 988 respondit,
983 939 1025 973 et
1045 929 1172 973 Celso
1194 931 1343 991 Nepos
1370 947 1420 974 ex
1446 947 1525 990 pu-

120 998 361 1060 gillaribus.
390 1002 530 1044 Tanta
562 1000 797 1061 loquacitas
833 1003 1071 1045 amicorum
1108 1002 1212 1057 fuit,
1243 1012 1290 1045 ut
1323 1003 1523 1046 homines
1548 1011 1567 1042 6

116 1072 336 1133 jurgaturi
357 1073 400 1116 id
419 1073 561 1134 ipsum
580 1074 764 1118 invicem
782 1075 960 1129 scirent,
978 1085 1185 1135 tanquam
1207 1076 1522 1119 convenissent.

118 1144 239 1189 Vale.

165 1275 199 1311 4.
218 1275 261 1303 Ut
281 1274 312 1302 in
333 1273 465 1303 ludicro.
483 1272 524 1304 In
545 1270 634 1304 ludis
656 1271 784 1317 gladia-

117 1323 212 1356 toriis
233 1335 295 1356 suo
306 1323 358 1356 vel
367 1323 554 1357 Threcivel
573 1324 785 1364 mirmilloni;

117 1376 151 1407 in
171 1375 392 1409 Circensibus
412 1388 474 1409 suo
493 1389 595 1422 quem
615 1377 714 1422 elegit
729 1389 786 1409 co-

116 1427 180 1460 lori
197 1426 283 1471 (vid.
298 1428 348 1460 IX
359 1452 367 1467 ,
387 1430 407 1461 6
418 1452 427 1468 ,
446 1431 494 1472 2‚)
507 1429 651 1474 quisque
665 1438 700 1461 ut
714 1430 786 1474 ipse

117 1480 227 1521 favet,
259 1480 307 1512 ita
338 1479 451 1512 favere
480 1488 575 1526 optat
606 1482 784 1514 Caesarem.

117 1532 304 1576 Compositi
333 1532 391 1565 hic
420 1540 537 1573 erant⁷
565 1541 596 1566 et
623 1534 785 1566 acerrime

116 1584 294 1617 certabant
312 1583 377 1617 viri
397 1597 528 1629 graves.
550 1585 618 1618 Hos
639 1585 785 1619 favendo

114 1636 258 1670 incitant
269 1636 437 1670 homines.
451 1637 494 1670 G.
506 1658 548 1662 -
559 1638 667 1670 Etiam
684 1640 782 1671 Rom.

118 1692 159 1721 Ut
175 1691 207 1720 ιἰι
228 1691 350 1720 ludicro
371 1692 480 1732 aliquo
498 1694 721 1732 precabantur.
739 1691 784 1724 H.

162 1742 194 1774 5.
210 1744 303 1772 Sunt.
320 1766 326 1771 .
344 1767 350 1773 .
367 1744 527 1774 judicati.
547 1743 681 1775 Effutiit
696 1756 728 1775 v.
749 1755 784 1787 g.

116 1792 236 1837 aliquis
274 1792 366 1837 apud
400 1795 566 1838 Nepotem
582 1819 591 1834 ,
616 1793 700 1840 quid
738 1794 786 1827 di—

115 1852 232 1877 cturus
257 1853 344 1877 esset
366 1847 551 1879 Jubentius
565 1872 573 1886 ‚
594 1855 625 1879 et
641 1859 760 1879 rursus
773 1871 782 1886 ,

114 1896 198 1941 quid
214 1897 271 1929 hic
287 1910 513 1943 responsurus
531 1906 637 1939 esset,
657 1899 703 1932 ad
720 1900 785 1932 Ne-

114 1956 231 1993 potem
245 1950 393 1984 relatum
408 1959 456 1986 est
472 1977 481 1992 ‚
497 1960 561 1985 etc.
576 1951 617 1985 G.

899 1276 932 1305 6.
952 1275 995 1303 ld
1012 1275 1131 1315 ipsum,
1152 1279 1216 1305 etc.
1246 1274 1344 1306 Rom.
1364 1275 1408 1304 Id
1422 1276 1522 1316 ipsam

853 1326 981 1356 invicem
1006 1327 1152 1362 scierint,
1183 1334 1337 1367 tanquam
1367 1329 1523 1358 convenis-

851 1387 928 1409 sent.
944 1376 1070 1410 Meflic.
1088 1379 1219 1415 scz'rinc,
1239 1390 1316 1409 cum
1337 1379 1433 1410 Rom.
1452 1378 1524 1411 fere

852 1429 1082 1461 consentiens.
1109 1429 1175 1461 Pro
1200 1432 1416 1461 convenissent
1440 1429 1522 1463 Ald.

852 1481 886 1513 in
901 1481 1010 1525 prima
1025 1489 1056 1514 et
1071 1482 1195 1514 Catan.
1207 1485 1413 1520 convenisset,
1429 1481 1525 1527 quod

851 1535 976 1566 verius
1000 1537 1149 1566 Convenit
1167 1536 1248 1565 inter
1266 1537 1390 1576 aliquos
1413 1537 1465 1572 id,
1487 1535 1523 1566 in

851 1586 945 1631 quod
965 1586 1015 1618 illi
1034 1587 1264 1619 consentiunt.
1287 1587 1425 1620 Curtius
1440 1587 1524 1619 liber

850 1639 937 1670 VIII
951 1664 958 1677 ‚
985 1644 1044 1680 14,
1068 1652 1120 1683 pr.
1143 1655 1155 1667 υ
1171 1639 1346 1671 Abisarem
1368 1639 1448 1672 belli
1467 1651 1523 1672 so-

852 1690 942 1723 cium
959 1692 1004 1732 (et
1031 1691 1077 1723 ita
1100 1694 1322 1734 convenerat)
1338 1690 1523 1723 adventare

852 1742 1051 1776 credebat.»
1082 1742 1134 1775 Id.
1160 1743 1219 1774 lib.
1242 1742 1291 1782 X,
1314 1755 1389 1787 cap.
1409 1744 1428 1776 8
1443 1768 1452 1783 ‚
1476 1754 1521 1786 9:

854 1811 867 1824 ι
878 1795 929 1826 Ad
944 1794 1105 1826 ultimum
1120 1795 1299 1835 convenit,
1315 1803 1351 1827 ut
1365 1807 1522 1841 compre-

850 1846 1088 1879 henderentur
1098 1854 1166 1879 tam
1181 1846 1347 1880 seditiosae
1357 1848 1450 1880 vocis
1465 1859 1522 1879 au-

850 1906 997 1932 morere.»
1016 1898 1097 1932 Vid.
1125 1899 1218 1932 Bosii
1244 1899 1350 1933 indic.
1372 1899 1416 1932 ad
1438 1900 1521 1933 Cor-

852 1951 918 1984 nel.
937 1952 1023 1997 Nep.
1044 1951 1080 1984 h.
1097 1964 1129 1985 v.
1150 1951 1193 1984 H.
