1742 2989
182 214 267 260 188
570 217 619 259 C.
660 215 885 258 PLINII
922 213 1048 256 LIB.
1089 213 1180 256 III.

173 295 236 339 bil
261 295 388 356 agitis
402 330 412 350 ‚
433 295 600 356 inquit3
621 295 802 355 potestis
826 294 943 338 enim
964 293 1157 348 efficere,
1179 302 1229 337 ut
1254 291 1366 336 male
1393 293 1578 345 moriar3

110 389 148 411 12
173 385 229 412 ne
253 370 439 425 moriar,
459 385 548 412 non
574 369 807 429 potestis.»
832 370 952 412 Dum
974 369 1066 413 haec
1090 367 1221 423 dicit,
1241 365 1415 410 exsiluit
1433 365 1578 409 cathe-

173 441 249 485 dra
264 476 275 495 ‚
305 441 573 502 adversoque
607 441 763 502 parieti
798 451 931 502 caput
964 442 1133 504 ingenti
1168 442 1337 501 impetu
1371 439 1577 500 impegit,

173 525 216 558 et
239 515 419 559 corruit.
443 514 700 559 Refocillata
716 550 727 571 ‚
752 534 773 555 e<
787 515 1020 571 Dixeram,
1050 516 1194 576 inquit
1210 550 1221 569 ‚
1241 513 1364 558 vobis
1378 547 1391 568 ,
1422 511 1579 555 inven-

173 598 318 632 turam
340 605 408 632 me
420 624 431 643 ,
447 587 687 649 quamlibet
707 587 863 632 duram
877 623 888 643 ‚
908 587 963 632 ad
981 598 1166 633 mortem
1187 588 1301 632 viam
1316 623 1328 643 ‚
1343 587 1376 631 si
1391 603 1468 630 vos
1481 585 1579 629 faci-

110 674 149 707 13
174 661 257 706 lem
274 662 554 723 negassetis.»
566 661 842 706 Videnturne
855 662 947 706 haec
962 662 1039 706 tibi
1053 662 1221 722 majora
1235 660 1321 715 illo,
1334 660 1474 715 Paele,
1490 674 1581 702 non

173 735 322 791 dolet,
343 736 398 779 ad
412 735 530 797 quod
544 752 622 796 per
635 736 726 780 haec
744 745 1004 796 perventum
1019 736 1112 780 est?
1125 752 1261 796 quum
1281 733 1457 778 interim
1472 731 1581 776 illud

174 810 352 870 quidem
379 810 534 871 ingens
556 809 692 865 fama,
711 810 804 855 haec
827 809 947 854 nulla
974 809 1239 855 circumfert.
1261 808 1390 853 Unde
1411 805 1579 867 colligi-

174 894 270 939 tur,
287 883 405 944 quod
430 883 557 926 initio
578 883 694 940 dixi,
715 883 800 927 alia
820 900 911 928 esse
930 882 1139 939 clariora,
1157 882 1240 926 alia
1262 881 1442 942 majora.
1455 877 1578 924 Vale.

225 1020 237 1040 1
249 1020 277 1040 1.
302 1011 343 1040 Ut
355 1010 438 1040 male
452 1009 584 1041 moriar.
599 1006 680 1040 Mox
699 1009 783 1040 dura
802 1010 849 1039 ad

174 1070 306 1093 mortem
319 1063 388 1093 via.
405 1061 456 1094 De
467 1060 533 1093 alia
543 1061 647 1108 hujus
663 1060 846 1094 locutionis

173 1113 424 1159 significatione
449 1113 518 1148 vid.
535 1114 679 1148 Gesneri
694 1114 737 1147 ad
755 1115 785 1148 I.
802 1115 842 1148 A.

173 1167 369 1200 Ernestium
386 1167 543 1213 epistola.
564 1168 598 1201 S.

911 1020 981 1041 non
997 1032 1005 1048 ,
1020 1014 1057 1040 ut
1071 1006 1194 1053 saepius
1205 1031 1214 1047 ,
1228 1005 1394 1052 negantis.
1413 1004 1510 1038 Infra
1525 1017 1579 1050 ep.

914 1072 969 1101 21,
991 1063 1024 1094 6.
1055 1060 1249 1094 «Meritone
1275 1071 1371 1093 enin.
1387 1083 1394 1090 .
1411 1084 1418 1090 .
1434 1065 1483 1091 ,et
1501 1064 1583 1090 tunc

911 1113 1026 1148 dimisi
1045 1113 1270 1153 amicissime,
1289 1120 1375 1146 etc.»
1395 1111 1506 1157 Supra
1525 1111 1560 1142 II
1573 1134 1583 1150 ,

916 1179 971 1211 17,
989 1180 1042 1212 29.
1058 1183 1071 1196 α
1081 1167 1100 1199 J
1103 1166 1231 1200 ustisne
1239 1165 1282 1199 de
1295 1165 1420 1199 caussis
1435 1176 1513 1197 eum
1524 1162 1585 1195 tibi

225 1232 278 1254 12.
302 1223 463 1253 Cachedra
482 1220 518 1253 in
538 1219 655 1266 primis
674 1219 757 1253 sella
774 1227 847 1253 erat

173 1274 374 1309 mulierum.
394 1275 460 1307 ED.

220 1347 265 1351 —
290 1328 483 1371 Refocillata
499 1352 509 1368 ‚
532 1329 701 1366 dixeram,
729 1328 843 1369 inquit.

173 1381 270 1412 Rom.
288 1382 463 1419 Focillata,
484 1382 648 1419 dixeram,
668 1381 781 1422 inquit.
803 1378 845 1410 H.

173 1452 219 1457 -—
235 1431 405 1479 Gierigius
418 1433 718 1479 recepitfhcillczca.
730 1432 797 1465 ΕΙ).

226 1486 277 1519 13.
298 1489 500 1519 Videnturne.
517 1485 557 1519 Id
579 1494 647 1526 est,
663 1498 779 1519 annon
798 1485 846 1517 vi-

175 1536 325 1571 dentur?
343 1559 387 1563 -
405 1543 456 1571 lvo
473 1539 530 1572 hic
550 1538 755 1572 affirmantis
774 1545 846 1578 est,

175 1664 231 1674 ἱππ
237 1664 905 1675 Μωνιιιτ-ιιιὶωιιιιννιικνιινιω

910 1220 1031 1254 videor
1043 1219 1192 1255 incolere
1203 1244 1212 1261 ‚
1226 1217 1399 1253 etc.»Vid.
1418 1216 1581 1262 Heusing.

912 1273 957 1307 ad
970 1275 1079 1309 Cicer.
1095 1273 1138 1307 de
1150 1273 1244 1307 offic.
1261 1285 1339 1318 pag.
1354 1272 1434 1315 693.
1446 1271 1481 1305 S.

958 1348 1003 1352 -—
1020 1329 1110 1359 Unde
1127 1328 1302 1369 colligitur.
1318 1350 1325 1357 .
1342 1325 1498 1368 .majora.
1517 1321 1585 1354 Ad-

912 1394 999 1414 nexa
1015 1380 1087 1414 haec
1103 1379 1296 1426 perinvitus
1314 1377 1416 1411 video
1430 1402 1439 1418 ,
1461 1374 1586 1422 gaude-

911 1446 1055 1478 remque
1067 1459 1075 1473 ‚
1091 1433 1119 1466 si
1132 1432 1209 1478 quis
1222 1445 1262 1465 ea
1274 1430 1382 1464 codex
1394 1442 1465 1462 non
1482 1440 1586 1474 agno-

912 1494 1033 1519 sceret.
1047 1485 1146 1518 Talia
1165 1484 1340 1530 margines
1357 1494 1418 1528 per
1437 1494 1493 1515 me
1506 1481 1586 1514 licet

913 1537 1107 1571 obsideant.
1128 1538 1162 1571 S.

907 1658 1573 1674 mmmswsxmmxuxaexwmmsnsttss

768 1817 984 1873 XVII.

178 1968 323 2006 Anxius
351 1968 398 2005 de
425 1969 544 2005 salute
572 1968 683 2005 amici
713 1966 763 2004 ob
788 1967 979 2004 silentium
1002 1966 1104 2016 ejus,
1124 1972 1273 2009 monet,
1296 1972 1337 2000 ut
1362 1960 1584 2012 propediem

678 2031 848 2076 nuntiet,
868 2030 961 2081 quid
982 2038 1076 2080 agat.

439 2162 474 2189 C.
514 2162 741 2191 PLINIUS
776 2160 1067 2190 SERVIANO
1099 2143 1117 2161 κ

1153 2158 1254 2187 SUO
1290 2158 1324 2186 S.

243 2270 459 2313 RECTENE
479 2268 652 2312 omnia?
666 2269 784 2329 quod
797 2268 1061 2330 jampridem
1081 2265 1273 2328 epistolae
1293 2277 1378 2310 tuae
1397 2275 1580 2310 cessant.

137 2370 142 2376 ·
180 2344 248 2387 An
281 2342 427 2387 omnia
454 2351 595 2396 recte3
620 2342 694 2386 sed
722 2352 961 2403 occupatus
990 2357 1034 2385 es
1061 2339 1140 2384 tu?
1164 2342 1231 2384 An
1259 2349 1307 2383 tu
1334 2356 1423 2383 non
1452 2355 1586 2383 occu-

226 2469 340 2501 XVII.
358 2468 373 2484 *
394 2469 543 2499 Serviano
566 2467 689 2500 Noster
715 2467 847 2512 scripsit

180 2522 282 2556 etiam
295 2521 346 2553 VI
358 2545 366 2560 ‚
385 2533 438 2566 ep.
462 2522 502 2552 26
515 2544 523 2559 ‚
539 2532 647 2565 quum
664 2519 721 2553 ille
737 2520 848 2553 Fusco

180 2573 363 2609 Salinatori
385 2572 492 2606 filiam
517 2571 730 2605 destinasset.
764 2573 848 2604 Prae-

181 2628 246 2660 fuit
270 2626 484 2666 Germaniae,
503 2634 537 2659 et
560 2624 639 2658 inde
659 2624 789 2658 transiit
813 2625 847 2657 in

183 2681 407 2713 Pannoniam.
419 2679 490 2713 Sub
509 2678 675 2717 Adriano,
687 2680 782 2724 cujus
799 2690 849 2709 so-

184 2745 294 2765 rorem
310 2732 489 2765 Paulinam
506 2732 539 2765 in
556 2730 777 2765 matrimonio
791 2730 849 2763 ha-

913 2466 1015 2499 bebat
1033 2490 1042 2505 ‚
1062 2466 1114 2498 bis
1140 2463 1358 2497 consulatum
1380 2461 1480 2507 gessit
1498 2473 1507 2501 3
1525 2461 1586 2494 sed

914 2518 1177 2564 nonagesimum
1198 2528 1330 2549 annum
1355 2527 1480 2560 agens,
1500 2514 1587 2547 mori

916 2573 959 2605 ab
972 2585 1013 2605 eo
1030 2577 1169 2604 coactus
1188 2577 1250 2602 est.
1266 2569 1331 2601 En.

966 2638 995 2656 1.
1026 2627 1157 2655 Rectene
1186 2623 1320 2654 omnia.³
1353 2618 1581 2663 Interrogatio

914 2675 1048 2710 solliciti
1072 2683 1104 2709 et
1130 2673 1311 2708 metuentis
1337 2670 1470 2716 aliquid
1502 2669 1584 2703 sini-

916 2737 1023 2763 strum
1039 2754 1047 2769 ‚
1074 2736 1111 2761 ut
1131 2727 1215 2761 illud
1238 2727 1467 2759 satin'salm’:²
1489 2722 1580 2769 apud
