<?xml version="1.0" encoding="UTF-8"?>
<!DOCTYPE html PUBLIC "-//W3C//DTD XHTML 1.0 Transitional//EN"
    "http://www.w3.org/TR/xhtml1/DTD/xhtml1-transitional.dtd">
<html xmlns="http://www.w3.org/1999/xhtml" xml:lang="en" lang="en">
 <head>
  <title>
</title>
<meta http-equiv="Content-Type" content="text/html;charset=utf-8" />
  <meta name='ocr-system' content='tesseract 3.04.00' />
  <meta name='ocr-capabilities' content='ocr_page ocr_carea ocr_par ocr_line ocrx_word'/>
</head>
<body>
  <div class='ocr_page' id='page_1' title='image "./epistolarumlibri01plinuoft_0329.png"; bbox 0 0 1742 2989; ppageno 0'>
   <div class='ocr_carea' id='block_1_1' title="bbox 131 204 1579 345">
    <p class='ocr_par' dir='ltr' id='par_1_1' title="bbox 131 204 1579 345">
     <span class='ocr_line' id='line_1_1' title="bbox 572 204 1530 265; baseline 0.001 -20"><span class='ocrx_word' id='word_1_1' title='bbox 572 204 919 247; x_wconf 62' lang='lat' dir='ltr'>EPISTULA</span> <span class='ocrx_word' id='word_1_2' title='bbox 953 204 1094 245; x_wconf 76' lang='lat' dir='ltr'><strong>XIX.</strong></span> <span class='ocrx_word' id='word_1_3' title='bbox 1444 206 1530 265; x_wconf 53' lang='lat'>9227</span> 
     </span>
     <span class='ocr_line' id='line_1_2' title="bbox 131 285 1579 345; baseline 0 -17"><span class='ocrx_word' id='word_1_4' title='bbox 131 285 208 328; x_wconf 85' lang='lat' dir='ltr'>nis.</span> <span class='ocrx_word' id='word_1_5' title='bbox 233 285 367 341; x_wconf 84' lang='lat' dir='ltr'>Quod</span> <span class='ocrx_word' id='word_1_6' title='bbox 402 285 433 327; x_wconf 82' lang='lat' dir='ltr'>si</span> <span class='ocrx_word' id='word_1_7' title='bbox 468 285 584 336; x_wconf 76' lang='lat' dir='ltr'>haec,</span> <span class='ocrx_word' id='word_1_8' title='bbox 611 302 705 345; x_wconf 81' lang='lat' dir='ltr'>quae</span> <span class='ocrx_word' id='word_1_9' title='bbox 740 295 842 329; x_wconf 83' lang='lat' dir='ltr'>sunt</span> <span class='ocrx_word' id='word_1_10' title='bbox 875 295 917 329; x_wconf 91' lang='lat' dir='ltr'>et</span> <span class='ocrx_word' id='word_1_11' title='bbox 944 286 1125 338; x_wconf 80' lang='lat' dir='ltr'>Latina,</span> <span class='ocrx_word' id='word_1_12' title='bbox 1151 293 1193 327; x_wconf 89' lang='lat' dir='ltr'>et</span> <span class='ocrx_word' id='word_1_13' title='bbox 1224 301 1344 338; x_wconf 76' lang='lat' dir='ltr'>mea,</span> <span class='ocrx_word' id='word_1_14' title='bbox 1373 286 1534 329; x_wconf 81' lang='lat' dir='ltr'>habere</span> <span class='ocrx_word' id='word_1_15' title='bbox 1564 310 1579 328; x_wconf 85' lang='lat'><strong>2</strong></span> 
     </span>
    </p>
   </div>
   <div class='ocr_carea' id='block_1_2' title="bbox 131 357 1536 491">
    <p class='ocr_par' dir='ltr' id='par_1_2' title="bbox 131 357 1536 491">
     <span class='ocr_line' id='line_1_3' title="bbox 132 357 1536 419; baseline 0.002 -19"><span class='ocrx_word' id='word_1_16' title='bbox 132 358 209 400; x_wconf 86' lang='lat' dir='ltr'>tibi</span> <span class='ocrx_word' id='word_1_17' title='bbox 236 357 400 417; x_wconf 83' lang='lat' dir='ltr'>aliquid</span> <span class='ocrx_word' id='word_1_18' title='bbox 427 360 664 402; x_wconf 81' lang='lat' dir='ltr'>venustatis</span> <span class='ocrx_word' id='word_1_19' title='bbox 691 359 978 411; x_wconf 75' lang='lat' dir='ltr'>videbuntur,</span> <span class='ocrx_word' id='word_1_20' title='bbox 1002 368 1215 419; x_wconf 77' lang='lat' dir='ltr'>quantum</span> <span class='ocrx_word' id='word_1_21' title='bbox 1244 368 1370 419; x_wconf 88' lang='lat' dir='ltr'>putas</span> <span class='ocrx_word' id='word_1_22' title='bbox 1388 360 1536 403; x_wconf 82' lang='lat' dir='ltr'>inesse</span> 
     </span>
     <span class='ocr_line' id='line_1_4' title="bbox 131 430 1482 491; baseline 0.001 -17"><span class='ocrx_word' id='word_1_23' title='bbox 131 432 190 474; x_wconf 85' lang='lat' dir='ltr'>eis</span> <span class='ocrx_word' id='word_1_24' title='bbox 217 432 389 491; x_wconf 77' lang='lat' dir='ltr'>gratiae,</span> <span class='ocrx_word' id='word_1_25' title='bbox 416 447 511 491; x_wconf 79' lang='lat' dir='ltr'>quae</span> <span class='ocrx_word' id='word_1_26' title='bbox 540 441 583 474; x_wconf 90' lang='lat' dir='ltr'>et</span> <span class='ocrx_word' id='word_1_27' title='bbox 613 448 635 474; x_wconf 87' lang='lat' dir='ltr'>a</span> <span class='ocrx_word' id='word_1_28' title='bbox 663 442 727 485; x_wconf 81' lang='lat' dir='ltr'>te,</span> <span class='ocrx_word' id='word_1_29' title='bbox 755 442 798 475; x_wconf 82' lang='lat' dir='ltr'>et</span> <span class='ocrx_word' id='word_1_30' title='bbox 824 435 997 487; x_wconf 65' lang='lat' dir='ltr'>Graece,</span> <span class='ocrx_word' id='word_1_31' title='bbox 1021 430 1337 491; x_wconf 76' lang='lat' dir='ltr'>proferuntur?</span> <span class='ocrx_word' id='word_1_32' title='bbox 1361 431 1482 475; x_wconf 87' lang='lat' dir='ltr'>Vale.</span> 
     </span>
    </p>
   </div>
   <div class='ocr_carea' id='block_1_3' title="bbox 131 556 799 708">
    <p class='ocr_par' dir='ltr' id='par_1_3' title="bbox 131 556 799 708">
     <span class='ocr_line' id='line_1_5' title="bbox 132 556 797 602; baseline 0.006 -14"><span class='ocrx_word' id='word_1_33' title='bbox 132 556 175 589; x_wconf 81' lang='lat' dir='ltr'>(le</span> <span class='ocrx_word' id='word_1_34' title='bbox 191 559 416 589; x_wconf 70' lang='lat' dir='ltr'>lzomoeomeria</span> <span class='ocrx_word' id='word_1_35' title='bbox 436 558 645 602; x_wconf 67' lang='lat' dir='ltr'>Anaxagora)</span> <span class='ocrx_word' id='word_1_36' title='bbox 665 559 701 598; x_wconf 87' lang='lat' dir='ltr'>I,</span> <span class='ocrx_word' id='word_1_37' title='bbox 721 559 797 592; x_wconf 78' lang='lat'>832.</span> 
     </span>
     <span class='ocr_line' id='line_1_6' title="bbox 133 609 799 650; baseline 0.005 -9"><span class='ocrx_word' id='word_1_38' title='bbox 133 626 145 637; x_wconf 79' lang='grc' dir='ltr'>ι</span> <span class='ocrx_word' id='word_1_39' title='bbox 163 609 277 650; x_wconf 88' lang='lat' dir='ltr'>Quam</span> <span class='ocrx_word' id='word_1_40' title='bbox 296 609 406 642; x_wconf 69' lang='lat' dir='ltr'>Graeci</span> <span class='ocrx_word' id='word_1_41' title='bbox 428 619 640 650; x_wconf 81' lang='lat' dir='ltr'>memorant,</span> <span class='ocrx_word' id='word_1_42' title='bbox 657 624 719 644; x_wconf 82' lang='lat' dir='ltr'>nec</span> <span class='ocrx_word' id='word_1_43' title='bbox 737 625 799 645; x_wconf 88' lang='lat' dir='ltr'>no-</span> 
     </span>
     <span class='ocr_line' id='line_1_7' title="bbox 131 662 798 708; baseline 0.006 -14"><span class='ocrx_word' id='word_1_44' title='bbox 131 669 199 695; x_wconf 80' lang='lat' dir='ltr'>stra</span> <span class='ocrx_word' id='word_1_45' title='bbox 226 662 339 696; x_wconf 82' lang='lat' dir='ltr'>dicere</span> <span class='ocrx_word' id='word_1_46' title='bbox 363 663 484 708; x_wconf 85' lang='lat' dir='ltr'>lingua</span> <span class='ocrx_word' id='word_1_47' title='bbox 511 663 678 697; x_wconf 83' lang='lat' dir='ltr'>Concedit</span> <span class='ocrx_word' id='word_1_48' title='bbox 700 665 798 698; x_wconf 85' lang='lat' dir='ltr'>nohis</span> 
     </span>
    </p>
   </div>
   <div class='ocr_carea' id='block_1_4' title="bbox 864 558 1539 711">
    <p class='ocr_par' dir='ltr' id='par_1_4' title="bbox 864 558 1539 711">
     <span class='ocr_line' id='line_1_8' title="bbox 864 558 1538 605; baseline 0.001 -13"><span class='ocrx_word' id='word_1_49' title='bbox 864 560 967 605; x_wconf 79' lang='lat' dir='ltr'>patrii</span> <span class='ocrx_word' id='word_1_50' title='bbox 979 559 1144 592; x_wconf 81' lang='lat' dir='ltr'>sermonis</span> <span class='ocrx_word' id='word_1_51' title='bbox 1161 558 1411 604; x_wconf 78' lang='lat' dir='ltr'>egestas‚»Add.</span> <span class='ocrx_word' id='word_1_52' title='bbox 1423 560 1452 599; x_wconf 99' lang='grc' dir='ltr'>Ι,</span> <span class='ocrx_word' id='word_1_53' title='bbox 1465 565 1538 601; x_wconf 69' lang='lat'>¹40·</span> 
     </span>
     <span class='ocr_line' id='line_1_9' title="bbox 865 612 1539 658; baseline 0 -13"><span class='ocrx_word' id='word_1_54' title='bbox 865 614 924 645; x_wconf 83' lang='lat' dir='ltr'>Est</span> <span class='ocrx_word' id='word_1_55' title='bbox 938 620 1053 645; x_wconf 86' lang='lat' dir='ltr'>autem</span> <span class='ocrx_word' id='word_1_56' title='bbox 1070 622 1190 656; x_wconf 78' lang='lat' dir='ltr'>egestas</span> <span class='ocrx_word' id='word_1_57' title='bbox 1210 612 1359 658; x_wconf 89' lang='lat' dir='ltr'>amplius</span> <span class='ocrx_word' id='word_1_58' title='bbox 1373 612 1539 658; x_wconf 82' lang='lat' dir='ltr'>quiddam</span> 
     </span>
     <span class='ocr_line' id='line_1_10' title="bbox 867 665 1459 711; baseline 0 -13"><span class='ocrx_word' id='word_1_59' title='bbox 867 673 899 698; x_wconf 90' lang='lat' dir='ltr'>et</span> <span class='ocrx_word' id='word_1_60' title='bbox 913 666 1049 711; x_wconf 76' lang='lat' dir='ltr'>gravius</span> <span class='ocrx_word' id='word_1_61' title='bbox 1060 690 1069 705; x_wconf 85' lang='lat'>,</span> <span class='ocrx_word' id='word_1_62' title='bbox 1088 678 1193 711; x_wconf 85' lang='lat' dir='ltr'>quam</span> <span class='ocrx_word' id='word_1_63' title='bbox 1204 676 1393 709; x_wconf 76' lang='lat' dir='ltr'>paupertas.</span> <span class='ocrx_word' id='word_1_64' title='bbox 1417 665 1459 698; x_wconf 92' lang='lat' dir='ltr'>G.</span> 
     </span>
    </p>
   </div>
   <div class='ocr_carea' id='block_1_5' title="bbox 151 794 1523 807">
    <p class='ocr_par' dir='ltr' id='par_1_5' title="bbox 151 794 1523 807">
     <span class='ocr_line' id='line_1_11' title="bbox 151 794 1523 807; baseline 0.002 -3"><span class='ocrx_word' id='word_1_65' title='bbox 151 794 1099 807; x_wconf 52' lang='lat' dir='ltr'>xum:xmuxzsmmmmxsummwmmuxmmu</span> <span class='ocrx_word' id='word_1_66' title='bbox 1106 797 1523 807; x_wconf 53' lang='grc' dir='ltr'>ιιΛἋΊνι-ινιιιὶινιιιι</span> 
     </span>
    </p>
   </div>
   <div class='ocr_carea' id='block_1_6' title="bbox 749 921 927 976">
    <p class='ocr_par' dir='ltr' id='par_1_6' title="bbox 749 921 927 976">
     <span class='ocr_line' id='line_1_12' title="bbox 749 921 927 976; baseline 0 0"><span class='ocrx_word' id='word_1_67' title='bbox 749 921 927 976; x_wconf 78' lang='lat' dir='ltr'><strong>XIX.</strong></span> 
     </span>
    </p>
   </div>
   <div class='ocr_carea' id='block_1_7' title="bbox 130 1069 1541 1185">
    <p class='ocr_par' dir='ltr' id='par_1_7' title="bbox 130 1069 1541 1185">
     <span class='ocr_line' id='line_1_13' title="bbox 130 1069 1541 1119; baseline 0.001 -14"><span class='ocrx_word' id='word_1_68' title='bbox 130 1069 268 1105; x_wconf 78' lang='lat' dir='ltr'>Uxoris</span> <span class='ocrx_word' id='word_1_69' title='bbox 288 1069 477 1118; x_wconf 76' lang='lat' dir='ltr'>ingenium</span> <span class='ocrx_word' id='word_1_70' title='bbox 496 1078 533 1106; x_wconf 88' lang='lat' dir='ltr'>et</span> <span class='ocrx_word' id='word_1_71' title='bbox 548 1083 672 1106; x_wconf 82' lang='lat' dir='ltr'>mores</span> <span class='ocrx_word' id='word_1_72' title='bbox 686 1098 696 1115; x_wconf 85' lang='lat'>‚</span> <span class='ocrx_word' id='word_1_73' title='bbox 711 1071 833 1106; x_wconf 85' lang='lat' dir='ltr'>soceri</span> <span class='ocrx_word' id='word_1_74' title='bbox 853 1071 998 1113; x_wconf 74' lang='lat' dir='ltr'>sorori,</span> <span class='ocrx_word' id='word_1_75' title='bbox 1018 1084 1100 1119; x_wconf 83' lang='lat' dir='ltr'>quae</span> <span class='ocrx_word' id='word_1_76' title='bbox 1119 1070 1368 1117; x_wconf 80' lang='lat' dir='ltr'>educaverat,</span> <span class='ocrx_word' id='word_1_77' title='bbox 1385 1072 1541 1109; x_wconf 71' lang='lat' dir='ltr'>mirifice</span> 
     </span>
     <span class='ocr_line' id='line_1_14' title="bbox 588 1134 1070 1185; baseline 0.004 -16"><span class='ocrx_word' id='word_1_78' title='bbox 588 1134 737 1181; x_wconf 83' lang='lat' dir='ltr'>laudat,</span> <span class='ocrx_word' id='word_1_79' title='bbox 765 1144 801 1171; x_wconf 88' lang='lat' dir='ltr'>et</span> <span class='ocrx_word' id='word_1_80' title='bbox 823 1136 961 1185; x_wconf 74' lang='lat' dir='ltr'>gratias</span> <span class='ocrx_word' id='word_1_81' title='bbox 985 1135 1070 1185; x_wconf 76' lang='lat' dir='ltr'>agit.</span> 
     </span>
    </p>
   </div>
   <div class='ocr_carea' id='block_1_8' title="bbox 353 1213 1266 1298">
    <p class='ocr_par' dir='ltr' id='par_1_8' title="bbox 353 1213 1266 1298">
     <span class='ocr_line' id='line_1_15' title="bbox 353 1213 381 1238; baseline 0 0"><span class='ocrx_word' id='word_1_82' title='bbox 353 1213 381 1238; x_wconf 73' lang='grc' dir='ltr'>Ο</span> 
     </span>
     <span class='ocr_line' id='line_1_16' title="bbox 403 1269 1266 1298; baseline 0.002 -2"><span class='ocrx_word' id='word_1_83' title='bbox 403 1270 440 1297; x_wconf 87' lang='lat' dir='ltr'>C.</span> <span class='ocrx_word' id='word_1_84' title='bbox 481 1269 716 1297; x_wconf 82' lang='lat' dir='ltr'><strong>PLINIUS</strong></span> <span class='ocrx_word' id='word_1_85' title='bbox 752 1269 1048 1297; x_wconf 82' lang='lat' dir='ltr'><strong>HISPULLAE</strong></span> <span class='ocrx_word' id='word_1_86' title='bbox 1086 1270 1198 1298; x_wconf 75' lang='lat' dir='ltr'>SUAE</span> <span class='ocrx_word' id='word_1_87' title='bbox 1235 1271 1266 1298; x_wconf 88' lang='lat' dir='ltr'>S.</span> 
     </span>
    </p>
   </div>
   <div class='ocr_carea' id='block_1_9' title="bbox 127 1386 1586 1961">
    <p class='ocr_par' dir='ltr' id='par_1_9' title="bbox 127 1386 1586 1961">
     <span class='ocr_line' id='line_1_17' title="bbox 195 1386 1543 1448; baseline 0.001 -19"><span class='ocrx_word' id='word_1_88' title='bbox 195 1387 345 1442; x_wconf 81' lang='lat' dir='ltr'><strong>QUUM</strong></span> <span class='ocrx_word' id='word_1_89' title='bbox 372 1387 427 1429; x_wconf 88' lang='lat' dir='ltr'>sis</span> <span class='ocrx_word' id='word_1_90' title='bbox 451 1387 623 1446; x_wconf 85' lang='lat' dir='ltr'>pietatis</span> <span class='ocrx_word' id='word_1_91' title='bbox 648 1386 918 1447; x_wconf 84' lang='lat' dir='ltr'>exemplum,</span> <span class='ocrx_word' id='word_1_92' title='bbox 945 1386 1213 1447; x_wconf 81' lang='lat' dir='ltr'>fratremque</span> <span class='ocrx_word' id='word_1_93' title='bbox 1237 1388 1475 1448; x_wconf 88' lang='lat' dir='ltr'>optimum,</span> <span class='ocrx_word' id='word_1_94' title='bbox 1501 1397 1543 1430; x_wconf 87' lang='lat' dir='ltr'>et</span> 
     </span>
     <span class='ocr_line' id='line_1_18' title="bbox 130 1459 1542 1521; baseline 0.002 -21"><span class='ocrx_word' id='word_1_95' title='bbox 130 1459 476 1502; x_wconf 85' lang='lat' dir='ltr'>amantissimum</span> <span class='ocrx_word' id='word_1_96' title='bbox 500 1460 584 1514; x_wconf 87' lang='lat' dir='ltr'>tui,</span> <span class='ocrx_word' id='word_1_97' title='bbox 610 1460 704 1520; x_wconf 87' lang='lat' dir='ltr'>pari</span> <span class='ocrx_word' id='word_1_98' title='bbox 730 1460 911 1503; x_wconf 85' lang='lat' dir='ltr'>caritate</span> <span class='ocrx_word' id='word_1_99' title='bbox 934 1459 1158 1513; x_wconf 79' lang='lat' dir='ltr'>dilexeris,</span> <span class='ocrx_word' id='word_1_100' title='bbox 1180 1459 1403 1521; x_wconf 85' lang='lat' dir='ltr'>filiamque</span> <span class='ocrx_word' id='word_1_101' title='bbox 1425 1461 1542 1520; x_wconf 88' lang='lat' dir='ltr'>ejus,</span> 
     </span>
     <span class='ocr_line' id='line_1_19' title="bbox 128 1532 1545 1594; baseline 0.001 -19"><span class='ocrx_word' id='word_1_102' title='bbox 128 1541 177 1575; x_wconf 89' lang='lat' dir='ltr'>ut</span> <span class='ocrx_word' id='word_1_103' title='bbox 197 1542 338 1586; x_wconf 83' lang='lat' dir='ltr'>tuam,</span> <span class='ocrx_word' id='word_1_104' title='bbox 358 1532 531 1593; x_wconf 71' lang='lat' dir='ltr'>diligas,</span> <span class='ocrx_word' id='word_1_105' title='bbox 549 1548 628 1576; x_wconf 85' lang='lat' dir='ltr'>nec</span> <span class='ocrx_word' id='word_1_106' title='bbox 653 1543 826 1576; x_wconf 88' lang='lat' dir='ltr'>tantum</span> <span class='ocrx_word' id='word_1_107' title='bbox 847 1535 990 1576; x_wconf 85' lang='lat' dir='ltr'>amitae</span> <span class='ocrx_word' id='word_1_108' title='bbox 1011 1535 1125 1593; x_wconf 85' lang='lat' dir='ltr'>ejus,</span> <span class='ocrx_word' id='word_1_109' title='bbox 1144 1550 1298 1577; x_wconf 87' lang='lat' dir='ltr'>verum</span> <span class='ocrx_word' id='word_1_110' title='bbox 1320 1535 1449 1577; x_wconf 89' lang='lat' dir='ltr'>etiam</span> <span class='ocrx_word' id='word_1_111' title='bbox 1470 1551 1545 1594; x_wconf 86' lang='lat' dir='ltr'>pa-</span> 
     </span>
     <span class='ocr_line' id='line_1_20' title="bbox 129 1605 1543 1666; baseline 0.002 -18"><span class='ocrx_word' id='word_1_112' title='bbox 129 1605 206 1648; x_wconf 88' lang='lat' dir='ltr'>tris</span> <span class='ocrx_word' id='word_1_113' title='bbox 238 1605 383 1649; x_wconf 88' lang='lat' dir='ltr'>amissi</span> <span class='ocrx_word' id='word_1_114' title='bbox 421 1606 628 1649; x_wconf 86' lang='lat' dir='ltr'>affectum</span> <span class='ocrx_word' id='word_1_115' title='bbox 667 1616 974 1666; x_wconf 79' lang='lat' dir='ltr'>repraesentes3</span> <span class='ocrx_word' id='word_1_116' title='bbox 1015 1623 1104 1649; x_wconf 87' lang='lat' dir='ltr'>non</span> <span class='ocrx_word' id='word_1_117' title='bbox 1136 1607 1315 1661; x_wconf 83' lang='lat' dir='ltr'>dubito,</span> <span class='ocrx_word' id='word_1_118' title='bbox 1351 1609 1543 1651; x_wconf 76' lang='lat' dir='ltr'>maximo</span> 
     </span>
     <span class='ocr_line' id='line_1_21' title="bbox 128 1679 1543 1741; baseline 0.001 -20"><span class='ocrx_word' id='word_1_119' title='bbox 128 1679 208 1721; x_wconf 87' lang='lat' dir='ltr'>tibi</span> <span class='ocrx_word' id='word_1_120' title='bbox 226 1679 385 1739; x_wconf 78' lang='lat' dir='ltr'>gaudio</span> <span class='ocrx_word' id='word_1_121' title='bbox 408 1679 521 1732; x_wconf 86' lang='lat' dir='ltr'>fore,</span> <span class='ocrx_word' id='word_1_122' title='bbox 540 1696 674 1740; x_wconf 88' lang='lat' dir='ltr'>quum</span> <span class='ocrx_word' id='word_1_123' title='bbox 698 1680 978 1740; x_wconf 81' lang='lat' dir='ltr'>cognoveris,</span> <span class='ocrx_word' id='word_1_124' title='bbox 994 1679 1174 1740; x_wconf 84' lang='lat' dir='ltr'>dignam</span> <span class='ocrx_word' id='word_1_125' title='bbox 1195 1690 1342 1740; x_wconf 82' lang='lat' dir='ltr'>patre,</span> <span class='ocrx_word' id='word_1_126' title='bbox 1364 1680 1543 1741; x_wconf 80' lang='lat' dir='ltr'>dignam</span> 
     </span>
     <span class='ocr_line' id='line_1_22' title="bbox 130 1749 1586 1810; baseline 0.003 -19"><span class='ocrx_word' id='word_1_127' title='bbox 130 1758 193 1803; x_wconf 86' lang='lat' dir='ltr'>te,</span> <span class='ocrx_word' id='word_1_128' title='bbox 222 1749 399 1810; x_wconf 81' lang='lat' dir='ltr'>dignam</span> <span class='ocrx_word' id='word_1_129' title='bbox 433 1767 513 1794; x_wconf 84' lang='lat' dir='ltr'>avo</span> <span class='ocrx_word' id='word_1_130' title='bbox 546 1751 741 1794; x_wconf 84' lang='lat' dir='ltr'>evadere.</span> <span class='ocrx_word' id='word_1_131' title='bbox 780 1754 1011 1795; x_wconf 87' lang='lat' dir='ltr'>Summum</span> <span class='ocrx_word' id='word_1_132' title='bbox 1042 1762 1106 1795; x_wconf 89' lang='lat' dir='ltr'>est</span> <span class='ocrx_word' id='word_1_133' title='bbox 1134 1769 1345 1809; x_wconf 79' lang='lat' dir='ltr'>acumen,</span> <span class='ocrx_word' id='word_1_134' title='bbox 1373 1770 1543 1797; x_wconf 87' lang='lat' dir='ltr'>summa</span> <span class='ocrx_word' id='word_1_135' title='bbox 1570 1776 1586 1795; x_wconf 74' lang='lat'>2</span> 
     </span>
     <span class='ocr_line' id='line_1_23' title="bbox 127 1820 1541 1885; baseline 0.006 -22"><span class='ocrx_word' id='word_1_136' title='bbox 127 1820 352 1882; x_wconf 81' lang='lat' dir='ltr'>frugalitas</span> <span class='ocrx_word' id='word_1_137' title='bbox 378 1839 386 1866; x_wconf 93' lang='lat'>:</span> <span class='ocrx_word' id='word_1_138' title='bbox 415 1833 532 1866; x_wconf 85' lang='lat' dir='ltr'>amat</span> <span class='ocrx_word' id='word_1_139' title='bbox 559 1840 654 1879; x_wconf 88' lang='lat' dir='ltr'>me,</span> <span class='ocrx_word' id='word_1_140' title='bbox 679 1824 797 1885; x_wconf 88' lang='lat' dir='ltr'>quod</span> <span class='ocrx_word' id='word_1_141' title='bbox 821 1826 1031 1868; x_wconf 87' lang='lat' dir='ltr'>castitatis</span> <span class='ocrx_word' id='word_1_142' title='bbox 1063 1825 1273 1875; x_wconf 85' lang='lat' dir='ltr'>indicium</span> <span class='ocrx_word' id='word_1_143' title='bbox 1299 1836 1376 1870; x_wconf 84' lang='lat' dir='ltr'>est.</span> <span class='ocrx_word' id='word_1_144' title='bbox 1402 1831 1541 1872; x_wconf 87' lang='lat' dir='ltr'>Acce-</span> 
     </span>
     <span class='ocr_line' id='line_1_24' title="bbox 130 1893 1539 1961; baseline 0.005 -24"><span class='ocrx_word' id='word_1_145' title='bbox 130 1893 194 1938; x_wconf 86' lang='lat' dir='ltr'>dit</span> <span class='ocrx_word' id='word_1_146' title='bbox 216 1895 283 1938; x_wconf 88' lang='lat' dir='ltr'>his</span> <span class='ocrx_word' id='word_1_147' title='bbox 306 1895 500 1939; x_wconf 88' lang='lat' dir='ltr'>studium</span> <span class='ocrx_word' id='word_1_148' title='bbox 524 1895 771 1951; x_wconf 85' lang='lat' dir='ltr'>literarum,</span> <span class='ocrx_word' id='word_1_149' title='bbox 792 1898 910 1958; x_wconf 84' lang='lat' dir='ltr'>quod</span> <span class='ocrx_word' id='word_1_150' title='bbox 933 1915 985 1941; x_wconf 81' lang='lat' dir='ltr'>ex</span> <span class='ocrx_word' id='word_1_151' title='bbox 1007 1899 1093 1942; x_wconf 90' lang='lat' dir='ltr'>mei</span> <span class='ocrx_word' id='word_1_152' title='bbox 1115 1900 1296 1943; x_wconf 84' lang='lat' dir='ltr'>caritate</span> <span class='ocrx_word' id='word_1_153' title='bbox 1322 1901 1539 1961; x_wconf 88' lang='lat' dir='ltr'>concepit.</span> 
     </span>
    </p>
   </div>
   <div class='ocr_carea' id='block_1_10' title="bbox 128 2022 803 2754">
    <p class='ocr_par' dir='ltr' id='par_1_10' title="bbox 128 2022 800 2161">
     <span class='ocr_line' id='line_1_25' title="bbox 173 2022 800 2070; baseline 0.005 -16"><span class='ocrx_word' id='word_1_154' title='bbox 173 2022 268 2055; x_wconf 82' lang='lat' dir='ltr'><strong>XIX.</strong></span> <span class='ocrx_word' id='word_1_155' title='bbox 289 2025 455 2065; x_wconf 73' lang='lat' dir='ltr'>Hispulloe.</span> <span class='ocrx_word' id='word_1_156' title='bbox 485 2024 626 2057; x_wconf 80' lang='lat' dir='ltr'>Corellii</span> <span class='ocrx_word' id='word_1_157' title='bbox 640 2049 648 2064; x_wconf 89' lang='lat'>,</span> <span class='ocrx_word' id='word_1_158' title='bbox 668 2024 711 2057; x_wconf 82' lang='lat' dir='ltr'>(le</span> <span class='ocrx_word' id='word_1_159' title='bbox 731 2037 800 2070; x_wconf 82' lang='lat' dir='ltr'>quo</span> 
     </span>
     <span class='ocr_line' id='line_1_26' title="bbox 128 2075 798 2122; baseline 0.006 -16"><span class='ocrx_word' id='word_1_160' title='bbox 128 2075 143 2106; x_wconf 95' lang='lat' dir='ltr'>I</span> <span class='ocrx_word' id='word_1_161' title='bbox 159 2100 167 2113; x_wconf 87' lang='lat'>‚</span> <span class='ocrx_word' id='word_1_162' title='bbox 192 2087 230 2107; x_wconf 88' lang='lat'>12</span> <span class='ocrx_word' id='word_1_163' title='bbox 252 2083 284 2107; x_wconf 91' lang='lat' dir='ltr'>et</span> <span class='ocrx_word' id='word_1_164' title='bbox 310 2076 385 2117; x_wconf 84' lang='lat' dir='ltr'>III,</span> <span class='ocrx_word' id='word_1_165' title='bbox 405 2077 443 2116; x_wconf 82' lang='lat'>3,</span> <span class='ocrx_word' id='word_1_166' title='bbox 471 2076 622 2122; x_wconf 79' lang='lat' dir='ltr'>itemque</span> <span class='ocrx_word' id='word_1_167' title='bbox 647 2078 712 2117; x_wconf 83' lang='lat' dir='ltr'>IV,</span> <span class='ocrx_word' id='word_1_168' title='bbox 744 2090 798 2122; x_wconf 90' lang='lat'>17,</span> 
     </span>
     <span class='ocr_line' id='line_1_27' title="bbox 128 2126 314 2161; baseline 0.011 -2"><span class='ocrx_word' id='word_1_169' title='bbox 128 2126 254 2160; x_wconf 79' lang='lat' dir='ltr'>viduae.</span> <span class='ocrx_word' id='word_1_170' title='bbox 271 2128 314 2161; x_wconf 88' lang='lat' dir='ltr'>G.</span> 
     </span>
    </p>

    <p class='ocr_par' dir='ltr' id='par_1_11' title="bbox 129 2183 803 2754">
     <span class='ocr_line' id='line_1_28' title="bbox 180 2183 801 2224; baseline 0.006 -12"><span class='ocrx_word' id='word_1_171' title='bbox 180 2192 209 2213; x_wconf 90' lang='lat'>1.</span> <span class='ocrx_word' id='word_1_172' title='bbox 233 2185 439 2223; x_wconf 76' lang='lat' dir='ltr'>Fratremque</span> <span class='ocrx_word' id='word_1_173' title='bbox 467 2184 632 2224; x_wconf 78' lang='lat' dir='ltr'>optimum.</span> <span class='ocrx_word' id='word_1_174' title='bbox 664 2183 801 2216; x_wconf 86' lang='lat' dir='ltr'>Patrem</span> 
     </span>
     <span class='ocr_line' id='line_1_29' title="bbox 129 2232 801 2281; baseline 0.007 -18"><span class='ocrx_word' id='word_1_175' title='bbox 129 2232 323 2276; x_wconf 67' lang='lat' dir='ltr'>Calpurniae</span> <span class='ocrx_word' id='word_1_176' title='bbox 340 2233 498 2266; x_wconf 88' lang='lat' dir='ltr'>secundae</span> <span class='ocrx_word' id='word_1_177' title='bbox 518 2236 678 2281; x_wconf 85' lang='lat' dir='ltr'>conjugis</span> <span class='ocrx_word' id='word_1_178' title='bbox 697 2237 801 2269; x_wconf 84' lang='lat' dir='ltr'>Plinii</span> 
     </span>
     <span class='ocr_line' id='line_1_30' title="bbox 129 2285 799 2331; baseline 0.009 -15"><span class='ocrx_word' id='word_1_179' title='bbox 129 2285 235 2317; x_wconf 89' lang='lat' dir='ltr'>nostri</span> <span class='ocrx_word' id='word_1_180' title='bbox 250 2294 329 2319; x_wconf 87' lang='lat' dir='ltr'>ante</span> <span class='ocrx_word' id='word_1_181' title='bbox 342 2293 474 2331; x_wconf 85' lang='lat' dir='ltr'>patrem</span> <span class='ocrx_word' id='word_1_182' title='bbox 491 2301 593 2321; x_wconf 88' lang='lat' dir='ltr'>suum</span> <span class='ocrx_word' id='word_1_183' title='bbox 608 2289 779 2322; x_wconf 85' lang='lat' dir='ltr'>Fabatum</span> <span class='ocrx_word' id='word_1_184' title='bbox 791 2314 799 2329; x_wconf 88' lang='lat'>‚</span> 
     </span>
     <span class='ocr_line' id='line_1_31' title="bbox 129 2337 801 2387; baseline 0.009 -18"><span class='ocrx_word' id='word_1_185' title='bbox 129 2337 224 2382; x_wconf 89' lang='lat' dir='ltr'>quod</span> <span class='ocrx_word' id='word_1_186' title='bbox 239 2339 294 2371; x_wconf 79' lang='lat' dir='ltr'>vel</span> <span class='ocrx_word' id='word_1_187' title='bbox 312 2351 350 2371; x_wconf 86' lang='lat' dir='ltr'>ex</span> <span class='ocrx_word' id='word_1_188' title='bbox 368 2339 434 2372; x_wconf 83' lang='lat' dir='ltr'>hac</span> <span class='ocrx_word' id='word_1_189' title='bbox 456 2341 599 2385; x_wconf 86' lang='lat' dir='ltr'>epistola</span> <span class='ocrx_word' id='word_1_190' title='bbox 619 2342 801 2387; x_wconf 83' lang='lat' dir='ltr'>verbisque</span> 
     </span>
     <span class='ocr_line' id='line_1_32' title="bbox 129 2393 798 2439; baseline 0.007 -17"><span class='ocrx_word' id='word_1_191' title='bbox 129 2402 204 2435; x_wconf 85' lang='lat' dir='ltr'>quae</span> <span class='ocrx_word' id='word_1_192' title='bbox 214 2399 400 2425; x_wconf 82' lang='lat' dir='ltr'>tractamus</span> <span class='ocrx_word' id='word_1_193' title='bbox 411 2401 572 2439; x_wconf 85' lang='lat' dir='ltr'>apparet,</span> <span class='ocrx_word' id='word_1_194' title='bbox 581 2393 798 2427; x_wconf 86' lang='lat' dir='ltr'>defunctum.</span> 
     </span>
     <span class='ocr_line' id='line_1_33' title="bbox 129 2442 802 2491; baseline 0.009 -17"><span class='ocrx_word' id='word_1_195' title='bbox 129 2442 172 2475; x_wconf 90' lang='lat' dir='ltr'>G.</span> <span class='ocrx_word' id='word_1_196' title='bbox 189 2464 234 2468; x_wconf 86' lang='lat'>——-</span> <span class='ocrx_word' id='word_1_197' title='bbox 248 2447 316 2476; x_wconf 74' lang='lat' dir='ltr'>Nec</span> <span class='ocrx_word' id='word_1_198' title='bbox 332 2455 456 2478; x_wconf 75' lang='lat' dir='ltr'>cantum</span> <span class='ocrx_word' id='word_1_199' title='bbox 474 2449 584 2479; x_wconf 81' lang='lat' dir='ltr'>amitoe</span> <span class='ocrx_word' id='word_1_200' title='bbox 602 2450 680 2491; x_wconf 76' lang='lat' dir='ltr'>ejus.</span> <span class='ocrx_word' id='word_1_201' title='bbox 702 2449 802 2480; x_wconf 83' lang='lat' dir='ltr'>Rom.</span> 
     </span>
     <span class='ocr_line' id='line_1_34' title="bbox 130 2498 801 2546; baseline 0.01 -20"><span class='ocrx_word' id='word_1_202' title='bbox 130 2498 198 2526; x_wconf 82' lang='lat' dir='ltr'>Nec</span> <span class='ocrx_word' id='word_1_203' title='bbox 208 2506 332 2529; x_wconf 79' lang='lat' dir='ltr'>tantum</span> <span class='ocrx_word' id='word_1_204' title='bbox 343 2500 452 2530; x_wconf 76' lang='grc' dir='ltr'><em>αιηὶῐα·</em></span> <span class='ocrx_word' id='word_1_205' title='bbox 465 2502 509 2537; x_wconf 82' lang='grc' dir='ltr'>εἰ,</span> <span class='ocrx_word' id='word_1_206' title='bbox 523 2512 593 2532; x_wconf 88' lang='lat' dir='ltr'>non</span> <span class='ocrx_word' id='word_1_207' title='bbox 605 2503 670 2544; x_wconf 78' lang='lat' dir='ltr'>ejus</span> <span class='ocrx_word' id='word_1_208' title='bbox 680 2526 688 2537; x_wconf 95' lang='lat'>,</span> <span class='ocrx_word' id='word_1_209' title='bbox 706 2500 801 2546; x_wconf 84' lang='lat' dir='ltr'>quod</span> 
     </span>
     <span class='ocr_line' id='line_1_35' title="bbox 131 2546 800 2586; baseline 0.009 -7"><span class='ocrx_word' id='word_1_210' title='bbox 131 2546 281 2581; x_wconf 85' lang='lat' dir='ltr'>deterius</span> <span class='ocrx_word' id='word_1_211' title='bbox 295 2558 355 2583; x_wconf 84' lang='lat' dir='ltr'>est.</span> <span class='ocrx_word' id='word_1_212' title='bbox 377 2551 421 2584; x_wconf 88' lang='lat' dir='ltr'>H.</span> <span class='ocrx_word' id='word_1_213' title='bbox 440 2573 485 2576; x_wconf 90' lang='lat'><strong>—</strong></span> <span class='ocrx_word' id='word_1_214' title='bbox 498 2552 553 2585; x_wconf 89' lang='lat' dir='ltr'>Sic</span> <span class='ocrx_word' id='word_1_215' title='bbox 573 2560 605 2585; x_wconf 89' lang='lat' dir='ltr'>et</span> <span class='ocrx_word' id='word_1_216' title='bbox 627 2553 685 2585; x_wconf 84' lang='lat' dir='ltr'>alii</span> <span class='ocrx_word' id='word_1_217' title='bbox 706 2553 800 2586; x_wconf 87' lang='lat' dir='ltr'>libri.</span> 
     </span>
     <span class='ocr_line' id='line_1_36' title="bbox 130 2600 798 2649; baseline 0.012 -17"><span class='ocrx_word' id='word_1_218' title='bbox 130 2600 235 2634; x_wconf 85' lang='lat' dir='ltr'>Bene.</span> <span class='ocrx_word' id='word_1_219' title='bbox 252 2603 379 2649; x_wconf 85' lang='lat' dir='ltr'>Saepius</span> <span class='ocrx_word' id='word_1_220' title='bbox 396 2606 541 2638; x_wconf 87' lang='lat' dir='ltr'>confusa</span> <span class='ocrx_word' id='word_1_221' title='bbox 558 2607 604 2643; x_wconf 86' lang='lat' dir='ltr'>ei,</span> <span class='ocrx_word' id='word_1_222' title='bbox 623 2608 699 2649; x_wconf 75' lang='lat' dir='ltr'>ejus.</span> <span class='ocrx_word' id='word_1_223' title='bbox 715 2605 798 2640; x_wconf 83' lang='lat' dir='ltr'>Vid.</span> 
     </span>
     <span class='ocr_line' id='line_1_37' title="bbox 132 2652 801 2701; baseline 0.01 -17"><span class='ocrx_word' id='word_1_224' title='bbox 132 2652 226 2687; x_wconf 82' lang='lat' dir='ltr'>Cort.</span> <span class='ocrx_word' id='word_1_225' title='bbox 250 2655 294 2688; x_wconf 86' lang='lat' dir='ltr'>ad</span> <span class='ocrx_word' id='word_1_226' title='bbox 319 2657 372 2698; x_wconf 93' lang='lat' dir='ltr'>II,</span> <span class='ocrx_word' id='word_1_227' title='bbox 393 2669 434 2701; x_wconf 88' lang='lat'>9,</span> <span class='ocrx_word' id='word_1_228' title='bbox 458 2666 489 2695; x_wconf 75' lang='lat'>4.</span> <span class='ocrx_word' id='word_1_229' title='bbox 510 2658 672 2692; x_wconf 86' lang='lat' dir='ltr'>Similiter</span> <span class='ocrx_word' id='word_1_230' title='bbox 688 2659 721 2691; x_wconf 94' lang='lat' dir='ltr'>II</span> <span class='ocrx_word' id='word_1_231' title='bbox 736 2683 745 2698; x_wconf 91' lang='lat'>‚</span> <span class='ocrx_word' id='word_1_232' title='bbox 769 2671 801 2699; x_wconf 88' lang='lat'>1,</span> 
     </span>
     <span class='ocr_line' id='line_1_38' title="bbox 134 2705 803 2754; baseline 0.012 -18"><span class='ocrx_word' id='word_1_233' title='bbox 134 2705 153 2736; x_wconf 91' lang='lat'>8</span> <span class='ocrx_word' id='word_1_234' title='bbox 173 2716 181 2736; x_wconf 70' lang='grc' dir='ltr'><strong><em>ἵ</em></strong></span> <span class='ocrx_word' id='word_1_235' title='bbox 198 2707 393 2742; x_wconf 77' lang='lat' dir='ltr'>«Praeterea</span> <span class='ocrx_word' id='word_1_236' title='bbox 413 2709 506 2754; x_wconf 86' lang='lat' dir='ltr'>quod</span> <span class='ocrx_word' id='word_1_237' title='bbox 529 2710 586 2743; x_wconf 87' lang='lat' dir='ltr'>illc</span> <span class='ocrx_word' id='word_1_238' title='bbox 605 2718 696 2744; x_wconf 88' lang='lat' dir='ltr'>tutor</span> <span class='ocrx_word' id='word_1_239' title='bbox 719 2712 803 2744; x_wconf 85' lang='lat' dir='ltr'>mihi</span> 
     </span>
    </p>
   </div>
   <div class='ocr_carea' id='block_1_11' title="bbox 864 2025 1544 2747">
    <p class='ocr_par' dir='ltr' id='par_1_12' title="bbox 864 2025 1541 2113">
     <span class='ocr_line' id='line_1_39' title="bbox 865 2025 1541 2073; baseline 0.006 -15"><span class='ocrx_word' id='word_1_240' title='bbox 865 2025 1004 2059; x_wconf 83' lang='lat' dir='ltr'>relictus</span> <span class='ocrx_word' id='word_1_241' title='bbox 1021 2052 1029 2067; x_wconf 91' lang='lat'>,</span> <span class='ocrx_word' id='word_1_242' title='bbox 1059 2026 1224 2060; x_wconf 87' lang='lat' dir='ltr'>affectum</span> <span class='ocrx_word' id='word_1_243' title='bbox 1257 2028 1407 2073; x_wconf 83' lang='lat' dir='ltr'>parentis</span> <span class='ocrx_word' id='word_1_244' title='bbox 1447 2029 1541 2062; x_wconf 82' lang='lat' dir='ltr'>exhi-</span> 
     </span>
     <span class='ocr_line' id='line_1_40' title="bbox 864 2079 1031 2113; baseline 0.012 -2"><span class='ocrx_word' id='word_1_245' title='bbox 864 2079 950 2112; x_wconf 85' lang='lat' dir='ltr'>buit.</span> <span class='ocrx_word' id='word_1_246' title='bbox 966 2097 980 2108; x_wconf 83' lang='lat'>»</span> <span class='ocrx_word' id='word_1_247' title='bbox 997 2080 1031 2113; x_wconf 87' lang='lat' dir='ltr'>S.</span> 
     </span>
    </p>

    <p class='ocr_par' dir='ltr' id='par_1_13' title="bbox 865 2133 1544 2747">
     <span class='ocr_line' id='line_1_41' title="bbox 915 2133 1543 2179; baseline 0.006 -16"><span class='ocrx_word' id='word_1_248' title='bbox 915 2145 944 2164; x_wconf 84' lang='lat'>2.</span> <span class='ocrx_word' id='word_1_249' title='bbox 959 2137 1115 2164; x_wconf 77' lang='lat' dir='ltr'>Acumen.</span> <span class='ocrx_word' id='word_1_250' title='bbox 1132 2133 1246 2164; x_wconf 89' lang='lat' dir='ltr'>Animi</span> <span class='ocrx_word' id='word_1_251' title='bbox 1268 2133 1429 2167; x_wconf 78' lang='lat' dir='ltr'>velocitas</span> <span class='ocrx_word' id='word_1_252' title='bbox 1446 2159 1455 2174; x_wconf 91' lang='lat'>,</span> <span class='ocrx_word' id='word_1_253' title='bbox 1475 2135 1543 2179; x_wconf 81' lang='lat' dir='ltr'>agi-</span> 
     </span>
     <span class='ocr_line' id='line_1_42' title="bbox 865 2184 1541 2231; baseline 0.006 -15"><span class='ocrx_word' id='word_1_254' title='bbox 865 2184 942 2217; x_wconf 82' lang='lat' dir='ltr'>litas</span> <span class='ocrx_word' id='word_1_255' title='bbox 955 2210 964 2225; x_wconf 89' lang='lat'>,</span> <span class='ocrx_word' id='word_1_256' title='bbox 992 2198 1062 2217; x_wconf 88' lang='lat' dir='ltr'>non</span> <span class='ocrx_word' id='word_1_257' title='bbox 1099 2197 1234 2229; x_wconf 85' lang='lat' dir='ltr'>semper</span> <span class='ocrx_word' id='word_1_258' title='bbox 1268 2186 1454 2231; x_wconf 86' lang='lat' dir='ltr'>conjuncta</span> <span class='ocrx_word' id='word_1_259' title='bbox 1482 2187 1541 2220; x_wconf 84' lang='lat' dir='ltr'>illa</span> 
     </span>
     <span class='ocr_line' id='line_1_43' title="bbox 867 2237 1541 2282; baseline 0.004 -13"><span class='ocrx_word' id='word_1_260' title='bbox 867 2249 947 2269; x_wconf 88' lang='lat' dir='ltr'>cum</span> <span class='ocrx_word' id='word_1_261' title='bbox 962 2237 1171 2282; x_wconf 83' lang='lat' dir='ltr'>frugalitate.</span> <span class='ocrx_word' id='word_1_262' title='bbox 1186 2238 1239 2271; x_wconf 84' lang='lat' dir='ltr'>Sic</span> <span class='ocrx_word' id='word_1_263' title='bbox 1250 2263 1258 2278; x_wconf 89' lang='lat'>‚</span> <span class='ocrx_word' id='word_1_264' title='bbox 1274 2238 1467 2273; x_wconf 81' lang='lat' dir='ltr'>Columella</span> <span class='ocrx_word' id='word_1_265' title='bbox 1482 2253 1541 2272; x_wconf 86' lang='lat' dir='ltr'>au-</span> 
     </span>
     <span class='ocr_line' id='line_1_44' title="bbox 867 2291 1544 2334; baseline 0.001 -11"><span class='ocrx_word' id='word_1_266' title='bbox 867 2297 960 2323; x_wconf 82' lang='lat' dir='ltr'>ctore</span> <span class='ocrx_word' id='word_1_267' title='bbox 976 2291 991 2322; x_wconf 93' lang='lat' dir='ltr'>I</span> <span class='ocrx_word' id='word_1_268' title='bbox 1004 2315 1012 2330; x_wconf 88' lang='lat'>‚</span> <span class='ocrx_word' id='word_1_269' title='bbox 1031 2302 1050 2334; x_wconf 86' lang='lat'>9</span> <span class='ocrx_word' id='word_1_270' title='bbox 1062 2315 1070 2330; x_wconf 90' lang='lat'>,</span> <span class='ocrx_word' id='word_1_271' title='bbox 1093 2295 1111 2331; x_wconf 74' lang='grc'><strong><em>4</em></strong></span> <span class='ocrx_word' id='word_1_272' title='bbox 1130 2301 1138 2322; x_wconf 89' lang='lat'>:</span> <span class='ocrx_word' id='word_1_273' title='bbox 1157 2291 1289 2323; x_wconf 72' lang='lat' dir='ltr'>«vinem</span> <span class='ocrx_word' id='word_1_274' title='bbox 1308 2304 1377 2324; x_wconf 88' lang='lat' dir='ltr'>non</span> <span class='ocrx_word' id='word_1_275' title='bbox 1395 2300 1465 2324; x_wconf 88' lang='lat' dir='ltr'>tam</span> <span class='ocrx_word' id='word_1_276' title='bbox 1483 2292 1544 2325; x_wconf 82' lang='lat' dir='ltr'>ho-</span> 
     </span>
     <span class='ocr_line' id='line_1_45' title="bbox 867 2343 1542 2389; baseline 0.001 -14"><span class='ocrx_word' id='word_1_277' title='bbox 867 2343 974 2376; x_wconf 84' lang='lat' dir='ltr'>mines</span> <span class='ocrx_word' id='word_1_278' title='bbox 990 2344 1102 2386; x_wconf 75' lang='lat' dir='ltr'>frugi‘,</span> <span class='ocrx_word' id='word_1_279' title='bbox 1122 2356 1227 2389; x_wconf 90' lang='lat' dir='ltr'>quam</span> <span class='ocrx_word' id='word_1_280' title='bbox 1247 2346 1404 2376; x_wconf 77' lang='lat' dir='ltr'>acuminis</span> <span class='ocrx_word' id='word_1_281' title='bbox 1421 2347 1542 2376; x_wconf 76' lang='lat' dir='ltr'>strenui</span> 
     </span>
     <span class='ocr_line' id='line_1_46' title="bbox 867 2395 1540 2441; baseline 0 -12"><span class='ocrx_word' id='word_1_282' title='bbox 867 2395 1019 2441; x_wconf 80' lang='lat' dir='ltr'>exigunt.</span> <span class='ocrx_word' id='word_1_283' title='bbox 1034 2412 1047 2424; x_wconf 70' lang='lat'>&gt;³</span> <span class='ocrx_word' id='word_1_284' title='bbox 1073 2397 1107 2430; x_wconf 91' lang='lat' dir='ltr'>S.</span> <span class='ocrx_word' id='word_1_285' title='bbox 1126 2417 1171 2421; x_wconf 95' lang='lat'>—</span> <span class='ocrx_word' id='word_1_286' title='bbox 1192 2399 1356 2429; x_wconf 74' lang='lat' dir='ltr'>Castilatls</span> <span class='ocrx_word' id='word_1_287' title='bbox 1374 2399 1540 2431; x_wconf 76' lang='lat' dir='ltr'>indiciam.</span> 
     </span>
     <span class='ocr_line' id='line_1_47' title="bbox 868 2447 1541 2494; baseline 0.001 -13"><span class='ocrx_word' id='word_1_288' title='bbox 868 2447 1077 2489; x_wconf 79' lang='lat' dir='ltr'>Quomodo?</span> <span class='ocrx_word' id='word_1_289' title='bbox 1105 2449 1236 2493; x_wconf 79' lang='lat' dir='ltr'>Nempe</span> <span class='ocrx_word' id='word_1_290' title='bbox 1262 2448 1392 2481; x_wconf 79' lang='lat' dir='ltr'>Plinius</span> <span class='ocrx_word' id='word_1_291' title='bbox 1425 2450 1541 2494; x_wconf 87' lang='lat' dir='ltr'>paullo</span> 
     </span>
     <span class='ocr_line' id='line_1_48' title="bbox 866 2501 1540 2547; baseline 0.003 -14"><span class='ocrx_word' id='word_1_292' title='bbox 866 2508 945 2546; x_wconf 86' lang='lat' dir='ltr'>post</span> <span class='ocrx_word' id='word_1_293' title='bbox 958 2501 1029 2547; x_wconf 90' lang='lat' dir='ltr'>ipse</span> <span class='ocrx_word' id='word_1_294' title='bbox 1042 2514 1197 2535; x_wconf 77' lang='lat' dir='ltr'>caussam</span> <span class='ocrx_word' id='word_1_295' title='bbox 1213 2514 1309 2534; x_wconf 84' lang='lat' dir='ltr'>suam</span> <span class='ocrx_word' id='word_1_296' title='bbox 1322 2501 1404 2534; x_wconf 83' lang='lat' dir='ltr'>dicit</span> <span class='ocrx_word' id='word_1_297' title='bbox 1418 2514 1425 2534; x_wconf 92' lang='lat'>:</span> <span class='ocrx_word' id='word_1_298' title='bbox 1444 2503 1540 2535; x_wconf 81' lang='lat' dir='ltr'>«Non</span> 
     </span>
     <span class='ocr_line' id='line_1_49' title="bbox 867 2557 1540 2598; baseline 0.006 -15"><span class='ocrx_word' id='word_1_299' title='bbox 867 2559 999 2586; x_wconf 84' lang='lat' dir='ltr'>aetatem</span> <span class='ocrx_word' id='word_1_300' title='bbox 1018 2567 1131 2587; x_wconf 84' lang='lat' dir='ltr'>meam</span> <span class='ocrx_word' id='word_1_301' title='bbox 1147 2581 1154 2596; x_wconf 91' lang='lat'>,</span> <span class='ocrx_word' id='word_1_302' title='bbox 1175 2557 1294 2596; x_wconf 77' lang='lat' dir='ltr'>inquit,</span> <span class='ocrx_word' id='word_1_303' title='bbox 1313 2563 1371 2587; x_wconf 86' lang='lat' dir='ltr'>aut</span> <span class='ocrx_word' id='word_1_304' title='bbox 1391 2567 1515 2598; x_wconf 80' lang='lat' dir='ltr'>corpus</span> <span class='ocrx_word' id='word_1_305' title='bbox 1531 2581 1540 2595; x_wconf 94' lang='lat'>‚</span> 
     </span>
     <span class='ocr_line' id='line_1_50' title="bbox 867 2606 1540 2652; baseline 0.003 -14"><span class='ocrx_word' id='word_1_306' title='bbox 867 2617 943 2651; x_wconf 87' lang='lat' dir='ltr'>quae</span> <span class='ocrx_word' id='word_1_307' title='bbox 972 2607 1153 2652; x_wconf 83' lang='lat' dir='ltr'>paullatim</span> <span class='ocrx_word' id='word_1_308' title='bbox 1182 2606 1347 2640; x_wconf 86' lang='lat' dir='ltr'>occidunt</span> <span class='ocrx_word' id='word_1_309' title='bbox 1374 2619 1414 2640; x_wconf 87' lang='lat' dir='ltr'>ae</span> <span class='ocrx_word' id='word_1_310' title='bbox 1441 2619 1540 2640; x_wconf 86' lang='lat' dir='ltr'>scne-</span> 
     </span>
     <span class='ocr_line' id='line_1_51' title="bbox 867 2659 1540 2705; baseline 0 -14"><span class='ocrx_word' id='word_1_311' title='bbox 867 2668 985 2702; x_wconf 83' lang='lat' dir='ltr'>scunt,</span> <span class='ocrx_word' id='word_1_312' title='bbox 1006 2660 1066 2694; x_wconf 87' lang='lat' dir='ltr'>sed</span> <span class='ocrx_word' id='word_1_313' title='bbox 1086 2660 1230 2705; x_wconf 82' lang='lat' dir='ltr'>gloriam</span> <span class='ocrx_word' id='word_1_314' title='bbox 1251 2659 1400 2704; x_wconf 81' lang='lat' dir='ltr'>diligit.»</span> <span class='ocrx_word' id='word_1_315' title='bbox 1418 2661 1540 2704; x_wconf 79' lang='lat' dir='ltr'>Itaque</span> 
     </span>
     <span class='ocr_line' id='line_1_52' title="bbox 868 2713 1540 2747; baseline 0.003 -4"><span class='ocrx_word' id='word_1_316' title='bbox 868 2719 899 2744; x_wconf 84' lang='lat' dir='ltr'>et</span> <span class='ocrx_word' id='word_1_317' title='bbox 919 2725 994 2745; x_wconf 84' lang='lat' dir='ltr'>eam</span> <span class='ocrx_word' id='word_1_318' title='bbox 1016 2726 1054 2746; x_wconf 79' lang='lat' dir='ltr'>ex</span> <span class='ocrx_word' id='word_1_319' title='bbox 1079 2714 1130 2746; x_wconf 76' lang='lat' dir='ltr'>sui</span> <span class='ocrx_word' id='word_1_320' title='bbox 1150 2713 1293 2747; x_wconf 75' lang='lat' dir='ltr'>caritate</span> <span class='ocrx_word' id='word_1_321' title='bbox 1312 2715 1452 2745; x_wconf 76' lang='lat' dir='ltr'>studium</span> <span class='ocrx_word' id='word_1_322' title='bbox 1473 2715 1540 2745; x_wconf 72' lang='lat' dir='ltr'>lite-</span> 
     </span>
    </p>
   </div>
  </div>
 </body>
</html>
