1742 2989
198 214 288 258 280
617 215 665 256 (J.
702 212 923 255 PLINII
956 212 1081 254 LIB.
1120 211 1174 253 V.

195 312 318 347 116111,
342 295 386 337 in
411 304 509 338 toro
532 293 763 349 resedisse,
785 293 1015 353 prolusisse
1041 293 1233 353 primum
1252 289 1410 333 librum
1425 325 1437 346 ,
1463 307 1592 351 quem

195 368 248 411 de
275 368 507 412 sceleribus
530 368 621 427 ejus
648 366 868 418 ediderat,
894 381 1081 425 eumque
1107 364 1161 407 ad
1184 372 1426 407 extremum
1454 362 1593 406 revol-

195 442 327 495 visse,
353 441 465 485 idem
493 442 535 483 111
562 439 752 483 secundo
775 456 824 482 ac
844 439 973 500 tertio
999 437 1167 489 fecisse,
1192 446 1296 479 tunc
1320 434 1485 478 abiisse.
1509 437 1593 478 Ex-

195 516 341 574 pavit3
368 524 409 556 et
432 514 491 556 sic
518 513 828 573 interpretatus
848 521 937 565 est,
958 521 1164 570 tanquam
1185 508 1296 552 idem
1321 508 1400 551 sibi
1421 507 1594 551 futurus

196 597 301 631 esset
333 586 548 631 scribendi
573 586 694 638 finis,
716 586 789 646 qui
813 585 960 628 fuisset
987 582 1046 626 illi
1071 582 1241 643 legendi
1263 599 1272 624 ε
1294 591 1336 624 et
1361 580 1443 624 fuit
1464 580 1590 624 idem.

196 660 328 717 Quod
355 677 423 703 1116
453 659 755 704 recordantem
782 658 1000 702 miseratio
1028 656 1160 709 subit,
1185 664 1397 715 quantum
1423 652 1593 713 vigilia-

196 751 292 777 rum
305 770 316 789 ,
331 743 546 794 quantum
562 733 722 776 laboris
737 731 984 775 exhauserit
1001 728 1174 772 frustra.
1186 731 1431 772 Occursant
1447 727 1594 769 animo

194 822 291 849 mea
321 806 584 861 mortalitas,
610 822 706 848 mea
735 806 907 865 scripta.
933 805 1026 848 Nec
1051 802 1226 854 dubito,
1252 810 1292 844 te
1321 816 1496 860 quoque
1520 815 1593 842 ea-

195 880 292 923 dem
315 881 579 940 cogitatione
606 880 757 922 terreri
784 895 864 938 pro
890 877 1000 931 istis,
1017 892 1111 936 quae
1131 876 1244 918 inter
1266 889 1421 918 manus
1445 873 1591 915 habes.

196 954 413 1007 Proinde,
445 953 548 997 dum
586 953 778 1013 suppetit
811 952 926 1006 vita,
955 950 1197 1000 enitamur,
1231 957 1280 990 ut
1313 962 1429 989 mors
1462 961 1593 1005 quam

196 1026 478 1085 paucissima,
506 1042 602 1085 quae
633 1023 804 1068 abolere
830 1024 990 1084 possit,
1020 1021 1222 1064 inveniat.
1245 1018 1366 1062 Vale.

196 1159 287 1188 nisse.
309 1157 405 1188 Rom.
421 1160 503 1187 Moz-
518 1158 712 1199 imaginatus
730 1157 862 1186 venisse.
930 1156 1091 1185 Revolvere
1118 1151 1243 1184 librum
1275 1148 1342 1181 dici
1371 1155 1504 1193 potest,
1538 1148 1597 1192 qui

196 1209 241 1241 H.
259 1229 303 1232 —-
317 1213 355 1240 In
380 1219 449 1240 toro
469 1210 628 1240 resedisse.
644 1208 696 1241 Sic
719 1215 750 1239 ct
764 1209 861 1239 Rom.
930 1219 1009 1239 eum
1025 1213 1124 1238 antea
1138 1203 1359 1237 convolutum
1373 1213 1492 1233 rursus
1507 1199 1598 1232 evol·

196 1259 320 1293 deinde
344 1263 513 1292 revolvisse.
537 1260 580 1292 H.
597 1281 642 1284 —-
660 1260 793 1292 Bonum
819 1273 865 1290 re·
931 1259 989 1290 vit.
1008 1259 1049 1290 Et
1071 1255 1311 1301 frequentabat
1327 1253 1377 1286 Pl.
1396 1260 1474 1285 aetas
1492 1252 1596 1285 verba

201 1315 340 1345 volt-isse.
350 1312 489 1345 Frustra
498 1313 632 1357 praefert
641 1312 777 1344 Curtius
786 1314 865 1342 evol·
930 1323 968 1343 ex
986 1323 1019 1341 re
1037 1309 1238 1354 composita.
1257 1307 1324 1339 ΕΙ).

197 1368 290 1397 wisse.
312 1365 428 1396 Livius
458 1364 620 1402 XXXIV,
648 1364 664 1395 5
678 1388 686 1403 ,
704 1375 722 1406 7
743 1375 749 1394 ε
782 1367 864 1394 Tuas
975 1375 1008 1406 7.
1033 1365 1120 1404 Quce.
1142 1361 1263 1393 Libros
1284 1359 1319 1392 in
1344 1357 1501 1390 Plantam
1516 1381 1526 1397 ,
1553 1355 1595 1389 de

200 1419 347 1450 adversus
369 1427 398 1449 tc
423 1419 565 1460 Origines
588 1419 751 1448 revolvam.
767 1416 800 1449 S.
821 1436 865 1440 -—-
930 1415 1055 1460 quibus
1075 1414 1133 1446 lib.
1151 1414 1200 1445 IX
1214 1438 1222 1452 ,
1243 1413 1338 1457 epist.
1364 1423 1394 1443 1.
1413 1410 1453 1442 E.
