1742 2989
628 209 973 251 EPISTULA
1008 207 1043 248 I.
1458 204 1534 257 141·

141 292 288 352 lingua
304 326 315 346 ,
345 290 475 351 lyrica
505 289 767 333 doctissime.
792 290 907 333 Mira
929 288 1010 332 illis
1035 286 1242 342 dulcedo,
1267 287 1376 329 mira
1397 287 1543 330 suavi—

141 375 230 418 tas,
259 364 369 407 mira
395 362 618 406 hilaritas:
640 363 765 423 cujus
790 363 975 423 gratiam
999 359 1194 405 cumulat
1219 360 1424 404 sanctitas
1441 360 1543 403 scri-

140 437 297 482 bentis.
323 437 412 482 Ubi
444 437 554 481 hora
581 436 742 480 balinei
780 436 983 479 nuntiata
1014 432 1187 495 est(est
1218 443 1365 476 autem
1400 432 1544 475 hieme

141 528 280 566 nona,
305 520 451 555 aestate
482 514 687 569 octava),
718 510 764 553 in
795 508 882 553 sole
901 545 912 565 ,
941 509 975 552 si
1001 516 1119 552 caret
1150 516 1281 550 vento
1303 541 1314 561 ,
1352 504 1547 548 ambulat

141 584 298 628 nudus.
341 583 513 627 Deinde
551 592 753 626 movetur
788 582 877 643 pila
915 582 1196 625 vehementer
1230 589 1272 622 et
1303 578 1409 622 diu:
1445 595 1546 622 nam

142 657 225 700 hoc
246 673 422 717 quoque
446 656 768 700 exercitationis
802 672 960 716 genere
989 663 1159 716 pugnat
1183 669 1283 697 cum
1314 661 1548 697 senectute,

143 731 280 773 Lotus
309 729 520 785 accubat,
550 739 593 773 et
618 729 858 790 paullisper
883 729 1031 773 cibum
1063 727 1209 771 differt
1230 745 1238 770 :
1267 727 1445 770 interim
1469 743 1550 769 au-

142 802 206 846 dit
235 801 451 864 legentem
478 803 700 846 remissius
729 802 895 863 aliquid
917 812 961 846 et
988 800 1170 845 dulcius.
1196 803 1278 845 Per
1307 799 1391 843 hoc
1422 815 1551 842 omne

143 885 314 936 tempus
345 875 531 920 liberum
558 887 621 920 est
649 877 800 921 amicis
826 876 893 920 vel
924 875 1075 920 eadem
1102 891 1256 936 agere,
1285 872 1353 917 vel
1378 872 1461 917 alia
1478 909 1490 929 7
1518 873 1551 916 si

143 1026 227 1071 quin
246 1025 424 1060 Fabricius
447 1031 460 1062 ὁ
482 1029 681 1074 μακαρίτης,
699 1025 816 1060 candi-

144 1077 305 1111 dissimus
318 1079 375 1112 ille
385 1080 604 1126 ingeniorum
615 1080 815 1119 aestimator,

145 1130 234 1163 Bibl.
254 1132 331 1165 Lat.
353 1134 389 1173 I,
409 1136 450 1166 16
468 1157 477 1173 ‚
496 1147 512 1166 2
529 1158 537 1173 ‚
559 1135 636 1174 284.
659 1149 675 1161 «
692 1133 817 1165 Confe-

145 1183 258 1223 renti,
285 1185 416 1231 inquit,
442 1193 609 1231 apparet,
635 1185 707 1218 haec
735 1186 818 1230 Spu-

145 1235 253 1268 rinnae
273 1238 435 1271 universa
456 1238 663 1284 deprompta
682 1250 754 1271 esse
779 1249 819 1270 ex

148 1288 328 1335 Pliniijun.
340 1291 402 1324 lib.
414 1292 466 1324 III
478 1317 488 1332 ,
502 1304 558 1337 ep.
578 1303 590 1324 1
600 1318 607 1324 .
617 1308 630 1319 »ι
648 1290 819 1337 Equidem

146 1342 250 1375 verba
266 1355 305 1374 ex
318 1343 427 1377 Plinio
445 1343 649 1390 deprompta
664 1356 735 1376 non
750 1342 821 1376 ani-

149 1393 330 1428 madverto
344 1421 352 1436 ‚
380 1395 493 1430 ideam
520 1397 629 1442 ipsam
656 1396 721 1429 viri
743 1403 821 1441 post

148 1447 360 1491 negotiosam
375 1450 480 1483 vitam
495 1449 539 1483 ad
553 1449 614 1482 otii
631 1456 772 1494 portum
785 1461 820 1481 se

149 1500 357 1534 conferentis
379 1502 461 1536 hinc
483 1503 643 1535 haustam
657 1527 666 1543 ,
689 1500 821 1534 schola-

150 1551 341 1598 sticumque
356 1556 506 1600 aliquem
520 1581 528 1595 ‚
543 1563 602 1588 aut
612 1579 621 1595 ,
647 1555 674 1587 si
686 1554 818 1599 placet,

149 1603 261 1648 ipsum
291 1605 378 1640 adeo
404 1609 585 1642 Barthium
603 1633 611 1648 ‚
641 1607 822 1640 materiem

150 1656 240 1689 lusui
258 1671 321 1691 suo
336 1672 355 1692 a
369 1660 525 1694 Pliniano
542 1661 715 1706 Spurinna
733 1673 824 1693 sum-

151 1709 260 1753 psisse
276 1736 284 1750 ‚
313 1725 384 1746 non
411 1714 622 1759 negaverim.
652 1713 720 1745 Diu
749 1720 798 1745 est
813 1737 822 1752 ‚

152 1773 262 1805 quum
282 1764 417 1809 scripsit
440 1767 527 1799 mihi
541 1765 758 1811 Theophilus
777 1765 826 1798 Si-

153 1814 241 1857 gefr.
261 1816 402 1850 Baierus
418 1818 463 1851 V.
480 1819 520 1852 C.
539 1831 574 1851 se
590 1817 750 1851 meditari
767 1817 826 1850 ali-

154 1865 238 1912 quid
262 1868 304 1902 de
329 1870 397 1903 illis
421 1871 645 1904 carminibus.
666 1870 799 1915 Abjecit
815 1895 824 1910 ,

154 1928 238 1962 puto
254 1946 262 1961 ‚
288 1922 375 1955 illud
404 1924 589 1957 consilium
606 1948 614 1963 ‚
640 1930 826 1968 postquam

154 1971 254 2006 Seras
279 1982 311 2007 et
336 1975 443 2008 Indos
468 1977 704 2021 Tartarosque
732 1987 827 2007 man-

157 2026 363 2060 suetioribus
381 2028 489 2061 Musis
508 2028 654 2073 praetulit
670 2053 679 2067 ,
697 2027 750 2060 vel
766 2041 826 2073 po—

157 2076 223 2109 tius
237 2078 371 2124 aliquid
385 2093 452 2113 suae
467 2080 645 2126 elegantia}
661 2089 694 2114 et
707 2080 828 2113 huma-

156 2181 249 2223 jecit.
274 2183 385 2217 Baieri
408 2186 499 2218 enim
522 2188 561 2217 de
583 2188 730 2218 Vestritio
753 2190 830 2228 Spu-

160 2234 276 2273 rinna,
310 2239 442 2277 Lyrico,
470 2248 501 2270 et
527 2240 592 2282 ejus
610 2240 825 2282 fragmentis,

161 2299 246 2331 opus
278 2297 476 2333 postumum
500 2290 628 2335 prodiit
659 2292 694 2324 in
725 2292 829 2325 Com-

163 2341 338 2373 mentariis
353 2341 544 2375 Academi-<e
554 2344 830 2389 Petropolitanae‚

161 2390 204 2423 T.
218 2392 266 2424 XI
278 2418 286 2433 ‚
301 2392 345 2427 ad
357 2407 440 2428 ann.
458 2397 559 2439 1739,
572 2397 712 2443 Petrop.
729 2398 830 2442 1750,

162 2456 198 2489 p.
219 2445 257 2478 31
270 2459 279 2477 1
299 2472 308 2486 ,
323 2460 374 2493 sq.
387 2447 478 2480 Vide
492 2449 718 2483 Wernsdorf.
736 2460 829 2498 poet.

164 2496 222 2529 lat.
238 2497 479 2534 Minor.Tom.
496 2502 561 2541 IV,
578 2515 655 2547 pag.
673 2504 735 2544 841
755 2531 763 2545 ‚
778 2518 830 2550 sq.

165 2549 219 2581 Cf.
236 2550 327 2584 idem
340 2553 566 2588 Wernsdorf.
586 2555 671 2589 ibid.
689 2557 732 2590 T.
753 2558 806 2590 III
822 2583 830 2598 ‚

166 2615 244 2648 pap.
263 2606 343 2645 325,
355 2619 406 2652 sq.
423 2608 483 2640 ubi
496 2621 575 2653 pag.
590 2609 651 2641 351
662 2634 670 2649 ‚
684 2623 734 2655 sq.
749 2610 833 2644 odas

168 2654 243 2688 illas
258 2666 406 2702 quatuor
421 2661 582 2706 reperias
600 2662 634 2694 S.

217 2708 248 2738 8.
288 2713 394 2743 Hieme
421 2727 517 2745 nona.
540 2714 699 2748 Seriusne
733 2715 835 2760 igitur

881 1027 995 1060 hieme
1014 1038 1121 1071 quam
1139 1024 1281 1059 aestate?
1298 1025 1393 1066 Quin
1418 1031 1552 1058 contra.

882 1079 1052 1112 Nimirum
1076 1077 1337 1111 adtendendum
1360 1086 1410 1111 est
1433 1076 1478 1110 ad
1500 1090 1556 1111 ra-

882 1132 1011 1165 tionem
1038 1131 1207 1164 horarum
1231 1144 1468 1164 romanarum.
1495 1132 1555 1163 Hae

883 1187 1024 1232 καιρικαὶ
1039 1185 1226 1225 erant‚hoc
1240 1193 1303 1225 est,
1316 1184 1407 1218 diem
1418 1193 1557 1219 natura-

883 1237 952 1270 lem
968 1237 1166 1271 dividebant
1183 1237 1217 1269 in
1234 1238 1300 1270 XII
1315 1246 1431 1283 partes
1443 1250 1557 1283 aequa-

884 1291 933 1323 les
945 1315 953 1331 ‚
967 1291 1035 1323 sive
1050 1291 1077 1323 is
1093 1292 1216 1336 longus
1231 1299 1318 1324 esset
1329 1317 1337 1331 ‚
1350 1290 1419 1323 sive
1432 1290 1556 1323 brevis.

885 1342 987 1376 Horae
1012 1343 1117 1388 igitur
1147 1356 1301 1376 romanae
1328 1356 1408 1376 cum
1433 1344 1559 1376 nostris

885 1396 1097 1429 conveniunt
1123 1396 1228 1429 modo
1256 1396 1291 1428 in
1321 1396 1535 1442 aequinoctiis
1549 1421 1557 1436 ‚

885 1447 999 1481 hieme
1017 1457 1097 1482 sunt
1114 1449 1288 1482 breviores
1299 1475 1307 1489 ‚
1319 1449 1558 1494 productiores

886 1509 1012 1535 aestate.
1026 1503 1144 1543 Qua-re
1157 1515 1248 1547 pone
1258 1502 1393 1535 solstitii
1407 1510 1560 1547 tempore

887 1553 979 1587 diem
991 1555 1026 1587 in
1039 1554 1144 1600 dupla
1156 1555 1291 1587 ratione
1301 1554 1367 1587 diei
1379 1554 1562 1594 brumalis,

887 1615 926 1639 ut
944 1606 1039 1653 apud
1058 1620 1122 1640 nos
1138 1607 1183 1639 H.
1202 1608 1286 1640 XVI
1303 1631 1311 1647 ,
1328 1615 1361 1640 et
1374 1608 1461 1641 VIII
1474 1634 1483 1649 ,
1500 1608 1564 1640 erit

889 1661 976 1694 hora
987 1660 1104 1693 aestiva
1118 1659 1153 1692 in
1169 1659 1290 1693 eadem
1303 1660 1437 1693 ratione
1452 1660 1495 1693 ad
1508 1661 1563 1693 ho-

889 1727 963 1747 ram
983 1713 1190 1746 brumalem.
1210 1713 1399 1757 Quumque
1414 1713 1564 1758 aequino-

889 1766 999 1799 ctialis
1009 1766 1096 1799 hora
1110 1766 1260 1798 minutas
1270 1765 1396 1798 haheat
1408 1768 1450 1799 60
1463 1791 1471 1806 ‚
1480 1766 1565 1799 aesti-

890 1832 941 1852 vae
958 1818 1083 1852 cedent
1098 1821 1140 1851 80
1154 1843 1163 1858 ,
1176 1818 1329 1851 hibernae
1342 1831 1412 1851 non
1427 1819 1493 1851 nisi
1506 1824 1562 1859 4ο.

890 1873 1013 1916 Itaque
1027 1871 1144 1904 aestiva
1158 1871 1244 1904 hora
1260 1872 1349 1903 VIII
1361 1896 1369 1911 ‚
1384 1871 1564 1904 conveniet

891 1932 1017 1957 nostrae
1030 1924 1107 1956 hor.
1127 1936 1143 1955 2
1159 1948 1168 1963 ‚
1182 1936 1229 1956 m.
1246 1928 1288 1963 40
1301 1935 1309 1963 ;
1321 1923 1469 1957 hiberna
1483 1937 1564 1957 vero

891 1978 941 2010 IX
953 2002 961 2017 ,
979 1976 1107 2009 incidet
1122 1976 1160 2008 in
1176 1976 1287 2022 ipsam
1301 1984 1456 2009 nostram
1476 1976 1512 2010 h.
1532 1991 1563 2011 2.

891 2031 925 2064 Si
944 2030 1000 2063 cui
1020 2029 1093 2062 haee
1110 2029 1213 2061 nimis
1233 2029 1351 2062 brevia
1370 2037 1402 2062 et
1418 2030 1565 2075 abrupta

893 2082 1076 2117 videantur
1095 2108 1104 2122 ‚
1128 2082 1185 2115 ille
1208 2082 1301 2128 legat
1322 2081 1401 2115 Aldi
1417 2082 1565 2115 Manutii

894 2148 933 2169 ca
952 2135 995 2168 de
1016 2148 1055 2168 re
1074 2135 1230 2168 libellum
1245 2159 1253 2175 ‚
1277 2135 1338 2181 qui
1356 2135 1566 2180 praefationis

894 2190 1001 2222 instar
1019 2189 1078 2221 Rei
1100 2189 1245 2222 Rusticae
1265 2187 1489 2234 scriptoribus
1507 2188 1566 2221 ad-

894 2242 977 2288 poni
995 2242 1079 2275 solet
1094 2266 1102 2282 ‚
1121 2249 1153 2274 et
1170 2241 1204 2274 in
1222 2250 1339 2275 nostra
1351 2240 1502 2275 editione
1519 2242 1567 2274 lo-

897 2308 976 2328 cum
987 2302 1150 2328 octavum
1167 2294 1310 2327 obtinet.
1327 2294 1371 2327 G.

942 2367 988 2372 -—
1000 2352 1130 2391 Pugnat
1142 2361 1212 2380 Cltln
1225 2358 1396 2380 seneclute-
1409 2348 1569 2379 CODIUIO·

897 2400 940 2433 de
959 2400 1028 2433 huc
1050 2399 1223 2433 advocant
1242 2400 1315 2432 Cic.
1337 2399 1379 2432 de
1401 2400 1480 2432 Sen.
1504 2400 1566 2431 XI.

900 2471 913 2481 «
924 2451 1157 2498 Pugnandum
1167 2461 1336 2498 tanquam
1349 2459 1469 2484 eontra
1480 2464 1569 2484 mor-

898 2507 982 2539 bum
1000 2531 1008 2545 ,
1029 2506 1075 2539 sic
1103 2514 1224 2539 contra
1249 2512 1473 2538 senectutem.
1499 2504 1568 2536 Ha—

898 2557 1013 2591 benda
1031 2558 1119 2591 ratio
1139 2558 1347 2592 valetudinis
1370 2569 1376 2589 ε
1401 2556 1568 2589 utendum

900 2611 1199 2645 exercitationibus
1215 2610 1372 2644 modicis.
1383 2627 1397 2637 υ
1411 2610 1455 2642 G.

945 2685 990 2689 -—
1007 2666 1155 2696 Liberum
1171 2674 1216 2695 est
1235 2664 1346 2694 (unicis
1357 2688 1364 2700 ‚
1387 2670 1452 2694 etc.
1471 2663 1568 2694 Rom.

904 2719 1046 2748 Liberum
1061 2727 1108 2748 est
1119 2719 1231 2748 (unicis
1244 2718 1299 2746 ‘ivel
1313 2717 1423 2746 eadem
1433 2715 1565 2757 fiac-ere,
