1742 2989
179 211 237 256 92
604 199 653 240 C.
691 198 911 241 PLINII
946 200 1072 242 LIB.
1108 199 1170 240 ΙΙ.

178 276 523 322 eruditissimum
538 313 550 332 ‚
574 278 695 322 omni
717 278 907 340 denique
929 279 1056 325 laude
1078 280 1382 341 dignissimum
1399 316 1411 336 ‚
1433 290 1476 324 et
1495 282 1590 342 qui-

133 362 153 398 4
179 350 278 394 deni
314 367 413 394 cum
449 360 542 395 tota
566 351 712 395 domo.
743 353 858 397 Nam
886 363 1011 414 pater
1039 354 1160 414 ejus⁷
1186 354 1373 398 Erucius
1401 353 1558 398 Clarus
1577 390 1588 410 ‚

178 423 246 472 yir
274 433 472 480 sanctus,
498 425 731 486 antiquus,
760 424 969 484 disertus,
989 437 1120 488 atque
1147 427 1192 469 in
1218 427 1399 488 agendis
1427 428 1591 472 caussis

178 499 464 554 exercitatus,
489 515 597 559 quas
622 515 792 543 summa
816 499 926 557 fide,
953 501 1047 562 pari
1074 501 1341 556 constantia,
1364 518 1446 546 nec
1469 516 1591 544 vere-

178 570 338 614 cundia
362 571 532 615 minore
555 571 763 616 defendit.
790 574 934 617 Habet
958 573 1224 619 avunculum
1249 576 1299 619 C.
1326 576 1592 636 Septicium,

178 660 267 703 quo
296 644 405 688 nihil
432 645 604 700 verius,
630 645 740 690 nihil
765 646 1028 708 simplicius,
1058 648 1167 692 nihil
1197 649 1452 706 candidius,
1481 652 1591 696 nihil

134 723 152 757 5
179 716 350 762 fidelius
378 719 506 780 «novi.
540 723 706 765 Omnes
737 737 806 763 me
845 722 1070 777 certatim,
1107 731 1150 765 et
1186 731 1333 766 tamen
1367 723 1593 784 aequaliter

178 800 330 834 amant
356 807 365 834 z
396 793 603 836 omnibus
631 810 750 837 nunc
779 810 861 855 ego
891 794 937 838 in
966 811 1056 838 uno
1087 794 1249 839 referre
1278 796 1464 856 gratiam
1491 813 1591 858 pos-

179 878 291 906 sum.
321 866 474 925 Itaque
502 881 662 925 prenso
688 867 874 922 amicos,
899 867 1118 929 supplico,
1142 868 1310 922 ambio,
1334 869 1486 914 domos
1510 882 1592 915 sta-

178 936 409 998 tionesque
446 939 667 983 circumeo
710 957 718 983 :
761 950 1062 1002 quantumque
1099 941 1165 985 vel
1204 943 1497 997 auctoritate,
1525 943 1593 988 vel

133 1022 153 1052 6
180 1011 320 1069 gratia
344 1011 511 1056 valeam
526 1048 536 1067 .,
562 1013 765 1073 precibus
794 1015 1008 1075 experior.
1023 1017 1085 1058 Te
1113 1032 1289 1076 quoque
1318 1016 1499 1060 obsecro
1514 1052 1524 1072 ,
1544 1027 1594 1060 ut

177 1082 369 1144 aliquam
396 1087 541 1129 oneris
563 1087 649 1130 mei
671 1096 840 1147 partem
864 1089 1081 1148 suscipere
1104 1089 1215 1132 tanti
1239 1098 1377 1149 putes.
1395 1089 1592 1133 Reddam

177 1157 336 1211 vicem,
360 1159 394 1201 si
420 1176 623 1220 reposces
653 1177 662 1203 :
691 1160 869 1204 reddam
894 1170 937 1204 et
963 1162 997 1203 si
1026 1178 1115 1204 non
1136 1178 1348 1222 reposces,
1368 1162 1594 1224 Diligeris,

177 1229 354 1285 coleris,
384 1231 676 1292 frequentaris
702 1250 710 1276 ε
739 1233 918 1276 ostende
944 1233 1077 1277 modo
1097 1269 1108 1286 ,
1137 1234 1247 1278 velle
1273 1244 1315 1278 te
1333 1270 1344 1289 ‚
1377 1252 1457 1279 nec
1488 1235 1592 1279 dee-

178 1312 304 1358 runt,
330 1304 430 1364 qui⁷
457 1305 576 1365 quod
602 1314 650 1348 tu
677 1305 805 1359 velis,
827 1307 1023 1366 cupiant.
1050 1306 1172 1350 Vale.

223 1438 254 1469 4.
267 1434 352 1464 Nam
363 1442 460 1474 pater
472 1434 554 1475 ejus,
569 1439 633 1465 etc.
648 1433 745 1464 Rom.
764 1435 849 1463 Nam
917 1444 993 1477 quae
1014 1441 1207 1478 sequuntur
1221 1459 1230 1474 ‚
1247 1434 1317 1468 vid.
1335 1435 1446 1481 Epist.
1467 1437 1502 1475 Ι,
1529 1437 1568 1470 13
1583 1461 1591 1477 ‚

920 1498 950 1517 2.
973 1485 1013 1517 E.

964 1540 997 1569 6.
1026 1541 1067 1568 Te
1090 1551 1216 1581 quoque
1235 1540 1362 1571 obsecro
1376 1565 1386 1578 ‚
1414 1550 1462 1572 at.
1479 1566 1486 1572 .
1502 1554 1592 1584 .par-

170 1486 341 1528 paterejus
351 1486 485 1515 Erucius
496 1487 602 1516 clarus
615 1487 684 1523 vir,
706 1494 846 1521 sanctus,

176 1538 345 1579 antiquus,
367 1539 520 1575 disertus,
546 1547 644 1580 atque
666 1540 697 1568 in
716 1539 848 1580 agendis

175 1592 304 1622 caussis.
318 1590 362 1623 H.
373 1611 419 1615 —
429 1589 657 1623 Scribendum
672 1603 751 1623 cum
766 1590 849 1622 Cor-

175 1643 222 1676 tio
249 1655 256 1675 :
286 1646 371 1675 Nam
388 1653 488 1685 pater
509 1645 547 1675 ei.
573 1642 762 1687 Vulgatam
782 1644 847 1685 ejus

175 1696 229 1728 vel
241 1708 340 1729 aures
352 1703 534 1740 respuunt.
549 1695 631 1728 Mox
644 1707 707 1740 pro
721 1696 848 1726 ‹az-erci-

177 1759 208 1780 ca
215 1759 272 1780 tus.
287 1749 455 1793 Excerpta
466 1747 661 1779 Brummeri
675 1749 844 1784 erere-itus,

179 1800 349 1846 frequenti
369 1800 574 1834 confusione
588 1825 596 1840 ‚
617 1798 660 1832 de
679 1812 749 1845 qua
774 1798 844 1832 vid.

176 1854 352 1886 Drakenb.
366 1852 409 1886 ad
425 1853 502 1885 Liv.
518 1852 667 1891 XXVII,
682 1856 723 1892 44
738 1877 747 1892 ,
763 1854 796 1884 6.
812 1853 846 1885 S.

225 1906 255 1940 5.
270 1910 384 1949 Itaque
392 1918 510 1949 prenso
524 1906 656 1936 amicos.
671 1905 769 1937 Rom.
782 1909 850 1936 Ita-

177 1961 402 2002 queprelzenso
414 1959 545 1990 amicos.
558 1957 603 1990 H.
614 1978 661 1982 —
671 1956 741 1990 Vid
750 1984 756 1990 .
767 1958 850 1991 Dra-

177 2011 281 2044 kenb.
306 2010 350 2043 ad
373 2009 450 2043 Liv.
471 2010 521 2041 IV
536 2034 545 2049 ‚
568 2010 609 2049 48
628 2035 636 2050 ,
669 2022 680 2040 1
692 2022 721 2042 1.
746 2011 779 2043 S.
805 2030 850 2034 --

183 2066 294 2095 Ambio
310 2065 431 2094 domos.
446 2061 617 2106 Gierigius
628 2086 637 2102 ,
652 2062 851 2108 Gryphium

178 2123 329 2155 secutus,
343 2114 470 2153 edidit,
480 2116 599 2152 ambio,
616 2116 726 2145 domos
739 2118 852 2147 scatio-

179 2181 296 2211 nesque
306 2170 476 2199 circumeo.
488 2165 577 2197 {Mihi
589 2174 699 2198 totum
710 2166 776 2199 lioc
786 2180 853 2199 am-

182 2223 248 2252 bire
264 2228 342 2266 post
357 2220 413 2251 illa
426 2244 434 2257 ‚
447 2231 563 2260 prenso
579 2221 699 2250 (unicos
709 2244 719 2258 ,
736 2222 852 2261 suppli.

181 2288 216 2306 co
227 2299 237 2311 ‚
253 2274 401 2306 otiosum
417 2273 563 2306 videtur.
586 2273 635 2305 De
648 2274 847 2305 stationibux.

917 1599 990 1622 tem.
1006 1591 1104 1622 Rom.
1122 1594 1226 1633 Teque
1236 1593 1364 1623 obsecro
1374 1617 1383 1630 ,
1401 1602 1435 1624 ue
1445 1595 1591 1636 aliq-nam

916 1644 1052 1673 muneris
1067 1644 1128 1673 mei
1130 1653 1269 1685 partem.
1279 1643 1324 1676 H.
1334 1664 1379 1668 —
1392 1648 1458 1686 Que
1468 1653 1500 1678 et
1511 1659 1588 1688 quo-

914 1707 974 1735 qne
984 1694 1167 1739 saepissime
1176 1695 1454 1730 confunduntur.
1470 1701 1585 1729 Mune-

913 1749 955 1777 ris
969 1758 1009 1778 ex
1023 1749 1128 1778 oneris
1142 1754 1263 1780 natum
1278 1773 1286 1788 ‚
1302 1748 1397 1794 quod
1409 1750 1497 1782 bene
1511 1762 1584 1782 mo-

912 1807 1015 1833 nente
1044 1799 1161 1832 Cortio
1173 1825 1182 1839 ‚
1213 1800 1334 1834 ultima
1361 1801 1589 1847 praecedentis

915 1853 1007 1885 vocis
1017 1851 1117 1885 litera
1129 1853 1286 1898 sequenti
1295 1854 1466 1887 vocabulo
1473 1867 1591 1888 accre-

915 1904 1028 1937 visset.
1044 1905 1078 1938 S.

961 1978 1007 1982 —--
1036 1961 1078 1989 Ec
1097 1960 1125 1989 si
1141 1971 1205 1990 non
1223 1971 1377 2001 reposces.
1396 1958 1534 1992 Cortius
1553 1971 1593 1991 ex

916 2009 1075 2043 Mediceo
1101 2013 1247 2053 reposcis.
1268 2010 1465 2055 perperam.
1491 2010 1568 2044 Scio
1583 2036 1592 2051 ,

919 2063 1065 2108 optimos
1100 2062 1282 2108 scriptores
1310 2063 1406 2095 varia
1437 2071 1593 2109 tempora

916 2117 1082 2161 jungere3
1104 2113 1163 2146 sed
1182 2113 1239 2146 hic
1259 2115 1331 2159 ipsa
1348 2115 1520 2161 oppositio
1538 2115 1593 2149 fu-

919 2176 1037 2200 turum
1050 2165 1193 2211 flagitat.
1214 2167 1247 2199 S.

965 2239 1009 2244 —-
1043 2221 1121 2260 Qui,
1152 2221 1242 2261 quod
1267 2230 1297 2250 [a
1324 2223 1418 2259 velis,
1447 2222 1593 2263 cupiant.

918 2274 1016 2305 Rom.
1036 2273 1113 2311 Qui,
1132 2273 1220 2312 qnod
1231 2274 1308 2304 velis
1323 2299 1329 2307 ,
1348 2275 1490 2316 cupiant.
1506 2272 1550 2305 H.
