1742 2989
169 389 189 419 9

154 744 192 764 10

156 965 189 984 11

219 209 309 263 234
624 208 669 248 (j.
703 204 921 248 PLINII
956 205 1077 247 LIB.
1113 205 1197 247 IV.

216 297 341 337 niam
360 289 483 354 [non]
506 293 594 333 m'si
610 288 773 348 (lignus
791 289 1007 347 accipiat,
1027 290 1070 331 si
1084 296 1346 347 accepturus
1364 296 1410 329 et
1425 285 1484 329 ab
1507 289 1616 346 ipsis

216 370 311 410 erit.
340 364 536 409 Proinde
567 364 815 407 consentite
829 396 839 414 ‚
874 364 1128 422 conspirate
1142 396 1153 415 ,
1182 357 1486 418 majoremque
1514 363 1616 403 smi-

217 456 333 483 mum
364 453 423 482 ex
448 453 544 481 meo
573 438 756 489 sumite,
788 438 869 493 qui
897 437 1027 494 cupio
1059 450 1154 477 esse
1182 447 1316 492 quam
1337 433 1580 494 plurimum
1601 468 1613 486 ,

217 512 344 572 quod
368 511 549 555 debeam
581 507 793 564 conferre.
824 509 877 552 N
875 506 958 550 ilzz'l
978 506 1202 551 honestius
1216 517 1442 567 praestare
1471 506 1618 550 liberis

217 589 378 630 vestris
390 620 402 640 ‚
427 581 544 628 m'lzil
571 585 747 643 gratius
765 583 941 642 patrie&
959 584 1169 642 potestis.
1203 581 1249 623 E
1250 579 1496 624 doceantur
1521 579 1614 634 hic,

217 662 299 717 qui
323 657 392 701 hic
419 666 683 711 nascuntur,
704 657 948 713 statimque
976 653 1034 697 ab
1063 653 1264 712 itzfimtia
1294 653 1447 697 natale
1475 654 1619 697 solum

218 746 374 774 amare
386 766 398 785 ,
409 730 711 789 frequentare
732 738 1040 772 consuescant.
1063 727 1110 771 A
1113 738 1215 786 tque
1234 729 1403 771 utinam
1421 737 1512 770 tam
1531 728 1620 770 cla-

219 821 292 848 ros
309 813 615 866 praeceptores
637 800 863 845 inducatis
876 835 888 854 ‚
920 811 971 845 ut
991 800 1247 859 afitzz'timz's
1269 799 1444 861 oppidis
1468 799 1622 843 studia

219 878 323 921 ltine
339 887 578 939 petantur,
608 886 743 935 utque
770 890 887 918 nunc
914 873 1042 919 libert
1064 877 1203 918 vesu-t
1231 875 1383 917 aliena
1409 877 1455 917 in
1490 875 1591 917 loca
1608 908 1619 920 ,

220 954 287 994 ita
308 965 416 994 moa:
440 949 581 993 alieni
600 952 646 993 in
672 948 788 992 hunc
815 949 960 992 locum
985 946 1242 1007 corfinum!
1261 949 1364 991 Haec
1387 947 1536 1008 putavi
1559 946 1621 990 al-

220 1024 307 1067 tius
337 1033 381 1066 et
406 1024 531 1084 quasi
559 1040 584 1067 a
611 1023 732 1066 fonte
757 1021 1017 1083 repetenda;
1041 1038 1129 1082 quo
1154 1022 1293 1082 magis
1321 1020 1474 1075 scires⁷
1492 1036 1623 1081 quam

222 1105 395 1157 gratum
424 1096 532 1138 mihi
561 1095 696 1151 foret,
721 1096 756 1138 si
781 1095 1044 1155 susciperes,
1070 1094 1188 1155 quod
1210 1094 1408 1154 injungo.
1434 1094 1626 1153 Injungo

221 1178 391 1223 autem,
414 1178 457 1212 et
486 1186 566 1229 pro
593 1169 655 1212 rei
685 1168 990 1230 magnitudine
1015 1185 1145 1230 rogo7
1171 1178 1221 1212 ut
1245 1185 1298 1212 ex
1320 1169 1446 1229 copia
1467 1167 1626 1211 studio-

222 1259 397 1295 sorum,
420 1259 516 1303 quae
547 1242 601 1286 ad
631 1252 673 1285 te
703 1259 755 1285 ex
787 1242 1075 1286 admiratione
1106 1243 1269 1304 ingenii
1301 1242 1366 1285 tui
1398 1241 1628 1296 convenit,

222 1316 546 1376 circumspicias
571 1325 882 1376 praeceptores,
902 1332 1010 1376 quos
1031 1315 1263 1360 sollicitare
1283 1314 1526 1375 possimus3
1547 1314 1627 1357 sub

223 1470 286 1488 non
311 1456 398 1489 illud
419 1456 657 1501 importunum
684 1455 782 1488 uncis
804 1463 896 1487 certe

224 1509 370 1550 inclusi,
389 1522 433 1542 ne
452 1517 581 1542 temere
599 1509 714 1540 turbet
737 1506 867 1552 aliquid
884 1532 893 1547 ‚

222 1561 306 1594 dum
323 1562 491 1595 librorum
509 1561 665 1607 praesidio
684 1559 896 1605 quandoque

223 1615 403 1659 ejiciatur,
425 1615 481 1648 vel
507 1613 705 1660 praecedens
732 1626 772 1645 ne
799 1613 836 1645 in
862 1623 897 1645 uc

223 1675 388 1701 mutetur.
409 1667 453 1700 G.
471 1688 517 1693 -—
536 1668 634 1700 Rom.
657 1682 670 1695 τε
685 1666 896 1710 Dabuntque

223 1733 364 1765 operam
379 1746 388 1760 ‚
412 1734 456 1754 ne
482 1732 566 1754 eam-
584 1732 603 1752 a
628 1732 683 1751 me
709 1718 894 1764 pecuniam

223 1785 293 1805 non
319 1773 384 1806 nisi
407 1773 533 1819 dignus
554 1772 699 1817 accipiat
713 1796 723 1812 ,
746 1770 773 1803 si
797 1783 895 1804 acce·

222 1834 345 1871 pturus
364 1834 395 1859 et
411 1827 454 1859 ab
471 1826 525 1859 his
546 1825 623 1858 erit.
639 1841 652 1853 »
679 1823 816 1870 Duplex
836 1836 896 1856 ne-

223 1881 315 1925 gatio
328 1892 399 1912 non
412 1879 538 1927 injuria
551 1885 709 1924 suspecta
720 1885 770 1910 est
786 1889 793 1909 :
813 1876 897 1922 quia

223 1945 307 1965 vero
323 1945 362 1965 ea
380 1932 541 1965 omnibus
556 1931 810 1976 exemplaribus
829 1929 897 1962 hae-

223 1993 277 2017 ret
290 2010 298 2025 ‚
325 1985 421 2018 haud
454 1985 524 2018 scio
547 1998 591 2018 an
621 1984 750 2017 servari
778 1983 895 2028 possit.

224 2037 310 2069 Sunt
336 2045 429 2070 certe
456 2037 610 2082 exempla
636 2037 729 2082 ejus,
749 2036 809 2069 ubi
837 2049 897 2070 ne-

225 2089 332 2133 gandi
350 2090 419 2123 vim
433 2090 540 2123 habet
553 2115 562 2131 ,
581 2090 722 2123 iteratae.
738 2089 896 2134 Propert.

226 2142 286 2175 lib.
302 2143 336 2175 II
350 2168 359 2183 ‚
376 2143 463 2188 eleg.
478 2143 558 2183 XV,
576 2144 617 2177 32
633 2155 640 2175 :
657 2160 670 2171 α
683 2142 825 2175 Absenti
839 2154 899 2174 ne-

227 2208 284 2228 mo
294 2209 338 2228 ne
351 2196 508 2229 nocuisse
517 2195 628 2229 velit.»
638 2196 778 2229 Petron.
791 2207 822 2228 c,
833 2199 875 2235 42
889 2207 896 2227 :

227 2249 438 2282 «Neminem
468 2248 556 2281 nihil
573 2248 773 2282 bonifacere
800 2260 900 2293 opor-

225 2310 306 2335 tet.»
317 2301 415 2334 Talia
425 2301 523 2346 plura
536 2308 783 2347 congesserunt
792 2301 900 2333 Brou-

225 2356 330 2388 khus.
346 2354 391 2388 ad
409 2355 540 2388 Tibull.
559 2355 620 2388 lib.
635 2356 669 2387 II
682 2380 691 2395 ‚
708 2355 795 2399 eleg.
817 2354 898 2392 XV,

228 2408 247 2441 5
263 2436 272 2451 ‚
303 2409 422 2454 [immo
450 2407 494 2440 ad
518 2408 661 2452 Propert
691 2409 725 2440 ΙΙ
741 2433 749 2447 ,
772 2407 811 2440 15
825 2431 833 2446 ,
855 2407 873 2440 5
890 2430 898 2445 ,

227 2461 310 2495 add.
326 2460 475 2495 eundem
488 2460 533 2494 ad
546 2461 675 2493 Tibull.
687 2461 752 2500 IV,
771 2472 802 2499 1,
822 2470 898 2502 127.

227 2516 284 2560 S.]
313 2514 543 2560 Oudendorp.
566 2512 610 2546 ad
626 2514 752 2546 Caesar.
777 2513 836 2544 lib.
853 2511 900 2550 V,

228 2569 312 2601 Bell.
325 2568 419 2601 Gall.
432 2580 508 2612 cap.
527 2568 586 2605 23,
599 2566 643 2599 ad
655 2566 741 2599 Hirt.
757 2566 800 2599 ‹le
814 2567 898 2599 Bell.

228 2621 303 2653 Asr.
325 2634 402 2667 cap.
420 2621 556 2660 XXVI,
577 2633 655 2666 pag.
676 2620 758 2663 871,
776 2621 810 2652 l).
828 2620 900 2651 Ve-

231 2674 380 2707 chuerus
393 2674 597 2707 hellenolex.
616 2673 674 2705 lib.
692 2674 707 2704 Ι
723 2698 731 2712 ,
748 2680 836 2718 part.
851 2672 899 2710 II,

232 2737 306 2769 cap.
331 2725 372 2759 35
392 2738 399 2765 ;
423 2727 625 2771 interpretes
648 2727 787 2759 (lm-nel.
812 2726 894 2770 Nep.

961 1454 1004 1488 ad
1026 1455 1127 1488 Attic.
1149 1468 1226 1501 cap.
1246 1456 1295 1488 XI
1308 1480 1316 1494 ‚
1338 1455 1378 1489 5:
1399 1454 1523 1500 Agesil.
1539 1455 1630 1493 VII,

962 1509 993 1541 3.
1013 1508 1058 1541 Η.
1073 1528 1120 1533 —
1137 1508 1266 1541 Dubito
1285 1516 1401 1541 tamen
1414 1532 1423 1548 ‚
1443 1519 1486 1540 an
1514 1507 1629 1540 locum

960 1561 1062 1605 plane
1087 1562 1273 1606 gemellum
1304 1560 1439 1606 uspiam
1466 1560 1630 1605 reperias.

961 1612 1075 1647 Facile
1099 1615 1204 1660 igitur
1226 1613 1392 1647 assentior
1410 1613 1565 1646 Gesnero
1588 1611 1631 1644 de

960 1666 1105 1710 vulgatae
1119 1668 1338 1712 corruptione
1353 1677 1362 1707 ;
1377 1665 1424 1698 sic
1439 1673 1555 1698 tamen
1570 1689 1579 1704 ‚
1596 1671 1632 1697 ut

962 1731 1002 1750 ne
1019 1719 1137 1751 malim
1149 1745 1158 1760 ‚
1178 1732 1284 1765 quam
1303 1732 1385 1757 non,
1406 1718 1504 1751 uncis
1523 1717 1632 1751 inclu-

963 1770 1059 1805 dere.
1080 1773 1114 1805 S.

1010 1837 1044 1867 9.
1064 1827 1281 1856 Edoceczncur.
1307 1824 1445 1857 Cortius
1474 1835 1513 1856 ex
1538 1821 1633 1855 libris

965 1877 1034 1909 suis
1053 1879 1238 1909 educentur.
1259 1876 1325 1910 Sed
1344 1884 1436 1909 recte
1459 1875 1633 1919 Gierigius

963 1932 1161 1962 edoceantur
1177 1929 1336 1976 praetulit.
1363 1930 1412 1961 De
1438 1927 1633 1961 eruditione

963 1984 1019 2016 hic
1033 1984 1145 2028 agitur
1156 2009 1165 2024 ,
1180 1997 1250 2017 non
1263 1983 1307 2016 de
1320 1981 1536 2016 educatione.
1552 1980 1635 2013 Cor-

962 2037 1033 2069 nel.
1045 2038 1133 2082 Nep.
1150 2036 1260 2069 Alcib.
1276 2036 1311 2068 II
1324 2061 1332 2075 ‚
1355 2049 1367 2067 1
1387 2047 1394 2067 ε
1408 2036 1573 2066 Educatus
1589 2043 1636 2065 cst

964 2093 996 2122 in
1011 2092 1105 2122 domo
1116 2091 1247 2121 Periclis
1258 2115 1265 2121 .
1273 2115 1294 2121 ..
1306 2089 1447 2120 erudiens
1457 2099 1478 2118 ιι
1490 2089 1632 2117 Socrate.

964 2143 1075 2175 Etiam
1079 2144 1310 2185 frequentare,
1327 2139 1422 2187 quod
1432 2152 1512 2173 mox
1527 2137 1636 2184 sequi-

964 2205 1020 2230 tur
1032 2222 1041 2237 ‚
1056 2197 1118 2230 Gr.
1135 2199 1244 2242 φοιτᾷν
1258 2222 1267 2237 ,
1282 2201 1436 2228 nostram
1452 2192 1633 2226 lectionem

964 2250 1098 2284 videtur
1117 2249 1217 2282 tueri.
1236 2250 1270 2283 S.

1015 2315 1068 2335 10.
1084 2306 1125 2334 Ut
1138 2304 1328 2348 aflnicimis.
1345 2327 1352 2332 .
1369 2327 1375 2333 .
1393 2310 1567 2344 .pecantur.
1581 2297 1635 2332 Sic

966 2364 998 2388 et
1014 2357 1111 2388 Rom.
1131 2355 1176 2387 H.

1016 2421 1069 2441 ΙΙ.
1090 2410 1125 2439 Si
1154 2410 1344 2450 susciperes,
1375 2406 1466 2449 quod
1489 2406 1633 2448 injungo,

965 2464 1064 2495 Rom.
1078 2463 1112 2493 Si
1122 2462 1292 2504 susceperis
1303 2486 1312 2499 ,
1330 2461 1419 2502 quod
1434 2460 1575 2502 injungo.
1592 2456 1635 2488 H.

966 2536 1011 2539 -—
1029 2515 1102 2547 Hoc
1116 2514 1143 2546 si
1154 2512 1288 2558 scripsit
1304 2511 1431 2544 Plinius
1443 2535 1452 2551 ,
1465 2522 1535 2542 non
1554 2508 1637 2542 scri-

965 2567 1031 2612 psit
1045 2569 1140 2599 scires
1151 2567 1268 2610 ,fin-et.
1289 2566 1324 2599 S.

1013 2641 1057 2645 ——
1076 2625 1117 2652 (lc
1134 2633 1176 2651 ex
1189 2621 1282 2662 copia
1295 2620 1518 2650 studiosorum.
1536 2617 1587 2648 Ita
1605 2622 1635 2647 el

967 2674 1066 2705 Rom.
1083 2697 1091 2711 ‚
1109 2685 1179 2704 non
1199 2684 1240 2703 eu>
1264 2673 1358 2713 copia
1380 2672 1578 2707 studiorum,
1599 2675 1635 2700 ut

967 2725 1117 2769 quidam.
1135 2725 1174 2756 H.
