1742 2989
598 183 939 225 EPISTOLA
978 185 1058 225 xl.
1448 201 1530 246 ¹77

770 489 884 544 XI.

158 653 297 687 Gratus
319 650 466 687 animus
487 649 741 695 Artemidori,
763 650 931 686 officium
953 649 1063 686 Plinii
1086 662 1174 699 erga
1194 663 1232 687 sc
1254 651 1514 701 praedicantis,

469 727 544 750 una
565 726 651 750 cum
671 713 752 749 aliis
772 713 978 750 virtutibus
998 713 1188 750 laudatur.

310 857 350 885 C.
390 856 626 885 PLINIUS
662 856 832 884 JULlO
870 857 1154 885 GENITORI
1190 858 1291 886 SUO
1328 859 1361 886 S.

190 982 278 1024 Es'r
295 980 477 1023 omnino
494 979 764 1023 Artemidori
791 981 929 1023 nostri
949 990 1038 1023 tam
1058 981 1250 1041 benigna
1272 992 1429 1027 natura
1450 1020 1460 1039 ,
1490 994 1537 1027 ut

127 1053 272 1097 officia
309 1054 553 1097 amicorum
595 1053 641 1095 in
674 1053 815 1113 majus
847 1053 1053 1097 extollat:
1094 1055 1197 1098 inde
1227 1057 1358 1099 etiam
1391 1074 1538 1101 meum

127 1126 357 1182 meritum,
382 1135 432 1168 ut
465 1141 590 1180 vera,
621 1126 682 1168 ita
716 1142 848 1185 supra
878 1128 1086 1170 meritum
1117 1128 1428 1188 praedicatione
1458 1132 1538 1174 cir-

126 1198 330 1243 cumfert.
379 1197 623 1258 Equidem,
663 1214 801 1257 quum
845 1208 988 1242 essent
1031 1199 1284 1262 philosophi
1325 1201 1383 1246 ab
1430 1204 1538 1247 urbe

126 1272 341 1325 submoti,
365 1271 427 1315 fui
452 1271 570 1332 apud
594 1270 718 1314 illum
745 1271 789 1314 in
811 1271 1066 1315 suburbano
1086 1288 1095 1316 :
1119 1283 1162 1316 et
1188 1290 1275 1334 quo
1300 1275 1539 1320 notabilius

126 1347 210 1390 hoc
244 1343 618 1406 periculosiusque
650 1353 781 1396 esset,
815 1344 877 1387 fui
908 1354 1083 1404 praetor.
1114 1348 1351 1391 Pecuniam
1384 1350 1539 1402 etiam,

126 1415 342 1479 qua‘tunc
367 1415 428 1460 illi
446 1415 659 1476 ampliore
680 1432 792 1476 opus
813 1426 925 1472 erat,
944 1427 990 1460 ut
1010 1434 1065 1461 aes
1084 1417 1277 1462 alienum
1299 1421 1538 1466 exsolveret

126 1499 403 1534 contractum
425 1505 477 1532 ex
504 1487 813 1549 pulcherrimis
837 1490 1020 1543 caussis,
1046 1493 1342 1537 mussantibus
1368 1497 1540 1555 magnis

126 1563 390 1625 quibusdam
412 1573 453 1606 et
475 1562 768 1623 locupletibus
788 1564 958 1619 amicis,
985 1574 1212 1609 mutuatus
1241 1566 1355 1627 ipse,
1381 1570 1541 1628 gratui-

126 1647 217 1681 tam
239 1637 353 1681 dedi.
376 1639 521 1697 Atque
541 1636 633 1679 haec
653 1635 758 1690 feci,
785 1654 946 1696 quum,
970 1647 1137 1698 septem
1161 1639 1311 1683 amicis
1337 1642 1444 1684 meis
1464 1653 1538 1687 aut

127 1711 301 1767 occisis,
321 1720 398 1753 aut
433 1709 636 1770 relegatis
662 1708 861 1770 (occisis,
899 1711 1164 1765 Senecione,
1194 1713 1401 1768 Rustico,
1438 1715 1539 1759 Hel·

126 1784 267 1836 vidio3
297 1783 522 1843 relegatis,
554 1783 776 1837 Maurico,
807 1782 1012 1837 Gratilla,
1045 1785 1196 1840 Arria,
1229 1787 1442 1847 Fannia),
1475 1798 1538 1831 tot

126 1859 243 1902 circa
267 1875 337 1901 me
361 1858 487 1918 jactis
515 1855 773 1899 fulminibus
796 1859 919 1917 quasi
936 1858 1176 1902 'ambustus
1194 1894 1205 1914 ,
1225 1860 1331 1903 mihi
1361 1878 1538 1922 quoquc

129 1931 381 1992 impendere
422 1930 537 1973 idem
565 1930 771 1983 exitium,
801 1932 929 1974 certis
961 1931 1223 1991 quibusdam
1254 1934 1369 1977 notis
1402 1951 1539 1995 augu-

126 2021 260 2048 rarer.
285 2006 389 2049 Non
411 2003 508 2047 ideo
529 2013 675 2047 tamen
697 2003 903 2046 eximiam
929 2003 1113 2065 gloriam
1139 2006 1348 2050 meruisse
1376 2024 1466 2061 me,
1491 2020 1538 2053 ut

125 2077 195 2122 ille
215 2077 447 2139 praedicat,
468 2076 600 2121 credo
622 2094 630 2120 :
657 2076 731 2120 sed
754 2085 926 2121 tantum
949 2077 1152 2139 effugisse
1171 2079 1401 2140 flagitium.
1422 2083 1534 2125 Nam

172 2216 235 2248 XI.
260 2227 289 2247 1.
308 2218 516 2248 Artemidori.
532 2215 601 2247 Vix
621 2215 800 2260 patiuntur
866 2215 909 2248 H.
921 2236 965 2241 —
979 2216 1235 2250 praeferendum
1254 2218 1322 2251 hoc
1336 2243 1344 2259 ‚
1358 2232 1467 2264 quum
1482 2234 1539 2253 sre-

126 2276 322 2314 temporum
348 2268 498 2301 rationes
511 2293 519 2308 ,
541 2275 580 2301 ut
604 2271 801 2315 ὀνειροκριτι-
866 2268 982 2301 vitiam
999 2271 1138 2315 tyranni
1157 2270 1333 2303 efficacius
1352 2280 1459 2305 notet.
1478 2274 1512 2306 S.

126 2327 189 2355 κῶν
225 2320 429 2364 scriptorem
459 2319 514 2354 hic
546 2321 777 2366 intelligamus
791 2345 800 2360 ,
915 2321 946 2354 3.
975 2325 1082 2364 Atque
1102 2324 1170 2354 laec
1179 2324 1259 2366 jeci.
1280 2324 1379 2357 Rom.
1398 2327 1455 2355 Ad
1470 2326 1538 2356 laec

126 2374 187 2418 qui
211 2373 429 2418 aliquantum
449 2373 566 2420 junior
589 2373 655 2406 hoc
677 2375 801 2407 Nostro
858 2375 939 2417 fici.
956 2373 1115 2407 Fortasse
1134 2375 1242 2408 voluit
1258 2387 1265 2408 :
1281 2380 1327 2408 Ac
1338 2379 1417 2408 hee-c.
1434 2376 1479 2409 H.
1493 2397 1537 2401 -—-

126 2426 203 2459 suit.
223 2424 306 2458 Vid.
321 2424 458 2458 Fabric.
475 2425 518 2458 G.
871 2429 971 2467 Quasi
982 2430 1153 2460 ambustus.
1168 2428 1223 2462 Sic
1237 2428 1314 2462 Liv.
1330 2428 1456 2469 XXII,
1470 2430 1511 2462 35
1527 2443 1534 2463 :

174 2491 205 2510 2.
224 2479 411 2520 Philosophi
424 2480 465 2509 ab
482 2479 558 2508 urbe
570 2479 716 2509 submoti.
735 2478 800 2509 Do·
869 2495 882 2508 ιι
894 2480 934 2512 L.
945 2480 1104 2512 AErnilius
1115 2481 1255 2513 Paullus
1269 2480 1539 2514 ‹licium-damna-

125 2529 261 2563 mitiani
287 2529 400 2563 edicto
414 2554 422 2570 ‚
445 2529 488 2562 (le
507 2541 577 2575 quo
603 2530 745 2563 Sueton.
766 2542 797 2563 c.
866 2531 958 2564 tione
982 2532 1121 2578 collegae
1143 2542 1175 2566 et
1197 2546 1258 2566 sua
1285 2546 1393 2579 prope
1419 2535 1538 2567 ambu-

132 2594 185 2614 10.
210 2581 254 2615 G.
283 2603 327 2607 -—
357 2586 400 2615 Ec
423 2596 486 2626 qno
512 2583 702 2620 notabilius,
730 2590 796 2616 etc.
867 2590 936 2616 stus
970 2584 1147 2618 evasisse.»
1176 2585 1266 2620 Add.
1294 2585 1421 2630 Paneg.
1456 2587 1533 2623 XC,

130 2635 225 2666 Rom.
244 2637 288 2666 Et
302 2648 365 2678 quo
385 2637 574 2673 notabilius,
592 2636 652 2667 lzoc
668 2645 728 2672 esc,
742 2648 798 2677 pe·
865 2637 883 2668 5
899 2661 908 2676 ,
922 2653 935 2665 «ι
946 2636 1142 2683 Utrumque
1157 2646 1312 2671 nostrum
1328 2638 1400 2671 illc¹
1415 2665 1421 2670 .
1433 2639 1537 2684 jacto

130 2687 293 2719 riculosias
305 2698 401 2726 essee,
425 2696 462 2723 ut
487 2687 602 2733 scripti
628 2687 794 2732 plerique.
863 2689 1005 2722 fulmine
1025 2690 1214 2724 afflaverat.
1234 2707 1245 2719 ιι
1267 2690 1311 2722 G.

322 2745 361 2785 J.
1295 2763 1342 2789 ιιι

1566 1659 1583 1690 (α.)

1565 2110 1582 2140 {n
1564 2025 1582 2059 ἐὴ
