1757 2880
199 186 256 213 xc
459 172 494 213 J.
529 171 591 213 M.
631 171 938 215 GESNERI
972 172 1316 216 EPISTOLA

199 249 407 297 significare
418 250 582 286 Plinium
594 252 680 296 hoe,
695 252 875 286 intellexit
886 251 1036 296 Avitus,
1050 260 1085 287 et
1099 261 1326 300 assequutus
1338 260 1408 297 est,
1426 262 1594 301 quantus

198 312 258 347 vir
276 319 372 348 esset
391 312 595 348 Servianus
608 340 616 356 ,
636 325 751 361 quam
770 311 910 361 dignus
931 312 1198 349 observatione
1220 322 1335 367 atque
1356 314 1556 363 obsequio.

250 375 319 418 IX,
338 375 395 419 13,
415 378 449 416 4.
472 374 587 418 Quod
604 387 673 422 pro
695 374 912 420 differwisset
925 373 1045 419 malis,
1063 374 1096 410 si
1112 373 1335 410 addicerent
1353 374 1464 420 libri,
1493 388 1594 410 rese-

178 429 324 477 disset,
348 434 387 468 in
406 447 450 469 eo
474 434 543 469 tibi
565 435 768 471 assentior.

247 497 317 539 IX,
335 496 397 539 23,
415 495 448 531 5.
460 497 590 532 Verbo
602 497 789 531 noscitare
802 503 890 545 post
905 497 1080 532 Cortium
1096 496 1233 532 tribuis
1242 495 1318 531 vim
1332 496 1595 532 demonstran-

193 555 250 600 di,
263 566 306 592 ut
325 565 361 593 et
380 562 426 603 τῷ
444 561 746 607 noscerePaneg.
761 559 895 602 XXII,
914 558 952 593 3:
971 571 1061 602 non,
1081 557 1186 605 quod
1200 558 1354 606 proprie
1370 558 1465 592 hanc
1484 565 1594 603 pote—

192 626 328 655 statem
354 619 509 665 habeat3
542 622 606 656 sed
632 621 739 668 quod
766 620 951 663 infantes,
980 619 1112 666 pueri,
1140 619 1264 666 plebs,
1283 631 1403 667 quum
1418 626 1588 662 noscunt,

192 680 315 715 solent
332 681 452 728 digito
468 681 507 716 id
522 682 628 729 quod
645 690 815 726 noscunt,
832 680 946 716 simul
964 681 1238 717 demonstrare.
1254 679 1314 715 Sic
1326 707 1335 724 ,
1353 679 1406 716 ais
1418 707 1427 723 ,
1444 679 1594 724 mulier,

192 753 314 788 quum
330 751 549 789 agnosceret
568 742 887 786 Demosthenem,
903 741 1013 777 alteri
1029 739 1318 777 demonstrabat
1335 748 1404 775 etc.
1422 740 1519 775 Mihi
1535 740 1594 774 vi-

190 801 322 846 detur,
343 803 530 839 Plautinis
550 804 643 839 locis
666 811 701 839 et
720 803 803 839 aliis
824 803 874 838 ita
897 803 1109 838 stabilitam
1130 802 1207 837 vim
1222 831 1233 847 ‚
1254 815 1368 851 quam
1388 801 1450 837 hic
1474 801 1594 837 tribui

189 863 329 908 verbo,
351 872 393 899 ut
414 864 590 900 dubitare
610 864 786 911 equidem
811 877 888 899 non
911 863 1054 911 possim
1074 877 1080 898 :
1103 862 1388 898 demonstrandi
1409 861 1595 911 significa-

190 924 333 959 tionem
354 924 480 960 adhuc
501 925 676 961 desidero
696 925 850 960 aliunde
869 925 1007 961 adseri.
1035 926 1144 960 Certe
1167 924 1208 959 in
1229 923 1463 972 Panegyrico
1478 936 1595 971 quam

187 985 286 1021 illud
307 987 485 1022 convenit
498 989 720 1034 ,ραι-ναίω,
741 987 807 1034 qui
829 986 1002 1022 nondum
1020 985 1227 1029 vidissent,
1249 985 1378 1021 videre
1398 992 1499 1020 certe
1514 996 1594 1019 lne-

188 1047 412 1090 minissent,
446 1048 735 1096 peregrinatum
761 1047 888 1082 adhuc
908 1047 1135 1093 Trajanum,
1156 1059 1308 1080 noscere
1326 1046 1365 1080 h.
1388 1058 1419 1080 e.
1445 1057 1594 1093 cogno--

189 1120 291 1143 scere
311 1107 424 1153 velle,
445 1108 700 1156 interrogare,
721 1108 804 1155 quis
823 1116 877 1142 est
890 1109 909 1141 :⁷
929 1108 1035 1142 hicne
1055 1107 1136 1141 est?
1156 1108 1314 1141 Iuvenes
1332 1113 1460 1141 autem
1481 1104 1593 1141 illum

188 1170 408 1203 ostentare?
430 1169 467 1205 Si
492 1181 642 1203 noscere
662 1175 715 1203 est
735 1176 938 1213 ostentare,
960 1168 1071 1215 pueri
1097 1176 1133 1203 et
1149 1167 1308 1214 juvenes
1329 1166 1391 1202 hic
1411 1167 1513 1203 idem
1533 1166 1592 1202 fa-

187 1229 307 1264 ciunt.
328 1229 448 1276 Epist.
472 1231 523 1265 VI
541 1256 550 1271 ,
573 1243 620 1264 20
634 1257 643 1273 ,
665 1235 684 1272 l.
701 1253 711 1271 ,
727 1229 882 1264 vocibus
897 1242 984 1264 suos
1005 1229 1210 1273 noscz'tcmt,
1230 1242 1307 1264 non
1327 1229 1501 1278 profecto
1519 1227 1588 1264 de—

186 1297 426 1333 monstrant3
449 1303 508 1325 res
527 1290 629 1325 enim
649 1290 775 1337 agitur
790 1290 831 1325 in
853 1289 1043 1333 tenebris,
1065 1290 1130 1325 sed
1151 1297 1217 1325 aut
1236 1297 1470 1338 agnoscunt,
1503 1297 1589 1334 aut,

188 1349 294 1396 quod
311 1350 437 1384 malim
449 1377 458 1393 ,
477 1349 709 1385 attendendo
722 1378 731 1394 ,
750 1350 983 1399 requirendo
996 1378 1006 1394 ‚
1025 1363 1228 1400 agnoscere
1246 1350 1419 1400 cupiunt.
1441 1351 1592 1397 Inspice

185 1410 315 1446 locum
327 1419 534 1459 utrumque
545 1441 554 1454 ,
576 1411 852 1447 candidissima
864 1412 989 1447 anima
1000 1425 1085 1448 mea
1094 1440 1103 1457 ,
1116 1420 1151 1447 et
1163 1412 1249 1447 vide
1260 1424 1308 1447 an
1319 1411 1496 1447 dubitare
1506 1424 1591 1459 pos-

188 1472 252 1507 sis.
270 1474 397 1508 Potest
417 1481 629 1507 monstrare
651 1472 771 1521 digito
784 1501 793 1517 ,
813 1473 880 1521 qui
897 1474 1059 1508 noscitat
1076 1473 1263 1520 aliquem3
1284 1473 1349 1509 sed
1365 1473 1453 1508 ideo
1473 1473 1592 1507 nosci-

188 1541 269 1568 tare
286 1545 363 1569 n01n
385 1533 573 1581 significat
592 1534 746 1581 proprie
765 1535 1038 1569 demonstrare.
1060 1535 1206 1582 Nempe
1222 1546 1346 1581 neque
1370 1541 1411 1569 tu
1428 1534 1501 1569 hoc
1516 1533 1588 1569 vis.

240 1594 300 1636 X,
324 1606 359 1637 2,
385 1593 417 1628 3.
436 1596 523 1629 Non
547 1593 694 1629 attendi
718 1595 764 1629 ad
786 1601 1002 1643 temporum
1023 1595 1355 1636 consecutionem,
1377 1607 1498 1642 quum
1517 1606 1588 1642 pro

187 1655 311 1689 malui
324 1655 540 1703 suspicatus
560 1667 644 1690 sum
658 1683 667 1697 ,
686 1655 889 1703 legendum
906 1658 1053 1691 malunt
1067 1656 1127 1691 vel
1145 1657 1287 1692 malim.
1308 1656 1488 1692 Libenter
1503 1656 1587 1698 tibi,

185 1722 229 1749 ut
247 1715 431 1763 plurima,
451 1714 523 1751 hoc
541 1716 664 1751 debeo
676 1743 685 1760 ,
701 1716 753 1750 mi
767 1717 941 1760 Ernesti,
958 1717 1065 1764 quod
1081 1718 1366 1753 festinationem
1386 1718 1589 1752 emendare

184 1774 273 1810 licet
296 1776 336 1810 in
355 1776 439 1823 ipso
460 1776 585 1812 adhuc
611 1776 753 1812 libello.
775 1778 814 1813 Si
842 1777 1070 1824 conjecturae
1098 1778 1206 1814 locus
1234 1778 1304 1820 sit,
1338 1780 1509 1813 maluere
1528 1779 1588 1814 vel

185 1838 405 1878 maluerunt
422 1837 693 1872 sustinendum
714 1837 844 1872 suerit.

236 1898 294 1940 X,
317 1895 376 1939 18,
398 1909 434 1932 2.
461 1898 729 1932 Testimonium
749 1899 998 1935 retribuerunt.
1023 1899 1165 1936 Melius
1184 1900 1263 1947 J'am
1283 1899 1458 1944 videtur,
1479 1899 1586 1948 quod

183 1971 228 1992 ex
253 1957 423 2005 antiquis
452 1959 687 1995 editionibus
709 1959 770 1994 hic
791 1962 952 2007 protulit
980 1962 1136 1997 Cortius
1151 1962 1434 2009 pertrihuerzmt,
1465 1973 1585 2009 quum

181 2019 294 2053 etiam
307 2020 491 2067 Panegyr.
507 2021 626 2063 XCV,
642 2033 654 2054 1
669 2047 677 2062 ,
689 2022 942 2067 perhibuistis
961 2035 980 2056 e
994 2022 1184 2058 Vossiano
1199 2021 1346 2058 dederit
1361 2023 1415 2057 Cl.
1428 2024 1585 2058 Arntze—

179 2080 266 2114 nius
279 2107 289 2123 ,
308 2091 377 2126 pro
393 2080 558 2115 aliorum
567 2081 826 2127 perlzc'buistis.
846 2083 1020 2129 Utroque
1038 2082 1076 2116 in
1096 2081 1183 2117 loco
1203 2094 1246 2118 ea
1262 2082 1319 2117 vis
1337 2094 1417 2117 esse
1435 2089 1580 2129 potest,

178 2141 227 2176 ad
250 2154 369 2176 unum
388 2154 519 2176 omnes
533 2169 543 2186 ,
563 2155 581 2176 a
602 2141 726 2189 primo
745 2142 793 2177 ad
813 2142 993 2177 ultimum
1007 2169 1016 2185 ,
1037 2142 1299 2178 testimonium
1320 2142 1512 2180 tribuisse.

230 2202 286 2244 X,
313 2201 375 2245 48,
400 2202 432 2236 5.
452 2203 510 2236 Ita
534 2202 818 2238 emendandum
839 2215 989 2246 censes,
1010 2216 1127 2250 quam
1150 2204 1312 2237 baleatoe
1332 2204 1504 2251 quisunt
1523 2205 1582 2239 be-

174 2262 308 2307 neficio
326 2270 386 2296 tuo
403 2275 414 2295 .·
437 2263 628 2310 eleganter
650 2262 846 2310 profecto;
870 2271 905 2298 et
926 2262 1035 2312 quod
1057 2276 1148 2298 meae
1170 2263 1419 2310 conjecturae,
1445 2265 1476 2300 si
1500 2277 1581 2301 non

175 2323 425 2368 praetulerim,
453 2331 554 2358 certe
575 2336 642 2358 nec
663 2324 787 2358 ausim
810 2323 1054 2372 posthabere.

227 2385 285 2427 X,
310 2383 371 2426 50,
393 2390 425 2427 4.
447 2386 504 2419 De
524 2385 735 2432 Bithynicis
756 2385 924 2432 aliquem
942 2397 1066 2432 regem
1087 2384 1299 2434 intelligere
1321 2387 1419 2421 male
1449 2393 1484 2421 te
1510 2386 1579 2422 ais.

175 2445 379 2487 Quaerendi
410 2445 530 2480 otium
557 2445 637 2491 jain
664 2446 785 2486 deest,
812 2454 849 2480 et
878 2446 978 2481 forte
1004 2453 1060 2481 est
1087 2445 1159 2482 hoc
1179 2460 1198 2482 e
1220 2460 1381 2484 numero
1407 2457 1468 2486 τῶν
1489 2453 1578 2492 ἅπαξ

170 2511 357 2553 λεγομένων.

224 2566 304 2598 ,lam
326 2565 373 2599 ad
394 2567 672 2616 Panegyricum
696 2568 912 2613 veniamus,
933 2568 973 2603 in
997 2580 1075 2615 quo
1100 2568 1195 2604 nihil
1219 2577 1293 2605 tuae
1312 2568 1575 2605 adnotationis

171 2624 280 2662 nobis
299 2625 540 2675 impertiisti3
559 2627 625 2663 sed
638 2635 743 2664 tanto
760 2629 872 2676 plura
891 2628 998 2665 dedit
1015 2630 1069 2666 Cl.
1090 2630 1341 2675 Arntzenius,
1362 2628 1446 2677 qui,
1466 2629 1574 2676 quod
