1742 2989
598 195 941 238 EPISTOLA
974 196 1058 237 IV.

1433 193 1516 239 331

134 294 303 331 caussa,
323 278 368 319 in
385 276 671 335 Campaniam
698 277 923 336 prosequi,
942 285 1016 319 aut
1038 273 1277 335 profectam
1297 291 1319 317 e
1340 277 1522 336 vestigio

134 351 349 411 subsequi.
377 337 507 393 Nunc
531 350 646 392 enim
679 351 894 410 praeeipue
924 348 1049 392 simul
1078 365 1167 392 esse
1194 348 1446 408 cupiebam,
1475 359 1524 392 ut

134 424 269 468 oculis
298 424 403 466 meis
428 422 670 476 crederem,
691 423 794 483 quid
821 423 1004 478 viribus,
1030 421 1135 482 quid
1161 421 1418 481 corpusculo
1449 423 1521 465 ad-

132 498 349 556 qLQQffi7
376 495 531 554 ecquid
567 495 756 555 denique
791 511 978 553 secessus
1010 494 1281 554 voluptates,
1316 496 1524 554 regionis-

133 584 217 628 que
236 566 568 619 abundantiam,
587 567 797 610 inoffensa
817 568 1143 610 transmitteres.
1159 566 1374 627 Equidem
1393 569 1521 610 etiam

130 641 285 685 fortem
307 651 348 684 te
368 657 466 693 non‚
477 642 567 684 sine
587 657 690 701 cura
710 640 1011 684 desiderarem.
1033 642 1108 683 Est
1129 640 1245 683 enim
1265 656 1521 700 suspensum

131 724 174 757 et
205 714 381 757 anxium
415 713 467 756 de
500 730 573 768 eo,
601 730 729 774 quem
765 713 1059 757 ardentissime
1093 712 1268 773 diligas,
1302 713 1523 756 interdum

130 785 238 829 nihil
259 787 381 831 scire.
404 788 534 831 Nunc
551 804 652 830 vero
667 803 735 830 me
753 803 883 846 qu
905 787 1127 839 absentiae,
1145 796 1237 838 tum
1256 786 1523 830 infirmitatis
1548 801 1563 821 2

131 873 214 907 tuae
251 865 384 919 ratio,
417 864 581 907 incerta
613 873 655 906 et
684 864 803 924 vagia
834 863 1104 907 solicitudine
1131 873 1333 906 exterret.
1356 865 1523 907 Vereor

129 938 295 989 omnia;
320 937 536 997 imaginor
560 937 728 991 omnia;
750 952 927 996 quaeque
952 946 1108 980 natura
1130 937 1417 979 metuentium
1442 946 1524 991 est,

130 1024 179 1051 ea
204 1010 390 1052 maxime
415 1009 544 1065 mihi,
566 1027 661 1069 quae
685 1010 871 1052 maxime
897 1010 1144 1065 abominor,
1166 1009 1299 1070 fingo.
1321 1010 1424 1065 Quo
1444 1009 1521 1051 im·
1547 1014 1565 1046 3

129 1083 305 1142 pensius
332 1099 461 1144 rogo,
485 1092 532 1126 ut
563 1084 711 1126 timori
738 1100 833 1126 meo
861 1083 1050 1143 quotidie
1074 1081 1279 1144 singulis,
1296 1081 1363 1125 vel
1390 1082 1521 1124 etiam

128 1155 242 1199 binis
268 1156 462 1216 epistolis
493 1156 703 1200 consulas.
734 1159 820 1201 Ero
848 1157 958 1200 enim
990 1157 1203 1212 securior,
1224 1155 1329 1198 dum
1359 1154 1523 1215 legam;

129 1229 360 1289 statimque
389 1229 574 1286 timebo,
598 1246 733 1290 quum
760 1229 919 1290 legero.
939 1228 1061 1272 Vale.

176 1373 206 1394 1.
221 1365 325 1394 Nunc.
346 1362 438 1395 Bene
456 1362 573 1396 habet.
593 1363 725 1408 Scripta
745 1371 794 1397 est

126 1414 266 1459 epistola
293 1414 408 1447 statim
439 1424 516 1460 post
539 1415 731 1460 Calpurniae
760 1416 794 1448 in

126 1466 349 1511 Campaniam
365 1467 625 1512 profectionem.
641 1469 675 1502 S.
686 1472 794 1499 ——Se-

125 1531 227 1551 cessus
260 1522 451 1562 voluptates.
483 1521 609 1554 Sustuli
646 1521 793 1554 incisum

125 1578 201 1615 post
230 1584 364 1603 secessus
384 1586 395 1604 .·
424 1585 536 1618 neque
562 1573 654 1606 euim
680 1574 792 1619 plures

122 1636 276 1662 secessus,
299 1623 357 1657 sed
379 1625 479 1657 unius
494 1639 627 1659 secessus
647 1629 793 1669 volupta-

126 1685 170 1707 tes
183 1678 446 1710 commemorari
463 1686 557 1722 puto.
576 1679 620 1712 G.
636 1699 680 1704 —
692 1681 788 1712 Rom.

127 1728 187 1760 eEt
198 1728 282 1773 quid
296 1728 445 1774 denique
458 1743 610 1765 secessus
621 1757 629 1770 ‚
642 1732 794 1779 volupta-

123 1787 205 1812 τες.»
233 1780 331 1813 Tolle
361 1782 507 1815 incisum
535 1791 611 1829 post
632 1797 786 1823 secessus,

123 1833 183 1877 qui
201 1833 370 1867 secundus
389 1847 487 1868 casus
506 1844 565 1869 est.
582 1837 625 1870 H.
644 1858 685 1862 —-
700 1842 788 1883 Παιρ-

126 1886 241 1925 αίνεσις
271 1886 340 1919 haee:
357 1912 365 1927 ‚
390 1901 500 1935 neque
525 1889 583 1923 illa
609 1890 723 1936 inepta
746 1889 790 1923 ad

125 1948 267 1971 uxorem
281 1940 454 1984 juvenem.
474 1941 509 1974 S.

908 1377 938 1396 2.
960 1364 1166 1395 solicitudine
1199 1371 1346 1393 exterret.
1377 1360 1523 1405 Elegans

858 1415 1522 1460 Marklandiconjectura‹stercen-quam

858 1477 969 1502 tamen
1004 1481 1090 1508 rece}
1108 1476 1147 1500 1ae
1177 1466 1314 1499 lectioni
1344 1466 1520 1510 praeferre,

860 1534 939 1556 cum
949 1522 1067 1556 Curtio
1084 1520 1296 1553 dubitamus.
1313 1518 1357 1551 G.

904 1577 1125 1618 -Imaginor
1151 1575 1270 1606 omnia.
1291 1572 1371 1604 Haec
1395 1571 1522 1603 omissa

858 1628 989 1674 reperio
1006 1628 1041 1659 in
1059 1628 1158 1659 Rom.
1171 1624 1303 1658 Deinde
1316 1625 1522 1656 Solicimdine

859 1691 1026 1712 exterreor.
1045 1680 1089 1712 H.
1105 1700 1149 1704 ——
1163 1682 1214 1710 Ea
1227 1679 1377 1709 maxime.
1397 1675 1523 1708 Gesne-

857 1733 952 1766 riana
970 1743 999 1764 et
1017 1735 1157 1765 maxime
1168 1757 1178 1770 ,
1193 1741 1375 1775 operarum
1391 1755 1399 1770 ‚
1414 1735 1498 1773 puto
1512 1753 1520 1767 ,

858 1786 1072 1830 negligentia.
1090 1786 1211 1830 Itaque
1225 1782 1368 1817 correxi.
1385 1782 1419 1814 S.

903 1839 934 1870 3.
946 1840 1092 1879 Quotidie
1101 1839 1247 1881 singulis,
1261 1836 1421 1867 meletiam
1431 1835 1520 1864 binis.

855 1891 950 1922 Rom.
962 1893 1097 1934 Singulis
1107 1891 1249 1933 quotidie
1258 1890 1314 1920 ‘vel
1321 1889 1417 1919 etiam
1431 1886 1519 1917 binis.

855 1944 967 1975 Recte.
993 1942 1035 1975 H.
