1757 2880
389 106 835 149 TESTIMONIA
869 105 957 148 DE
990 105 1251 149 PLINIO.
1411 123 1522 153 Lxm

181 207 192 232 t
209 186 500 224 Recentioribus
518 187 758 234 temporibus
782 187 998 231 Secundus,
1017 199 1090 234 qua
1111 186 1205 222 civis
1219 215 1228 231 ‚
1244 199 1321 236 qua
1337 189 1519 237 scriptor,

122 250 270 297 judicia
284 256 462 296 expertus
473 257 528 284 est
541 248 631 284 satis
645 261 773 284 severa
784 277 793 291 ‚
809 257 843 284 et
858 262 941 297 quae
957 248 1037 296 ejus
1056 249 1206 292 φιλαυτία
1221 262 1301 284 non
1316 260 1521 298 sperasset.

125 310 288 347 Alfierus
307 309 463 359 quidem
478 337 487 353 ,
505 310 597 345 clari
613 309 715 356 apud
733 311 849 346 Italos
873 309 1040 346 nominis
1066 311 1248 357 scriptor,
1269 311 1364 359 quid
1386 311 1433 347 de
1452 314 1525 347 Pa-

125 372 306 420 negyrico
329 370 507 414 senserit,
525 371 563 405 in
585 371 721 419 vulgus
740 379 876 407 notum
897 379 966 407 est.
989 373 1210 407 Burmanno
1230 372 1280 408 ad
1301 371 1418 409 Ovid.
1440 374 1525 408 Me—

127 441 264 468 tamor.
286 433 374 476 XV⁷
397 432 489 477 848,
511 431 656 467 Plinius
682 431 822 467 dicitur
847 432 977 468 aulicae
999 431 1268 468 assentationis
1293 432 1471 480 princeps
1492 440 1527 468 et

124 493 349 542 pudendum
365 492 529 540 posteris
548 492 764 540 exemplar:
783 493 952 541 Gierigio
971 493 1018 527 ad
1034 491 1143 540 epist.
1164 494 1323 536 tom.II⁷
1336 505 1419 541 pag,
1441 504 1525 534 122,

126 555 163 590 b.
176 568 405 603 magnorum
417 554 548 590 simius
564 554 737 589 virorum
750 582 759 598 ‚
778 562 810 589 et
824 554 861 588 in
879 566 1027 603 argum.
1044 552 1092 588 ad
1109 553 1220 602 epist.
1235 554 1409 589 XXXIII
1421 581 1431 597 ,
1450 554 1474 588 l.
1493 566 1526 599 7,

126 616 258 652 simius
276 616 485 652 Ciceronis.
504 617 589 663 Ipse
605 618 817 659 Gesnerus,
840 615 1006 650 sincerus
1023 614 1084 649 ille
1101 614 1292 649 virtutum
1309 613 1390 660 ejus
1407 613 1526 649 admi-

126 684 234 712 rator
251 684 287 711 et
305 689 430 724 praeco
445 705 455 722 ,
472 676 510 711 in
533 675 692 724 epistola
710 676 756 711 ad
775 678 807 711 J.
826 678 870 711 A.
893 675 1267 711 Ernestiumssbonam
1288 682 1437 722 partem
1454 673 1529 710 Pli-

126 738 182 772 nii
199 737 462 773 scholasticam
479 750 559 773 esse
578 737 732 773 fatetur.
753 738 807 772 De
825 749 911 772 meo
932 748 1046 772 sensu
1066 736 1097 771 si
1114 735 1209 783 quid
1229 735 1394 782 adjicere
1418 734 1505 770 licet
1518 763 1528 779 ,

126 811 206 833 non
221 811 317 848 nego
332 827 341 842 ‚
359 811 436 843 me,
459 811 479 834 a
496 798 763 834 Tullianarum
781 798 1031 845 epistolarum
1047 796 1209 832 lectione
1230 803 1418 832 recentem
1429 825 1440 842 ‚
1454 796 1530 831 Pli—

127 859 258 895 nianas
273 860 448 896 fastidire
468 874 477 905 3
498 860 721 909 Panegyrici
739 867 863 895 autem
884 858 979 894 nihil
998 859 1281 907 propemodum
1299 859 1424 907 legere
1444 869 1531 905 pos-

128 934 188 965 se,
207 921 298 968 quin
317 921 561 957 miseratione
575 933 819 958 commovear
839 920 1006 956 hominis
1019 948 1028 964 ‚
1054 919 1166 966 cujus
1187 919 1345 968 spiritus
1358 947 1368 963 ‚
1386 919 1532 967 siquos

127 995 301 1030 unquam
324 983 458 1018 habuit
475 1011 483 1026 ‚
502 990 717 1030 temporum
740 981 937 1017 infelicitas
955 982 1051 1017 adeo
1072 981 1256 1028 fregerat,
1278 987 1342 1024 ut,
1360 979 1476 1014 rebus
1492 979 1532 1013 in

128 1043 323 1078 meliorem
351 1051 489 1079 statum
510 1044 705 1079 conversis
718 1071 727 1087 ‚
751 1044 797 1078 de
819 1043 990 1092 principe
1010 1043 1114 1078 bono
1138 1042 1201 1076 vix
1218 1040 1329 1076 aliter
1342 1069 1351 1084 ‚
1370 1053 1411 1076 ac
1426 1039 1531 1075 vilis—

130 1103 267 1139 simum
283 1105 518 1152 mancipium
537 1105 716 1153 idemque
737 1105 1016 1139 astutissimum
1041 1102 1088 1138 de
1112 1101 1270 1138 domino
1288 1099 1507 1137 truculento
1521 1127 1529 1142 ‚

130 1166 238 1213 loqui
255 1173 291 1201 et
309 1166 471 1201 scribere
491 1166 664 1202 auderet.
688 1167 785 1203 Sane
801 1166 950 1201 facilius
969 1173 1043 1201 erat
1067 1163 1247 1200 flosculos
1267 1175 1420 1210 carpere
1441 1174 1530 1197 ora—

133 1226 266 1270 tionis,
285 1239 402 1274 quam
429 1227 782 1275 magnanimitatem
814 1227 956 1262 referre
977 1236 1251 1274 generosorum
1278 1222 1437 1259 Romuli
1463 1235 1531 1257 ne·-

130 1296 278 1334 potum.
299 1289 351 1331 S.]

757 1395 920 1402 Α

184 1510 230 1544 Ν.
263 1511 309 1544 Β.
343 1510 431 1544 Duo
463 1507 536 1544 alia
569 1514 788 1555 sequuntur
822 1506 1041 1542 testimonia
1070 1503 1210 1554 gallico
1251 1516 1428 1540 sermone
1463 1504 1532 1540 de—

133 1570 294 1618 scripta,
321 1583 488 1618 quorum
520 1569 627 1616 prius
659 1569 814 1604 exhibet
839 1570 898 1604 vir
926 1567 1048 1604 illust.
1079 1570 1138 1602 La
1164 1569 1294 1614 Harpe
1318 1566 1461 1615 (Cours
1490 1567 1536 1602 de

133 1634 339 1666 [z'cte'rature
357 1659 368 1675 ,
393 1639 483 1667 tom.
507 1633 564 1666 ΙΙΙ
581 1660 590 1675 ‚
611 1644 696 1680 pag.
722 1630 796 1667 228
827 1638 862 1666 et
883 1630 1005 1679 seqq)
1027 1629 1204 1664 Alterum
1228 1629 1286 1664 vir
1306 1629 1462 1665 doctiss.
1494 1630 1533 1663 F.

133 1694 275 1730 Sclzoell
302 1694 499 1742 (Histoire
538 1694 696 1739 abt-egee
723 1694 770 1727 de
806 1694 844 1727 la
873 1693 1079 1726 litterature
1115 1692 1310 1731 romaine,
1341 1697 1431 1724 tom.
1471 1690 1529 1725 ΙΙ,

133 1767 221 1802 pag.
256 1753 330 1795 [208
361 1761 397 1788 et
423 1754 546 1801 seqq„N

608 1873 703 1921 LA
762 1871 1051 1920 HARPE.

200 2007 297 2049 «Le
324 2002 621 2064 panegyrique
650 2002 703 2046 de
731 2001 855 2046 Pline
879 2000 918 2045 le
937 2002 1071 2062 jeune
1099 2011 1163 2046 est
1193 2001 1230 2045 le
1257 2003 1348 2046 seul
1376 2020 1535 2048 11101111»

137 2087 258 2121 ment
290 2077 363 2137 qui
390 2093 502 2120 nous
531 2085 643 2119 reste
669 2074 722 2118 de
748 2074 1013 2135 l’eloquence
1039 2074 1098 2118 du
1130 2075 1290 2119 second
1316 2077 1466 2131 siecle,
1498 2088 1540 2122 et

138 2150 176 2194 le
207 2150 297 2193 seul
327 2151 400 2211 qui
431 2150 574 2210 puisse
604 2149 740 2192 servir
771 2147 930 2207 d'objet
957 2147 1009 2191 de
1039 2149 1341 2209 comparaison
1373 2166 1476 2194 avec
1502 2150 1539 2194 le

139 2222 264 2267 siecle
293 2221 538 2283 precedent.
563 2220 771 2266 L’auteur
796 2238 839 2265 se
867 2220 1006 2281 plaint
1031 2231 1213 2265 souvent
1235 2222 1344 2265 dans
1368 2239 1433 2266 ses
1458 2240 1539 2267 011ν

139 2313 313 2357 vrages,
335 2295 388 2338 de
413 2295 453 2339 la
479 2294 721 2339 decadence
749 2295 822 2338 des
849 2294 993 2338 lettres
1019 2305 1062 2338 et
1086 2295 1145 2339 du
1172 2295 1299 2356 gofit7
1320 2296 1429 2339 ainsi
1457 2313 1540 2357 que

140 2371 289 2414 Tacite
308 2386 385 2412 son
406 2369 490 2411 ami
505 2404 516 2424 7
537 2370 610 2428 qui
631 2370 771 2412 menie
792 2367 943 2412 ecrivit
964 2385 1037 2412 sur
1057 2385 1105 2412 ce
1126 2369 1238 2429 sujet
1262 2386 1320 2411 un
1347 2385 1537 2430 ouvrage

142 2459 195 2486 en
224 2442 444 2502 dialogue,
476 2440 584 2484 dont
621 2458 731 2484 nous
772 2457 906 2485 avons
944 2441 1085 2502 perdu
1122 2458 1207 2485 une
1238 2442 1389 2501 partie.
1429 2443 1541 2486 Mais

142 2516 290 2560 Tacite
310 2533 334 2559 a
355 2514 593 2574 l⁷avantage
613 2514 665 2557 de
687 2515 821 2558 n'etre
850 2513 1058 2559 inferieur
1083 2516 1105 2558 a
1134 2532 1349 2575 personne
1375 2516 1481 2560 dans
1505 2516 1540 2559 le

146 2606 275 2648 genre
305 2589 362 2632 011
398 2588 426 2633 il
458 2605 482 2631 a
513 2587 707 2632 travaille
732 2605 738 2629 τ
768 2588 909 2644 Ptine,
936 2589 957 2631 a
991 2590 1066 2647 qui
1101 2587 1185 2631 l'on
1212 2589 1462 2648 reprochait
1490 2589 1541 2631 dc
