1742 2989
177 222 235 282 74
595 224 643 266 c,
680 222 911 266 PLINII
945 224 1070 267 LIB.
1105 223 1168 264 11.

134 321 150 341 2
175 304 349 348 terdum
373 313 418 348 et
442 313 609 348 erectae.
638 304 783 349 Poscit
804 305 1122 349 controversias
1142 303 1313 366 plures,
1329 303 1585 349 electionem

173 467 298 501 genere
322 462 435 488 exstat
453 454 611 500 προλαλιὰ
632 465 702 486 una
726 452 849 486 altera-

171 521 240 554 que
251 508 410 542 Luciani.
420 507 473 542 Sic
485 506 581 553 ponit
594 507 696 540 etiam
707 506 774 547 IV,
791 519 805 539 1
815 519 829 540 1
838 531 847 546 ,

176 567 230 603 14.
245 562 290 595 G.
306 582 352 587 —
367 564 487 593 Graves
501 571 534 593 et
543 570 667 593 erectoe.
684 558 738 592 Ad
748 572 849 605 argu-

172 623 331 649 mentum
347 614 517 660 pertinent
534 614 598 647 ista
617 612 758 660 majoris
777 626 849 646 mo-

173 668 280 700 menti
296 693 305 708 ,
332 667 376 701 de
406 680 480 713 rep.
512 667 700 713 praesertim
717 692 726 707 ‚
755 666 848 711 inge-

171 732 351 767 nuamque
366 733 437 767 qua
451 729 619 754 tractatur
637 721 844 759 libertatem.

171 772 226 806 Sic
243 782 362 807 noster
377 774 419 808 (le
439 775 614 808 avunculo
631 788 693 808 suo
710 777 763 810 III
778 802 787 817 ‚
805 779 823 812 5
837 804 845 819 ‚

173 826 205 860 5.
227 844 244 855 «ι
258 828 377 869 Quum
396 840 500 861 omne
524 828 720 862 studiorum
738 842 847 875 genus

170 881 277 925 paulo
299 881 439 914 liberius
459 889 492 914 et
511 882 659 914 erectius
678 883 848 927 periculo-

171 945 249 965 sum
264 934 408 967 servitus
423 934 568 967 fecisset.
584 950 597 963 s
614 934 658 967 G.
675 956 721 960 -
734 936 847 970 Immo

170 998 252 1018 vero
265 986 368 1020 series
383 987 549 1020 orationis
565 988 742 1033 postulare
755 990 847 1024 vide-

171 1046 228 1071 tur
241 1065 250 1080 ‚
270 1047 306 1071 ut
320 1054 435 1084 graves
455 1049 487 1073 et
504 1051 629 1072 erectas
648 1041 693 1074 ad
709 1041 847 1077 dicendi

169 1092 282 1137 potius
298 1105 406 1138 genus
421 1093 643 1139 splendidum
661 1102 694 1127 et
712 1096 846 1141 magni-

170 1145 277 1178 ficum
296 1146 490 1179 referamus
505 1172 514 1187 ‚
535 1154 568 1179 et
584 1150 762 1190 gracilibus
782 1162 845 1195 op-

168 1199 296 1243 positas
311 1207 474 1245 putemus
485 1225 494 1241 ‚
507 1200 696 1246 praesertim
714 1214 824 1247 quum
835 1227 844 1243 ‚

169 1252 258 1285 bene
280 1261 444 1286 monente
466 1253 616 1299 Gierigio
631 1279 640 1295 ‚
659 1255 720 1288 illa
739 1268 846 1301 argu-

170 1313 285 1339 menta
310 1306 557 1351 praefationum
582 1308 688 1341 fuisse
715 1309 770 1341 vix
796 1309 847 1342 vi-

169 1357 331 1392 deantur.
360 1360 494 1404 Nempe
521 1360 557 1393 111
587 1361 847 1406 praefationibus

169 1424 250 1445 suas
280 1425 335 1445 res
368 1413 517 1459 agebant
532 1438 541 1454 ‚
567 1415 621 1447 vel
651 1416 847 1460 captatione

168 1465 417 1498 benevolentiae
466 1465 667 1500 auditorum
710 1469 846 1502 animos

169 1520 426 1564 praeparabant.
436 1519 526 1553 Vide
544 1521 689 1553 Cresoll.
701 1521 845 1556 Theatr.

170 1571 270 1604 Rhet.
291 1572 369 1605 Lil).
386 1573 453 1613 IV,
475 1574 494 1605 8
510 1597 519 1613 ,
536 1586 572 1618 p.
594 1578 674 1614 414.
694 1574 736 1607 Ε.

219 1638 250 1657 2.
271 1628 395 1657 Poscit.
412 1650 418 1656 .
435 1650 442 1657 .
459 1628 600 1669 Ancipit.
621 1628 718 1659 Rom.
740 1631 850 1660 Poscit

170 1681 404 1710 controversias
412 1681 539 1722 plures,
556 1682 741 1712 eleccionem
756 1684 849 1713 audi-

171 1733 293 1763 toribus
301 1734 464 1774 permittic
475 1757 484 1769 ‚
500 1733 584 1775 scepe
594 1735 693 1765 etiam
706 1736 849 1777 impara-

169 1793 219 1815 tus
235 1787 363 1828 esurgit.
385 1785 492 1830 [Lego
506 1789 686 1829 consurgit,
703 1786 798 1832 quod
812 1787 848 1820 in

169 1837 236 1870 hoc
253 1838 444 1884 exemplari
463 1850 552 1884 saepe
567 1839 589 1870 ἶ
611 1839 779 1885 scriptum
798 1848 849 1873 est

170 1902 233 1935 pro
258 1905 339 1930 con,
366 1899 399 1923 et
423 1905 614 1936 connubere
639 1893 753 1926 Plinio
778 1895 849 1939 pla-

168 1944 264 1984 cuit,
284 1944 344 1977 lib.
367 1945 434 1985 IV,
456 1958 510 1990 ep.
533 1958 553 1988 9
569 1971 579 1986 ‚
602 1948 666 1987 183
687 1947 750 1980 lib.
771 1948 823 1980 IX
837 1973 846 1989 ,

169 2009 224 2042 ep.
245 1998 284 2031 13
299 1998 395 2043 ,218.]
410 2001 587 2037 Amicitur,
604 2001 848 2046 iucipinVulgo

169 2049 283 2083 editur
295 2064 379 2093 nepe
393 2054 491 2083 etiam
502 2062 616 2095 partes
634 2067 644 2085 :
660 2056 773 2097 surgit.
792 2056 848 2087 In-

169 2102 329 2147 telligunt
343 2112 457 2148 partes
467 2105 655 2139 accusandi
665 2107 719 2139 vel
730 2106 848 2140 defen-

170 2155 277 2188 dendi
295 2167 303 2188 :
320 2169 378 2189 eas
397 2169 483 2190 vero
500 2158 560 2203 qui
570 2161 751 2200 permittit,
774 2173 847 2193 non

170 2208 347 2253 eligendas
359 2234 367 2249 ‚
393 2209 452 2242 sed
479 2210 631 2255 agendas
660 2213 820 2246 concedit
837 2226 846 2254 ;

169 2260 266 2306 quod
284 2262 414 2295 Plinius
428 2263 487 2295 hic
499 2263 614 2296 dicere
627 2266 848 2300 noluit.Vide

169 2327 253 2359 ergo
266 2340 274 2356 ,
295 2328 339 2348 an
355 2317 511 2349 Romana
527 2317 629 2350 lectio
643 2342 651 2357 ,
668 2331 773 2363 quam
790 2332 848 2352 ne-

170 2380 228 2400 mo
243 2377 344 2402 antea
357 2370 394 2402 in
407 2369 563 2402 medium
578 2371 695 2403 attulit
705 2396 713 2411 ‚
726 2372 848 2405 melior

170 2421 236 2461 sit,
262 2422 289 2455 si
310 2422 357 2455 ita
382 2422 609 2469 interpungas
629 2435 637 2455 ;
661 2427 847 2457 eleccionem

171 2477 373 2507 auditoribus
384 2479 542 2519 permittit
554 2490 638 2519 sirpe
645 2492 658 2515 ,·
671 2480 782 2521 etjam
799 2478 847 2523 [id

171 2535 222 2559 est
235 2553 244 2567 ‚
258 2530 381 2574 statim]
400 2532 579 2574 imparatus
592 2533 765 2574 cousm'gz't.
781 2531 848 2564 Sed

172 2583 269 2613 etiam
298 2583 412 2627 potius
435 2596 473 2615 cx
500 2583 632 2629 syllaba
653 2585 695 2614 im
715 2584 847 2616 sactum

173 2641 206 2665 et
238 2647 536 2680 supervacaneum
573 2649 645 2669 esse
681 2637 847 2681 suspicor.

174 2688 267 2721 Nihil
286 2697 401 2723 tamen
422 2690 569 2736 vulgatae
588 2690 727 2723 lectioni
752 2690 849 2723 (lero-

175 2754 231 2783 ρο.
252 2743 296 2775 Η.
318 2765 362 2769 »-
383 2743 434 2775 Ad
454 2746 646 2777 Romanam
666 2743 848 2777 lectionem

914 453 1047 487 accedit
1057 465 1199 497 paratus
1218 454 1386 489 librorum
1405 456 1589 490 nonnullo-

914 520 993 540 rum
1008 520 1072 553 pro
1084 518 1208 551 parces.
1224 509 1259 542 S.
1278 529 1324 534 —
1338 512 1447 542 Poscit
1461 520 1590 542 contro-

915 563 1041 594 versias.
1051 561 1085 595 Si
1090 563 1189 605 ponit
1197 561 1304 607 legas,
1313 561 1408 608 quod
1416 562 1504 603 vult,
1512 571 1590 607 post

914 613 999 647 alios
1009 640 1018 655 ‚
1043 614 1195 648 Gisbert.
1220 616 1378 661 Cuperus
1401 615 1486 648 Obs.
1512 616 1566 648 III
1577 640 1587 656 ,

916 680 972 707 20,
982 667 1062 701 iniri
1073 667 1179 713 possit
1191 668 1279 702 ratio
1290 668 1499 702 conciliandi
1508 681 1588 702 cum

912 719 1120 754 Philostrato
1136 721 1299 755 Plinium.
1317 722 1388 763 Qui
1406 722 1499 755 enim
1516 729 1589 756 toto

913 773 1189 808 antemeridiano
1222 782 1476 808 commentatus
1508 783 1558 808 est
1578 801 1587 817 ‚

911 827 971 860 ille
989 828 1166 873 optionem
1185 827 1269 861 dare
1289 826 1508 861 auditoribus
1528 841 1589 874 po-

912 887 976 914 test
995 894 1035 914 ex
1049 881 1210 926 pluribus
1223 906 1232 922 ⁷
1247 893 1334 926 quas
1351 881 1468 926 posuit
1480 906 1488 921 ‚
1510 894 1590 914 con-

912 934 1085 967 troversiis
1093 959 1102 975 ‚
1113 934 1240 980 quibus
1250 934 1414 966 nimirum
1426 934 1590 968 omnibus

912 999 948 1019 se
964 988 1141 1033 paraverit
1154 1013 1162 1028 ‚
1182 999 1287 1020 unam
1303 987 1466 1032 eligendi.
1482 988 1589 1019 Porro

912 1053 988 1086 quae
1008 1041 1074 1074 sint
1089 1042 1315 1073 controversiae
1329 1066 1338 1079 ‚
1360 1038 1516 1073 omnium
1532 1052 1591 1085 op-

911 1094 994 1127 time
1018 1102 1112 1140 patet
1131 1107 1171 1128 ex
1197 1095 1333 1128 Senecae
1347 1118 1356 1133 ‚
1375 1105 1461 1139 quas
1487 1093 1591 1126 habe-

912 1160 990 1180 mus
1006 1173 1015 1188 ,
1045 1147 1286 1181 controversiis
1302 1171 1312 1186 ‚
1338 1146 1374 1178 11.
1402 1159 1433 1179 e.
1461 1146 1591 1180 caussis

912 1200 1001 1233 fictis
1019 1226 1028 1241 ‚
1061 1214 1149 1247 quas
1182 1199 1308 1233 deinde
1339 1200 1376 1232 in
1404 1207 1591 1245 utramque

911 1262 1049 1300 partem
1073 1267 1177 1300 agere
1201 1261 1420 1299 tractareque
1434 1277 1443 1292 ,
1467 1260 1500 1286 et
1524 1252 1590 1286 illis

912 1309 1011 1353 quasi
1028 1307 1287 1342 velitationibus
1313 1306 1443 1339 forensi
1461 1305 1591 1339 militiae

911 1361 1097 1407 praeparari
1121 1362 1267 1406 juvenes
1289 1359 1460 1393 solebant.
1481 1358 1526 1391 G.
1545 1379 1590 1383 »-

912 1414 1021 1455 Mihi,
1033 1427 1072 1447 ex
1086 1414 1190 1446 Plinii
1202 1412 1405 1446 narratione
1418 1424 1493 1445 rem
1506 1424 1593 1457 pon-

912 1466 1070 1508 deranti,
1091 1475 1207 1500 tamen
1227 1465 1364 1499 videtur
1382 1463 1470 1497 illud
1484 1466 1594 1506 poscit

913 1520 1122 1554 servandum
1151 1527 1184 1553 et
1212 1517 1476 1552 defendendum
1503 1529 1589 1550 esse.

913 1574 1004 1606 Dicit
1013 1575 1138 1606 Isaeum
1149 1586 1272 1615 semper
1281 1586 1322 1603 ex
1338 1582 1481 1614 tempore
1491 1572 1593 1602 dixis-

913 1641 963 1667 se,
982 1630 1042 1660 sed
1060 1638 1218 1670 tanquam
1235 1628 1291 1658 diu
1306 1625 1471 1667 scripserit
1480 1638 1493 1661 ,·
1509 1635 1591 1655 nain

914 1688 1015 1713 antea
1030 1680 1059 1713 ei
1081 1692 1254 1712 summam
1261 1680 1462 1721 facultatem
1478 1675 1594 1709 dicen-

914 1732 949 1766 di
964 1741 997 1767 et
1009 1735 1137 1776 copiam
1150 1732 1332 1765 tribuerat.
1347 1731 1366 1763 J
1369 1743 1425 1763 am
1438 1730 1544 1762 Isaeus
1557 1741 1594 1762 se

914 1786 1020 1819 talem
1047 1786 1208 1831 gerebat,
1229 1783 1344 1830 qualis
1369 1781 1483 1817 videri
1501 1782 1594 1816 vole-

914 1840 985 1873 bat.
1016 1840 1109 1885 Ergo
1128 1840 1239 1882 poscit
1265 1839 1518 1875 controversias,
1548 1848 1593 1869 ne

914 1893 988 1938 ipse
999 1899 1209 1938 praeparatus
1223 1890 1402 1924 advenisse
1416 1889 1592 1929 videatur,

915 1949 1065 1990 etplures
1079 1970 1088 1986 ‚
1105 1958 1150 1978 ne
1166 1957 1246 1978 cum
1259 1943 1321 1976 illo
1334 1942 1491 1976 auditore
1505 1968 1514 1982 ‚
1529 1942 1592 1988 qui

914 2000 1139 2045 quaestionem
1154 1996 1389 2043 proposuisset
1403 2020 1412 2036 ‚
1431 1995 1495 2029 sibi
1509 2007 1592 2028 con-

913 2052 1047 2085 venisse
1069 2051 1243 2086 videatur.
1272 2048 1405 2083 Deinde
1428 2058 1466 2082 ut
1494 2050 1592 2082 nulla

913 2105 1047 2138 fraudis
1057 2104 1206 2150 suspicio
1216 2102 1592 2148 relinqueretur,etiam

914 2158 1131 2191 auditoribus
1145 2158 1220 2190 aliis
1234 2169 1355 2189 rursus
1368 2157 1456 2189 inter
1468 2169 1592 2201 propo-

914 2212 995 2245 sitas
1017 2211 1271 2245 controversias
1291 2210 1494 2243 electionem
1514 2221 1592 2253 per-

914 2264 1072 2297 mittebat
1088 2276 1096 2296 .·
1112 2277 1193 2297 nam
1206 2264 1233 2296 si
1248 2263 1320 2309 ipse
1328 2265 1491 2306 posuisset
1499 2262 1590 2302 illaS‚

913 2318 1073 2362 quamvis
1087 2330 1127 2350 ex
1142 2318 1196 2350 his
1210 2329 1317 2350 unani
1335 2316 1518 2361 elegissent
1533 2327 1592 2348 au-

914 2370 1043 2403 ditores
1056 2396 1064 2411 ,
1079 2379 1196 2403 tamen
1213 2383 1347 2415 semper
1362 2369 1437 2402 talis
1452 2369 1591 2409 fuisset,

914 2424 969 2459 cui
993 2438 1028 2457 se
1056 2436 1251 2469 praeparare
1279 2423 1461 2469 potuisset.
1484 2421 1592 2454 Plane

914 2477 1079 2512 describit
1090 2478 1220 2510 Plinius
1232 2478 1355 2509 Isaeum
1370 2474 1476 2508 talem
1486 2498 1494 2513 ‚
1508 2486 1592 2518 qua-

914 2531 962 2563 les
975 2530 1186 2563 hodiernum
1197 2537 1278 2563 sunt
1289 2554 1298 2569 ,
1310 2528 1369 2574 qui
1378 2526 1469 2573 apud
1484 2527 1590 2559 Italos

916 2586 1161 2627 Improvisatori
1172 2582 1350 2620 (licuntur,
1370 2581 1436 2613 1100
1455 2592 1525 2612 uno
1541 2579 1591 2611 (11-

916 2637 1005 2670 versi
1025 2662 1033 2677 ‚
1062 2636 1159 2682 quod
1187 2635 1341 2668 carmina
1370 2646 1408 2665 cx
1436 2640 1590 2677 tempore

915 2690 1036 2723 dicunt
1049 2715 1058 2730 ‚
1074 2689 1133 2722 sed
1147 2689 1191 2721 ita
1209 2688 1311 2721 etiam
1323 2712 1332 2727 ‚
1346 2695 1515 2731 tanquam
1529 2684 1590 2717 diu

917 2742 1126 2788 scripserint.
1146 2741 1309 2781 Accedit,
1327 2739 1421 2785 quod
1440 2739 1514 2772 illos
1528 2739 1588 2772 So-
