1757 2880
179 192 354 220 xxxviii
455 181 490 221 J.
527 180 588 223 M.
628 181 936 225 GESNERI
966 183 1315 226 EPISTOLA

178 258 328 302 peccat,
352 257 385 294 si
404 259 455 295 ita
476 260 553 306 vis,
576 261 746 307 Plinius;
770 263 837 299 sed
866 272 994 310 peccat
1010 292 1019 308 ‚
1042 264 1134 299 dum
1159 264 1272 300 nimis
1297 265 1445 313 placere
1469 264 1583 301 nobis

176 320 363 365 postulat.

228 381 294 424 IV,
323 381 377 425 16,
399 394 434 421 2,
453 383 560 418 Nihil
579 384 717 420 mirum
735 386 809 431 ais,
830 386 985 422 adstare
1003 387 1168 434 aliquem
1184 386 1309 422 tunica
1333 387 1464 429 scissa,
1481 386 1584 423 salva

177 448 323 487 tamen,
343 456 417 491 qua
437 443 502 481 illa
527 453 690 494 tegatur,
718 456 818 496 toga.
841 447 945 490 Quid
966 447 1068 483 enim
1098 447 1203 483 illum
1236 449 1377 495 pudeat
1410 448 1583 484 scissurae

175 503 400 550 repentinae,
436 507 499 541 sed
532 515 659 544 tamen
690 516 775 557 toga
811 516 915 544 tectae
931 508 946 542 Ξ)
965 508 1172 554 Quomodo
1204 522 1296 545 vero
1329 518 1463 545 tectam
1495 518 1584 557 toga

176 564 380 601 scissuram
399 567 498 603 inter
518 570 708 616 agendum
731 570 827 605 vidit
845 569 1019 606 Plinius?
1044 575 1092 606 At
1112 570 1149 605 id
1171 571 1298 618 ipsum
1330 571 1557 607 indecorum
1573 598 1583 614 ,

175 635 395 673 suspectum
410 657 418 672 ‚
441 629 636 678 singulare
659 640 761 667 certe
781 639 817 666 et
841 632 1103 675 observabile,
1127 633 1294 680 aliquem
1314 633 1362 668 ita
1388 646 1427 668 se
1450 633 1586 668 invol—

171 699 263 722 vere
283 696 392 736 toga,
415 699 457 724 ut
479 692 607 727 tunica
626 705 817 739 nusquam
840 701 1035 741 appareat.
1056 694 1192 741 Cogita
1212 695 1373 730 comicas
1397 706 1585 742 personas

174 748 215 783 in
233 750 387 786 Molerii
410 754 541 788 Avaro
561 755 728 790 maculas
748 763 785 791 et
809 754 993 791 scissuras
1010 755 1175 791 vestium
1192 755 1317 803 pileo,
1334 757 1485 803 patina,
1507 755 1588 790 ha·-

172 810 259 846 bitu
279 814 451 861 corporis
475 823 666 864 tegentes,
686 826 756 853 etc.

225 874 291 917 IV,
323 887 384 921 27,
412 876 446 911 6.
475 877 597 912 Mavis
620 878 744 914 Plinio
766 877 885 913 tribui
901 891 1014 914 voces
1037 878 1301 914 redundantes
1324 883 1487 928 γινώσκων
1512 883 1583 924 ὅτι,

172 945 290 980 quam
313 934 471 972 indocto
498 937 685 980 librario,
709 952 823 987 quem
842 940 904 975 vix
923 940 1108 975 credibile
1135 939 1204 982 sit,
1233 952 1294 975 eas
1313 938 1496 984 adjecisse
1515 953 1522 974 :
1549 947 1586 974 et

172 993 306 1029 eodem
325 996 444 1032 modo
466 998 683 1034 redundare
700 1007 735 1038 τὸ
757 1001 962 1048 inquitV1‚
980 1001 1040 1045 33,
1066 1014 1097 1036 1.
1121 1001 1286 1036 Videndi
1308 1013 1399 1050 ergo
1421 1000 1584 1036 codices.

223 1057 271 1098 V,
291 1056 328 1099 6,
355 1058 415 1093 36.
438 1061 655 1094 Acanthum
678 1061 760 1096 hinc
786 1062 874 1097 inde
898 1063 1077 1097 lubricum
1097 1064 1363 1109 etflexuosum
1388 1062 1586 1110 quomodo

171 1116 357 1164 explices,
392 1127 434 1153 ut
461 1131 694 1168 cognoscam
721 1121 903 1165 lectores,
924 1131 1063 1169 patere.
1094 1124 1227 1166 Ratio,
1253 1124 1404 1173 inquis,
1434 1123 1587 1159 dicendi

169 1177 291 1223 petita
319 1187 375 1214 est
403 1193 423 1215 a
452 1190 652 1230 serpente,
683 1182 750 1230 qui
775 1192 828 1218 est
855 1184 1049 1226 lubricus,
1069 1192 1104 1219 et
1130 1183 1341 1228 flexuosus,
1367 1197 1487 1234 quum
1508 1184 1588 1233 spi—

169 1240 261 1274 ralis
283 1240 389 1276 lineae
415 1241 578 1290 figuram
605 1245 782 1280 assumit.
811 1245 871 1281 Sic
896 1245 1085 1281 acanthus
1111 1254 1214 1281 satus
1239 1246 1311 1282 fuit
1335 1247 1460 1293 primo
1477 1246 1587 1281 lineis

171 1301 297 1336 curvis
318 1310 353 1336 et
374 1303 582 1350 spiralibus
598 1332 606 1347 ‚
631 1306 698 1340 sed
719 1305 824 1341 nulla
846 1314 949 1341 certa
971 1306 1112 1353 figura,
1134 1319 1223 1341 mox
1240 1307 1279 1341 in
1298 1314 1422 1342 certas
1443 1306 1587 1355 figuras

170 1371 329 1397 vocatus
350 1376 420 1412 per
446 1365 684 1412 aliquantum
706 1367 843 1413 spatii,
865 1380 953 1402 mox
976 1367 1116 1402 iterum
1141 1367 1223 1402 sine
1249 1366 1370 1417 figura
1390 1379 1528 1402 curvus
1550 1374 1588 1402 et

171 1421 353 1468 inflexus,
383 1424 492 1460 sicuti
516 1427 690 1462 velorum
712 1429 999 1476 aulaeorumque
1019 1428 1111 1464 fines
1132 1428 1336 1464 filamentis
1365 1428 1494 1463 sericis
1524 1428 1586 1463 di-

170 1484 270 1519 versi
291 1485 431 1521 coloris
460 1496 664 1530 ornantur,
692 1497 735 1524 ut
758 1502 847 1525 mox
869 1489 1039 1526 flexuosa
1061 1490 1134 1526 sint
1165 1499 1199 1525 et
1221 1490 1398 1538 spiraha,
1423 1502 1514 1525 mox
1537 1489 1585 1525 fi—

170 1554 305 1593 gurata
329 1555 400 1582 etc.

221 1609 307 1657 Pag.
326 1609 345 1644 3
355 1623 368 1644 1
379 1616 414 1653 4,
426 1623 464 1645 n.
476 1623 506 1646 1.
521 1612 637 1656 Quod
648 1612 709 1647 hic
720 1613 907 1659 negabam
918 1624 1187 1664 καταστερισμῶν
1199 1626 1341 1649 nomen
1354 1625 1373 1648 a
1383 1626 1444 1648 me
1455 1614 1586 1649 obser—

170 1677 326 1715 vatum,
356 1671 594 1708 festinabam.
626 1675 795 1709 Laudavi
825 1674 927 1722 ipse,
950 1687 1070 1721 quum
1097 1675 1162 1709 vix
1190 1674 1356 1721 Lipsiarn
1374 1674 1447 1710 ista
1468 1675 1583 1710 missa

169 1740 316 1775 essent,
334 1732 372 1767 in
392 1743 681 1783 programmate
698 1736 805 1782 quod
826 1736 944 1771 habes
961 1736 1008 1770 de
1022 1736 1107 1771 diva
1124 1735 1303 1771 Carolina
1319 1735 1585 1771 Eratosthenis

169 1800 447 1845 καταστερισμοὺς
459 1825 466 1835 ,
489 1795 591 1830 inter
609 1795 797 1845 opuscula
812 1797 1075 1846 mythologica
1087 1829 1095 1844 ‚
1115 1796 1273 1845 physica
1285 1824 1296 1842 ,
1312 1797 1454 1841 ethica,
1478 1797 1586 1833 Galei

168 1867 204 1901 p,
228 1868 292 1903 97,
311 1868 397 1905 sqq.
420 1857 556 1892 editos.

219 1916 266 1957 V,
290 1929 357 1960 20,
378 1923 411 1960 4.
434 1920 529 1963 Quae
549 1926 647 1954 esset
667 1920 789 1967 rigida
818 1919 1026 1966 periodus,
1064 1919 1247 1968 explicari
1281 1919 1447 1968 negabat
1475 1932 1587 1966 posse

168 1978 334 2013 Cortius.
361 1978 450 2014 Tibi
466 1979 592 2026 frigus
611 1979 658 2014 de
687 1981 880 2028 periodis,
904 1994 981 2028 qua
1011 1989 1101 2016 sunt
1129 1979 1304 2030 periodi,
1328 1988 1364 2014 et
1394 1988 1586 2028 quatenus

168 2039 489 2087 pronuntiantur,
507 2040 583 2075 dici
596 2054 675 2075 non
688 2042 856 2077 videtur.
874 2047 955 2090 Age
971 2054 1161 2089 ponamus
1173 2070 1185 2085 ,
1202 2051 1286 2089 quae
1305 2040 1375 2075 tibi
1392 2040 1440 2075 sit
1457 2041 1585 2088 rigida

167 2099 376 2145 periodus3
395 2114 509 2148 quam
532 2114 602 2149 ego
611 2101 811 2149 frigidam
836 2103 1070 2150 interpreter
1087 2116 1095 2136 ε
1115 2110 1273 2147 caetera,
1297 2102 1338 2138 in
1357 2102 1585 2138 auctoritate

168 2159 525 2208 manuscriptorum
548 2163 628 2198 fere
644 2163 752 2210 pari,
775 2164 1042 2213 permittamus
1063 2164 1283 2199 lectoribus.
1298 2164 1366 2199 Est
1382 2163 1452 2199 tibi
1468 2164 1586 2212 igitur

168 2223 291 2268 rigida
308 2224 512 2268 periodus,
536 2224 577 2258 in
595 2237 673 2271 qua
693 2225 744 2260 ita
766 2225 841 2260 sibi
861 2224 1057 2273 implicata
1074 2233 1129 2260 est
1146 2233 1182 2260 et
1203 2224 1346 2272 pendet
1368 2225 1512 2269 oratio,
1543 2233 1585 2260 nt

169 2295 250 2318 non
276 2284 426 2331 possint
443 2297 538 2320 voce
557 2293 741 2333 tanquam
764 2287 970 2323 incisiones
990 2286 1073 2322 fieri
1087 2314 1096 2331 ‚
1118 2286 1185 2322 sed
1207 2294 1284 2322 tota
1308 2287 1378 2330 sit,
1410 2286 1584 2334 quamvis

169 2343 286 2392 longa
300 2372 310 2387 ,
331 2358 408 2380 uno
426 2346 563 2392 spiritu
580 2348 889 2395 contorquenda.
907 2348 1093 2394 Quaedam
1108 2354 1242 2383 contra
1257 2346 1432 2396 periodi,
1450 2359 1584 2394 quam-

171 2418 289 2452 quam
309 2405 433 2455 longae
446 2435 456 2451 ,
477 2415 604 2443 tamen
618 2406 804 2444 flexibiles
822 2416 932 2452 sunt,
948 2409 1072 2444 sinon
1085 2408 1228 2457 pendet
1239 2420 1310 2456 per
1328 2415 1429 2442 totas
1446 2405 1583 2451 oratio,

171 2465 345 2514 adeoque
363 2481 441 2504 non
462 2482 541 2504 uno
559 2469 697 2516 spiritu
718 2469 1012 2518 pronuntiandae
1032 2479 1134 2506 sunt.
1155 2469 1252 2505 Mihi
1271 2470 1491 2504 volubilitas
1506 2480 1584 2503 non

172 2527 265 2562 satis
281 2530 485 2565 convenire
504 2531 625 2576 rigido
635 2545 649 2574 ,·
660 2531 817 2578 srzgrida
832 2545 952 2580 porro
968 2534 1151 2580 periodus
1172 2532 1376 2567 videbatur
1391 2529 1475 2565 fieri
1502 2531 1585 2577 ipsa

170 2588 413 2636 longitudine
437 2599 471 2626 et
490 2592 748 2639 productione
768 2606 846 2628 non
868 2594 1103 2639 necessaria,
1135 2606 1211 2641 qua
1241 2592 1345 2640 perit
1370 2599 1404 2627 et
1433 2592 1585 2639 disper-

172 2649 277 2685 ditur
292 2651 454 2688 dicentis
470 2652 654 2702 impetus,
670 2661 706 2690 et
722 2654 907 2691 auditoris
923 2655 1083 2691 attentio
1097 2669 1107 2700 ;
1122 2667 1243 2703 quum
1260 2652 1384 2689 otiosa
1400 2651 1582 2700 epitheta,
