1742 2989
596 216 932 259 EPISTOLA
971 215 1133 258 XVII.

1481 229 1560 273 117

169 299 370 359 gnoveris
395 298 576 357 gratiam
606 295 738 351 villae,
764 297 1138 357 opportunitatem
1164 294 1244 338 loci
1261 329 1271 349 ,
1298 293 1434 337 litoris
1465 311 1563 354 spa-

167 423 239 441 sons
256 412 295 440 de
309 422 484 453 campagne
505 412 544 441 de
560 411 651 440 Pline
670 411 698 440 le
713 412 831 447 consul,

167 469 241 494 tum
252 461 335 495 alias
346 488 354 503 ‚
365 470 436 494 tum
445 464 657 505 Lond.1707‚
671 473 684 493 1
693 474 709 493 2
722 487 730 502 ‚
743 461 834 506 apud

170 517 255 546 Dan.
267 516 429 558 Mortier.)
439 514 668 547 Laudandum
681 514 833 547 studium

168 565 251 607 viri,
265 573 297 599 et
309 566 477 612 elegantia
490 567 665 612 ingeniosa
679 578 687 605 3
705 566 764 600 sed
779 568 833 600 cui

166 631 238 652 non
251 619 424 665 respondit
437 628 575 653 eventus
587 647 595 661 ‚
616 620 676 665 qui
689 620 835 665 antiqui-

168 671 245 704 tatis
257 673 536 718 amantesjux‘a1·e
544 672 660 717 possit.
673 672 734 704 Ille
742 673 832 705 enim

165 723 408 770 plerorumque
435 725 544 770 gentis
572 737 640 757 suae
671 724 834 770 interpre-

167 783 239 808 tum
253 789 383 810 morem
397 786 533 811 secutus
544 804 552 818 ‚
564 790 634 810 non
648 778 713 810 hoc
727 778 833 822 egisse

166 827 300 862 videtur
310 854 320 869 ,
346 838 383 862 ut
393 858 402 872 ‚
428 830 545 876 quales
569 829 658 863 villae
683 830 832 864 Secundi

165 881 294 914 fuerint
307 909 315 924 ,
348 883 454 928 ipsius
489 896 591 928 opera
626 883 833 929 intelligere-

165 945 263 974 mus;
284 934 344 968 sed
363 944 399 968 ut
422 935 636 976 ostenderet,
657 936 832 981 quomodo

165 987 287 1032 aliquis
301 987 470 1022 aedificare
483 988 600 1021 villam
614 989 720 1034 possit
734 1016 742 1031 ‚
758 1001 833 1034 quae

164 1039 305 1084 quidem
324 1040 501 1074 hodiernis
520 1041 732 1087 eruditisque
754 1041 834 1075 Gal-

164 1090 277 1125 lorum
291 1094 438 1138 ingeniis
448 1094 599 1139 placeat,
614 1094 649 1126 in
661 1107 729 1140 qua
740 1094 832 1128 idem

165 1144 299 1178 circiter
323 1159 486 1180 numerus
510 1148 744 1180 membrorum
767 1148 809 1180 sit
823 1173 831 1187 ‚

165 1197 225 1242 qui
242 1199 306 1231 fuit
325 1199 361 1232 in
376 1200 588 1233 Laurentino
601 1225 609 1240 ,
631 1200 684 1233 vel
700 1200 736 1232 in
749 1201 833 1233 Tus-

165 1251 225 1284 cis.
243 1252 385 1292 Quoties
405 1253 506 1297 igitur
525 1252 704 1286 commode
722 1253 832 1298 potuit

165 1303 247 1337 situs
266 1312 298 1337 et
317 1305 482 1338 connexio
496 1306 728 1338 membrorum
748 1305 834 1339 iudi-

164 1363 241 1389 cata
259 1357 370 1390 Plinio
389 1359 538 1400 servari,
559 1357 594 1390 id
610 1358 739 1391 factum
755 1367 804 1391 est
822 1371 829 1391 :

163 1417 323 1442 caeterum
332 1410 486 1455 pluribus
495 1411 530 1442 in
539 1410 622 1444 locis
631 1419 745 1456 aperte
754 1424 832 1443 con-

164 1461 348 1494 tradictum
367 1461 518 1496 domino.
540 1464 618 1496 Non
635 1463 743 1496 multo
758 1491 766 1505 ‚
787 1464 831 1497 ad

164 1514 375 1559 antiquitatis
390 1515 531 1561 quidem
547 1516 659 1548 lucem
671 1541 680 1555 ‚
699 1516 832 1549 felicior

164 1567 242 1607 fuit,
253 1568 353 1613 longe
365 1568 607 1613 splendidioris
623 1569 714 1609 licet,
725 1578 757 1602 et
769 1582 830 1614 pro

164 1620 417 1665 magnificentia
445 1629 477 1654 et
507 1622 613 1666 copiis
645 1621 830 1654 Britanniae

163 1671 329 1707 elaborati
339 1675 451 1719 operis
463 1683 580 1707 auctor
589 1674 755 1708 Robertus
770 1676 832 1709 Ca-

163 1725 301 1771 stellus„
314 1727 373 1771 qui
385 1727 482 1759 villas
499 1735 653 1760 veterum
665 1726 758 1760 dedit
770 1740 831 1773 pa-

163 1778 228 1810 trio
242 1791 398 1812 sermone
410 1779 594 1814 illustratas
610 1781 680 1822 (the
690 1783 786 1813 villas
799 1784 842 1824 of

164 1833 215 1862 the
229 1834 378 1864 Ancients
392 1835 586 1871 illuso-ared,
604 1836 706 1866 Lond.
723 1838 807 1878 1728
820 1861 828 1875 ,

164 1885 188 1916 f.
208 1883 308 1929 Alph.
333 1897 364 1925 1,
383 1886 429 1931 pl.
454 1899 512 1928 12,
534 1886 588 1918 cli.
609 1898 699 1919 max.
718 1887 830 1932 qualis

162 1936 207 1969 ad
231 1937 487 1984 Geographicas
513 1938 648 1972 chartas
674 1939 830 1972 adhiberi

162 1990 246 2023 solet
257 2017 265 2032 ,
281 2003 359 2023 cum
368 1992 416 2024 XI
428 1993 500 2037 ejus
515 1991 609 2024 modi
623 1992 830 2037 imaginibus

162 2042 220 2075 aeri
244 2043 385 2087 incisis).
403 2044 491 2077 Huic
506 2044 607 2077 facile
621 2044 685 2077 fuit
699 2044 827 2078 scilicet

163 2095 310 2129 inventis
324 2096 490 2130 Felibenii
505 2096 632 2130 addere
649 2096 807 2142 quaedam
819 2123 827 2138 ‚

162 2148 285 2192 quibus
310 2149 364 2182 vel
388 2150 528 2196 propius
547 2149 590 2183 ad
614 2149 715 2182 Plinii
732 2161 828 2182 men-

163 2207 231 2232 tem
249 2201 425 2235 accederet
437 2230 446 2245 ‚
466 2203 519 2236 vel
538 2202 829 2248 magnificentiam

162 2265 305 2297 operum
321 2266 339 2287 a
352 2267 387 2288 se
400 2255 657 2301 designatorum
674 2263 826 2300 augeret.

163 2305 267 2346 Quod
280 2307 307 2339 si
319 2319 428 2341 coecus
441 2308 652 2354 antiquitatis
666 2320 763 2341 amor
776 2320 830 2340 me

163 2365 314 2401 teneret,
342 2361 527 2405 arriperem
551 2360 638 2393 illud
663 2372 748 2405 opus
763 2387 770 2401 ,
799 2368 831 2393 et

162 2411 438 2455 magnitudinem
456 2414 644 2446 Romanam
665 2412 758 2458 apud
772 2425 831 2458 pa-

163 2475 239 2495 rum
258 2472 375 2498 cautos
395 2464 476 2498 inde
499 2478 671 2510 augerem.
699 2466 830 2498 Verum

163 2527 234 2548 non
248 2524 296 2549 est
306 2517 465 2550 candoris
478 2518 584 2551 nostri
595 2517 811 2551 dissimulare
822 2544 830 2558 ‚

163 2567 265 2601 nimis
292 2570 399 2603 multa
426 2578 457 2603 et
486 2570 542 2603 hic
574 2583 645 2603 esse
672 2584 690 2603 a
718 2579 831 2604 mente

164 2618 262 2653 Plinii
288 2622 332 2655 ita
352 2623 484 2665 aliena,
512 2632 568 2662 ut,
594 2624 620 2655 si
645 2624 720 2668 quis
740 2623 830 2657 Deus

165 2669 260 2707 illum
281 2675 323 2707 ab
343 2675 459 2709 inferis
480 2676 660 2709 excitatum
680 2676 712 2708 in
730 2676 829 2709 talem

166 2724 278 2760 villam
292 2727 485 2762 immitteret
500 2756 508 2770 ,
523 2728 575 2763 tel
591 2729 734 2763 formam
743 2738 832 2764 certe

897 407 1139 441 Castellianam
1163 405 1381 446 ostenderet,
1407 406 1564 439 videatur

895 460 952 493 ille
962 459 1102 504 quidem
1112 459 1318 504 probaturus
1326 470 1453 503 magno
1462 471 1563 502 opere

896 514 948 547 vel
966 527 1050 559 opus
1067 539 1074 553 ‚
1090 512 1143 545 vel
1163 512 1310 544 formam
1328 511 1440 557 operis
1453 537 1460 551 ‚
1477 513 1563 544 forte

896 567 999 599 etiam
1020 566 1073 599 his
1085 592 1093 607 ,
1113 577 1188 610 quae
1203 576 1357 610 unquam
1376 563 1513 597 vidisset
1529 565 1562 597 in

896 620 955 653 illo
979 632 1103 665 genere
1117 647 1125 661 ‚
1143 618 1345 664 praelaturus
1368 629 1375 649 z
1403 626 1561 651 caeterum

895 685 996 706 suum
1006 674 1160 705 Laurens
1171 699 1178 713 ‚
1191 683 1269 704 suos
1278 670 1407 703 Tuscos
1421 671 1563 703 minime

896 726 942 758 ibi
973 725 1268 771 deprehensurum
1297 723 1449 756 existimo
1463 748 1471 763 ,
1504 724 1561 757 sed

897 778 1147 811 admiraturum
1182 790 1252 809 non
1288 776 1401 809 minus
1418 803 1426 817 ‚
1458 789 1562 822 quam

895 830 983 863 lecto
1009 831 1159 864 Platonis
1190 830 1328 874 dialogo
1355 828 1563 863 admiratum

896 884 1010 916 ferunt
1031 885 1203 917 Socratem
1215 910 1223 925 ‚
1249 901 1260 912 ιι
1277 895 1332 915 eos
1351 883 1472 916 referri
1493 896 1563 916 ser-

896 949 1014 970 mones
1033 950 1111 970 suos
1126 964 1134 978 ‚
1154 936 1196 969 de
1217 936 1342 982 quibus
1361 935 1394 967 in
1414 943 1562 968 mentem

895 1001 1075 1034 nunquam
1088 990 1152 1023 sibi
1169 989 1330 1022 venisset:
1346 1004 1359 1016 »
1372 988 1463 1031 (vide
1480 989 1563 1021 Dio-

896 1054 1017 1086 genem
1039 1043 1213 1075 Laertinm
1230 1067 1238 1082 ‚
1268 1042 1341 1080 ΙΙΙ,
1374 1042 1454 1085 35.)
1487 1043 1564 1075 Non

896 1103 981 1127 esset
1010 1094 1153 1128 difficile
1177 1108 1239 1141 per
1272 1094 1407 1139 singula
1438 1094 1506 1136 ire,
1532 1103 1565 1128 et

896 1147 1075 1180 ostendere
1088 1174 1096 1188 ‚
1119 1148 1244 1194 quibus
1262 1147 1297 1179 in
1316 1147 1400 1180 locis
1414 1147 1563 1180 Plinium

896 1200 1069 1245 relinquat
1099 1213 1193 1234 nunc
1228 1199 1421 1232 Felibenius
1435 1227 1443 1241 ,
1471 1213 1564 1234 nunc

896 1253 1063 1286 Castellus
1074 1281 1082 1295 ‚
1094 1254 1298 1299 plerumque
1310 1260 1472 1298 uterque:
1489 1266 1564 1298 pos—

894 1313 943 1337 set
962 1306 1065 1339 etiam
1089 1305 1330 1352 speciminibus
1356 1305 1563 1350 quibusdam

896 1357 1066 1391 declarari
1084 1387 1092 1401 ,
1126 1371 1231 1404 quam
1264 1370 1388 1403 parum
1420 1366 1565 1404 uterque

894 1411 1038 1456 scriptor
1064 1412 1217 1456 lingnam
1246 1411 1355 1457 ipsam
1381 1419 1413 1443 et
1434 1423 1565 1444 sermo·

894 1475 974 1496 nem
988 1464 1089 1496 Plinii
1102 1465 1270 1509 intelligat
1283 1463 1363 1497 :sed
1378 1475 1486 1508 quum
1499 1463 1566 1496 hoc

895 1516 1051 1562 exiguam
1071 1518 1251 1550 utilitatem
1271 1517 1397 1549 habeat
1411 1543 1419 1557 ‚
1442 1517 1564 1561 prioris

895 1579 1008 1603 autem
1030 1571 1162 1615 generis
1182 1582 1325 1603 censura
1341 1569 1406 1603 nisi
1424 1581 1564 1614 compa-

895 1624 975 1656 ratis
997 1623 1089 1656 libris
1110 1631 1141 1656 et
1158 1622 1285 1656 tabulis
1309 1633 1490 1657 auctorum
1515 1623 1564 1656 in-

895 1675 1003 1720 telligi
1014 1675 1194 1708 commode
1204 1688 1274 1708 non
1283 1676 1388 1720 possit
1402 1687 1410 1715 3
1425 1675 1460 1708 id
1470 1677 1562 1722 quod

894 1727 1020 1773 oppido
1032 1741 1224 1773 paucorum
1241 1741 1312 1761 esse
1331 1729 1441 1761 sentio
1457 1741 1464 1761 2
1483 1730 1563 1762 satis

895 1781 997 1813 fuerit
1017 1780 1061 1814 ad
1075 1793 1114 1814 ea
1129 1793 1316 1826 provocare
1330 1806 1338 1819 ‚
1354 1793 1428 1825 quae
1443 1781 1485 1815 de
1498 1784 1563 1815 ho<-

895 1845 1018 1878 genere
1050 1841 1124 1865 tum
1152 1833 1187 1865 in
1224 1833 1306 1866 actis
1338 1833 1562 1867 Eruditorum

894 1885 987 1930 Lips.
1003 1898 1059 1918 an.
1076 1887 1176 1930 1731,
1188 1899 1222 1931 p.
1240 1898 1251 1918 1
1262 1898 1274 1918 1
1286 1898 1317 1925 1,
1331 1894 1404 1918 tum
1419 1886 1463 1919 ad
1476 1888 1563 1920 orni—

895 1938 1035 1970 thonem
1054 1938 1220 1972 Varronis
1244 1937 1287 1971 de
1306 1940 1353 1971 Re
1374 1940 1468 1972 Rust.
1491 1941 1542 1972 ΙΙΙ
1555 1966 1562 1979 ,

898 1990 916 2022 5
931 2015 939 2031 ‚
962 2003 980 2034 9
1001 2003 1052 2036 sq.
1075 1990 1248 2036 disputata
1274 1992 1373 2024 nobis
1403 2001 1494 2025 sunt.
1519 2013 1564 2018 -

898 2042 1009 2075 Multo
1042 2043 1171 2076 laetiora
1193 2044 1352 2077 Secundo
1383 2053 1500 2077 nostro
1533 2054 1562 2077 et

896 2095 1107 2140 antiquitatis
1134 2096 1344 2130 amatothus
1372 2105 1565 2142 exspectare

892 2149 1036 2194 jubebat
1048 2150 1098 2192 (et
1107 2150 1192 2183 forte
1204 2162 1267 2183 nec
1279 2149 1363 2182 dum
1375 2150 1476 2194 plane
1489 2162 1563 2195 spes

895 2201 954 2235 illa
970 2201 1175 2247 decollavit)
1191 2204 1245 2236 Jo.
1262 2203 1373 2236 Maria
1387 2203 1564 2236 Lancisius

895 2255 930 2287 in
946 2255 1188 2302 physiologicis
1208 2256 1564 2290 animadversionibus

896 2308 929 2340 in
945 2308 1137 2342 Plinianam
1156 2310 1271 2342 villam
1290 2322 1400 2354 nuper
1420 2310 1451 2341 in
1471 2310 1563 2341 Lau-

896 2361 1030 2393 rentino
1060 2361 1229 2396 detectam
1244 2388 1252 2402 ,
1287 2362 1384 2395 editis
1416 2361 1563 2406 primum

896 2414 992 2446 Rom.
1004 2422 1078 2455 ¹714
1090 2441 1099 2456 ,
1110 2415 1133 2448 f.
1144 2415 1272 2448 recnsis
1282 2413 1406 2447 deinde
1416 2421 1499 2446 tom.
1510 2414 1543 2446 ΙΙ
1556 2441 1564 2450 ,

897 2478 976 2512 opp.
988 2479 1023 2512 p.
1036 2468 1116 2507 335,
1126 2480 1200 2513 sqq.
1214 2468 1273 2500 ubi
1287 2478 1396 2512 quum
1411 2466 1453 2499 de
1467 2467 1565 2499 novis

899 2532 917 2552 a
937 2521 1023 2552 mari
1043 2521 1297 2565 aggestionibus
1317 2527 1349 2552 et
1367 2519 1492 2564 plantis
1515 2519 1561 2551 ibi

897 2572 1154 2606 suborientibus
1177 2581 1275 2618 agat,
1302 2574 1371 2604 haec
1387 2572 1488 2605 etiam
1508 2572 1566 2604 lia-

899 2625 954 2657 }›ct
967 2626 985 2667 §
1000 2628 1019 2657 6
1034 2651 1042 2665 ‚
1059 2637 1140 2671 pag.
1158 2627 1221 2659 338
1238 2651 1246 2665 ‚
1265 2638 1314 2670 sq.
1333 2642 1345 2654 «ι
1357 2627 1406 2658 Ne
1420 2625 1475 2658 eui
1487 2637 1566 2658 vcro

899 2677 1046 2723 suspicio
1060 2678 1145 2711 forte
1157 2679 1332 2711 oboriatur
1345 2704 1352 2718 ,
1369 2691 1379 2710 x
1390 2678 1571 2710 illzenePli-

902 2730 1008 2763 nianae
1024 2757 1032 2772 ‚
1054 2744 1095 2763 an
1115 2731 1253 2764 alterius
1269 2731 1331 2764 siut
1351 2730 1475 2764 {edium
1492 2731 1574 2764 reli-
