1757 2880
607 82 760 124 VITA
794 81 949 124 PLIN
967 81 1029 122 II.
1468 98 1518 123 Lx*

123 168 340 224 scription.
357 166 682 206 Matrimonium
700 166 766 206 bis
787 166 1022 217 contraxit3
1044 164 1096 204 de
1111 165 1255 220 priore
1270 163 1376 205 nihil
1395 178 1525 208 exstat

123 247 218 277 ante
247 235 494 276 viduitatem
529 236 614 287 IX,
647 236 722 287 13,
752 239 777 284 4
802 235 918 292 (24);
954 235 1136 274 alterum
1167 249 1266 274 cum
1293 235 1523 290 Calpurnia

119 306 237 357 iniit,
264 306 484 363 Calpurnii
507 305 654 347 Fabati
679 305 768 360 (25)
799 321 850 346 ex
876 305 962 345 filio
989 315 1139 360 nepte,
1169 305 1242 354 IV,
1274 319 1290 343 1
1307 335 1319 354 ,
1351 320 1366 344 1
1383 336 1394 355 ,
1431 321 1523 360 quae

119 374 314 415 abortum
334 375 432 416 fecit
449 374 573 426 Vm,
599 390 670 427 10,
693 389 773 414 nec
794 375 873 415 alio
893 385 1017 431 partu
1038 373 1235 413 maritum
1256 374 1399 414 beasse
1420 374 1523 431 legi-

119 455 212 484 tur:
239 444 327 500 ipsa
345 460 445 486 vero
469 444 590 486 docta
613 455 654 485 et
674 444 824 485 studiis
845 445 1009 485 exculta
1029 443 1103 493 IV,
1128 457 1202 498 19,
1231 458 1279 495 23
1309 454 1349 484 et
1367 442 1424 483 Vl
1440 476 1450 495 ,
1480 459 1521 499 7,

122 530 163 566 1,
190 516 356 568 mariti,
384 531 628 572 quanquam
652 526 769 556 aetate
798 515 995 570 majoris,
1032 515 1317 555 amantissima
1338 514 1412 565 IV,
1444 530 1519 570 19,

116 601 165 638 2,
201 598 242 627 et
275 587 296 628 5
324 587 433 644 (26),
473 589 529 628 ita
563 588 615 628 ab
650 588 774 628 amita
807 587 1002 643 Hispulla
1026 587 1244 637 instituta,
1282 586 1445 626 ibidem
1474 602 1518 639 1,

117 667 156 697 et
182 656 219 696 6.
247 657 367 698 Pater
386 659 499 699 enim
521 658 688 715 pridem
715 657 949 699 decesserat
966 658 1016 706 V,
1043 673 1092 697 12
1108 689 1118 708 ,
1140 672 1162 697 2
1181 689 1192 709 ,
1221 657 1340 711 cujus
1359 672 1522 698 memo-

112 725 183 765 riae
204 727 420 782 porticum
437 742 539 767 avus
559 726 770 770 dedicavit
789 725 836 778 V,
862 741 910 766 12
924 757 936 777 ,
957 742 972 765 1
987 758 998 777 ,
1019 726 1108 782 ipse
1126 740 1226 765 vero
1245 741 1369 776 avus,
1387 741 1521 781 quum

114 796 157 835 in
177 796 374 852 Bithynia
394 796 481 853 (27)
512 796 676 837 Plinius
695 811 793 836 cum
814 811 944 837 uxore
961 807 1070 837 esset
1085 828 1095 843 ,
1122 807 1301 837 mortem
1329 796 1439 836 obiit
1455 797 1518 849 X,

117 881 216 919 121,
254 879 482 924 postquam
516 878 777 909 senectutem
804 868 848 907 in
872 867 1168 923 Transpadana
1197 878 1388 923 exegerat
1411 866 1520 918 VH,

117 937 192 989 16,
221 935 260 977 3.
299 938 491 994 Frugalis
525 949 565 978 et
599 937 810 978 abstinens
834 936 998 976 Plinius
1022 936 1104 976 fuit
1138 937 1207 987 II,
1235 938 1285 987 4,
1315 935 1365 987 3,
1392 947 1433 976 et
1454 952 1520 992 ep.

113 1007 160 1057 6,
186 1010 238 1059 4,
267 1019 314 1048 ut
337 1009 577 1065 voluptates
602 1009 727 1049 etiam
754 1006 903 1048 studiis
928 1006 1148 1057 condiret,
1175 1006 1261 1059 IX,
1294 1006 1372 1059 36,
1401 1010 1450 1058 4,
1480 1019 1521 1048 et

111 1120 296 1152 commenti
308 1119 438 1166 illepidi
449 1121 643 1163 (incrustati
657 1120 735 1153 licet
744 1120 780 1152 in

110 1170 198 1204 fictis
213 1172 417 1217 Luitprandi
431 1172 634 1206 adversariis
648 1185 685 1205 n.
701 1185 779 1216 292,

110 1235 161 1268 sq.
182 1237 262 1270 pag.
289 1227 376 1267 512)
392 1250 400 1265 ‚
422 1225 512 1258 viros
540 1225 778 1266 doctissimos,

110 1275 167 1320 qui
179 1285 253 1309 acta
263 1277 320 1311 SS.
334 1278 460 1310 mensis
475 1278 620 1323 Augusti
634 1279 779 1311 Antuer-

107 1328 170 1372 piae
180 1328 362 1362 ediderunt
375 1355 383 1369 ‚
395 1330 455 1375 qui
469 1343 512 1362 ne
523 1331 628 1363 verbo
639 1330 778 1375 quidem

109 1381 318 1415 mentionem
330 1382 420 1415 illius
430 1383 479 1415 rei
489 1383 626 1430 injicere
637 1382 778 1428 dignan-

108 1440 164 1466 tur
184 1446 192 1466 :
218 1447 331 1480 neque
362 1448 450 1481 opus
482 1436 645 1469 nimirum
681 1444 753 1469 erat
767 1461 776 1476 ,

108 1499 215 1533 quum
229 1487 338 1532 ipsam
356 1489 484 1522 sinistri
502 1489 591 1521 illius
606 1489 721 1522 Dextri
738 1489 777 1521 fi-

108 1538 186 1572 dem
200 1540 234 1572 in
247 1541 444 1574 universum
455 1542 527 1588 jam
542 1535 775 1575 damnassent.

106 1592 224 1637 Neque
241 1606 320 1626 vero
337 1603 409 1627 erat
420 1620 428 1634 ,
446 1594 541 1640 quod
556 1596 722 1627 refutaret
739 1594 777 1626 il-

108 1643 165 1676 lud
177 1645 394 1679 Boxhornius
403 1647 437 1678 in
446 1646 576 1691 judicio
588 1646 632 1679 de
646 1647 754 1679 Plinio
766 1672 774 1687 ,

106 1696 199 1740 quod
218 1698 369 1741 epistolis
385 1712 403 1731 a
420 1711 454 1731 se
473 1699 572 1731 editis
592 1699 773 1743 praemisit:

106 1749 215 1780 multo
226 1749 339 1782 minus
352 1750 579 1783 refellendum
591 1759 667 1783 erat
677 1764 716 1784 ex
729 1752 773 1793 X,

107 1812 163 1844 97,
179 1801 238 1833 ubi
254 1804 451 1835 exitiabilem
469 1811 567 1835 vocet
581 1806 776 1846 superstitio-

105 1865 175 1884 nem
206 1854 496 1889 Christianorum.
531 1857 655 1889 Parum
683 1857 774 1889 enim

104 1905 170 1938 hoc
183 1905 226 1939 ad
247 1907 400 1941 fabulam
415 1935 424 1948 ‚
439 1922 515 1955 quae
531 1918 649 1954 postea
667 1909 701 1941 in
720 1923 773 1942 re-

104 1956 177 1990 ditu
191 1971 231 1991 ex
245 1972 322 2004 prmv
330 1960 421 1994 incia
435 1962 614 2006 contigisse
627 1961 772 1995 dicitur:

105 2021 167 2042 nec
191 2013 338 2056 appellat
356 2014 484 2047 Plinius
508 2016 705 2046 exitiabilem
724 2028 774 2045 su-

100 2065 316 2103 perstitionem
332 2068 421 2110 (quae
433 2066 546 2098 Taciti
560 2079 624 2098 vox
642 2074 690 2099 est
705 2067 771 2100 An.

105 2113 186 2154 XV,
199 2117 331 2158 44)‚sed
348 2130 491 2162 pravam
506 2127 539 2151 et
552 2118 772 2152 immodicam

104 2167 148 2205 X,
156 2179 215 2211 97,
225 2169 258 2201 8.
268 2169 301 2205 Si
310 2171 451 2203 omnino
462 2171 594 2216 placeat
605 2172 771 2212 refutare,

102 2218 191 2252 illud
202 2229 251 2252 est
261 2230 418 2266 apertum
428 2249 436 2263 ,
445 2223 603 2268 epistolas
614 2225 684 2270 ejus
695 2237 773 2270 per-

103 2271 211 2304 tinere
242 2272 285 2305 acl
311 2286 440 2307 annum
467 2276 570 2309 aetatis
596 2276 694 2309 Plinii
714 2277 770 2317 55,

104 2323 267 2357 tredecim
282 2327 443 2359 nimirum
460 2340 569 2360 anuos
581 2329 669 2361 ultra
686 2328 772 2362 redi-

104 2383 177 2409 tum
192 2390 231 2410 ex
244 2379 420 2423 proxincia
436 2391 489 2412 εν.
505 2392 541 2412 u.
564 2393 593 2413 1.
611 2381 771 2415 Potuitne

104 2437 217 2462 autem
249 2430 292 2464 de
328 2439 423 2465 tanta
456 2432 696 2467 immutatione
724 2442 772 2468 ta-

104 2481 205 2514 cere?

150 2531 221 2572 (24)
238 2530 310 2563 Nisi
324 2531 418 2577 quod
434 2544 552 2565 socrus
567 2532 721 2565 meminit
736 2535 766 2576 Ι,

108 2580 162 2620 18,
183 2582 217 2622 3,
236 2594 343 2628 quum
365 2592 451 2618 esset
470 2585 745 2620 adolescentulus
758 2611 766 2627 ,

846 1120 1065 1153 Domitianus
1097 1119 1212 1152 adhuc
1246 1120 1444 1166 imperaret.
1478 1120 1522 1153 Et

845 1172 959 1205 statim
983 1185 1002 1204 a
1027 1181 1138 1205 morte
1164 1173 1353 1205 Domitiani
1378 1185 1521 1206 uxorem

844 1224 984 1270 lugebat
1011 1225 1059 1257 IX
1073 1250 1081 1264 ‚
1110 1226 1148 1258 13
1161 1250 1170 1264 ,
1193 1229 1233 1265 4,
1260 1226 1358 1270 cujus
1376 1225 1519 1258 vitricus

844 1284 917 1309 erat
930 1276 1073 1310 Vectius
1098 1277 1265 1310 Proculus
1291 1277 1360 1317 IX,
1380 1277 1439 1317 13,
1463 1278 1517 1311 13v

843 1328 898 1362 Sic
926 1328 996 1361 duo
1018 1341 1053 1361 se
1079 1328 1299 1361 matrimonia
1318 1329 1518 1363 Domitiano

842 1380 1036 1427 imperante
1060 1381 1268 1414 contraxisse
1294 1382 1339 1414 ait
1355 1382 1401 1422 X,
1428 1395 1460 1422 2,
1485 1396 1514 1416 2.

842 1433 892 1465 De
905 1446 975 1479 quo
992 1434 1068 1466 loco
1086 1433 1240 1466 Masson.
1256 1434 1421 1475 XXXVI,
1435 1434 1467 1468 3.

889 1487 962 1529 (25)
974 1487 1268 1519 Novocomensem
1283 1493 1316 1518 et
1331 1485 1443 1531 ipsum
1455 1487 1517 1520 Fa-

841 1538 959 1570 batum
979 1538 1082 1571 fuisse
1098 1538 1178 1571 satis
1194 1546 1336 1583 apparet
1352 1551 1421 1572 non
1440 1547 1516 1571 tan—

842 1598 914 1623 tum
944 1604 984 1623 ex
1012 1591 1118 1624 veteri
1144 1591 1367 1636 inscriptione
1389 1591 1424 1623 in
1450 1592 1516 1624 Co*

842 1643 952 1675 mensi
962 1656 1045 1688 agro
1058 1650 1194 1686 reperta
1208 1655 1330 1687 ‚quam
1343 1651 1419 1688 post
1431 1644 1515 1677 alios

841 1695 977 1727 exhibet
985 1695 1084 1727 Grut.
1093 1695 1356 1735 CCCLXXXII,
1363 1698 1515 1740 &quam-

840 1759 908 1792 que
927 1746 970 1779 ad
989 1754 1146 1779 nostrum
1169 1748 1342 1791 pertinere
1360 1760 1431 1779 nen
1450 1748 1513 1780 im-

839 1798 1019 1844 probabile
1030 1806 1078 1831 est
1090 1810 1098 1830 :
1114 1797 1172 1831 sed
1187 1811 1227 1831 ex
1242 1799 1313 1844 ipso
1327 1799 1454 1832 Nostro
1465 1800 1512 1835 V.

844 1864 898 1890 12,
918 1851 1046 1889 23VH‚
1062 1853 1117 1889 16,
1134 1851 1189 1883 32.
1210 1862 1241 1891 13
1256 1851 1335 1884 coll.
1350 1850 1433 1891 VII,
1455 1854 1511 1891 16,

840 1909 859 1944 4
877 1910 909 1935 et
929 1902 1013 1942 VII,
1033 1903 1088 1942 23,
1111 1914 1141 1936 Ι.

886 1956 956 1999 (26)
977 1955 1063 1996 Quae
1088 1955 1230 1999 epistola
1251 1967 1320 1988 non
1349 1954 1406 1988 diu
1433 1964 1512 2002 post

838 2007 962 2040 initum
977 2007 1238 2040 matrimonium
1256 2008 1395 2054 scripta.
1410 2010 1511 2042 Amo—

838 2061 885 2093 ris
911 2061 965 2094 sui
988 2059 1241 2094 vehementiam
1269 2062 1344 2094 aliis
1372 2074 1511 2107 quoque

839 2113 988 2158 epistolis
1008 2111 1218 2153 declaravit,
1240 2122 1277 2147 ut
1296 2115 1361 2154 VI,
1381 2123 1399 2152 4
1418 2121 1451 2147 et
1472 2127 1507 2160 7;

838 2166 876 2199 it.
891 2166 974 2205 VII,
996 2166 1028 2199 5.

884 2219 955 2263 (27)
975 2218 1053 2250 Non
1073 2219 1155 2252 satis
1176 2227 1270 2252 certo
1290 2218 1357 2252 hoc
1378 2231 1417 2252 ex
1436 2219 1509 2252 lau-

838 2270 916 2304 data
934 2269 1075 2315 epistola
1093 2271 1280 2316 colligitur,
1295 2272 1354 2303 ubi
1372 2280 1511 2306 excusat

837 2323 967 2356 Plinius
982 2347 990 2361 ‚
1004 2322 1100 2367 quod
1115 2323 1180 2357 iter
1194 2323 1309 2356 uxoris
1323 2323 1508 2369 diplomate

834 2375 971 2423 juverit.
984 2375 1061 2408 Non
1073 2384 1122 2408 est
1132 2375 1298 2409 credibile
1307 2401 1316 2415 ‚
1329 2376 1505 2409 mulierem

837 2428 1019 2462 delicatam
1036 2435 1068 2460 et
1083 2428 1257 2461 infirmam
1276 2434 1409 2462 tantum
1425 2435 1503 2468 iter,

837 2494 875 2514 ea
887 2481 1060 2514 celeritate
1070 2506 1078 2521 ,
1089 2482 1162 2514 sine
1172 2494 1239 2514 mai
1249 2481 1295 2513 ito
1306 2480 1505 2514 confecisse.

833 2533 946 2567 Potuit
969 2532 1097 2567 PlinIus
1122 2542 1158 2566 ut
1184 2541 1322 2567 curator
1339 2532 1425 2567 alvei
1444 2533 1504 2566 Ti-

833 2586 942 2625 beris,
966 2585 1020 2618 vel
1044 2586 1111 2620 alio
1130 2598 1338 2632 quocunque
1362 2587 1501 2620 nomine
