1742 2989
575 226 926 269 EPISTOLA
961 227 1057 270 III.
1470 227 1528 289 75

117 307 393 352 auditoribus
418 308 660 367 permittit,
686 324 797 368 saepe
825 309 956 352 etiam
982 318 1128 369 partes
1157 327 1166 351 ε
1195 310 1356 370 surgit,
1383 312 1532 355 amici-

116 392 208 437 tur,
237 381 404 441 incipit.
433 381 592 426 Statim
622 382 772 425 onmia
800 398 850 425 ac
879 399 1001 443 paene
1032 384 1199 443 pariter
1227 382 1283 426 ad
1311 373 1492 427 manum
1520 401 1529 427 :

115 471 264 499 sensus
288 454 503 499 reconditi
526 465 784 510 occursant,
809 456 966 513 verba,
991 456 1065 500 sed
1088 455 1264 518 qualia?
1288 458 1468 518 quaesita
1491 468 1534 502 et

113 574 245 621 phistas
256 583 289 608 et
298 575 462 609 Rhetores
473 576 635 622 nuspiam
645 576 790 621 legimus

113 628 318 672 quaestiones
327 631 493 672 posuisse,
514 636 553 661 ut
570 629 672 675 plane
693 629 792 663 intel-

112 681 232 726 ligitur
244 681 334 715 exiis
345 706 354 722 ‚
367 694 443 728 quae
457 683 629 728 congessit
640 683 785 716 Cresoll.

112 733 255 767 Theatr.
270 735 369 767 Rhet.
387 734 466 768 Lib.
483 736 536 768 III
550 760 559 776 ‚
575 748 653 782 cap.
676 748 690 768 1
701 748 713 769 1
724 763 731 768 .
747 737 788 770 E.

112 806 158 810 —-
168 786 363 820 Probabilis
377 786 564 833 disputatio
576 813 584 829 ,
600 789 655 821 cui
669 789 790 822 album

113 839 289 872 caleulum
304 840 414 873 libens
435 840 577 888 adjicio,
595 841 687 875 Add.
704 843 790 876 Ges-

111 903 186 925 ner.
208 892 244 925 in
264 893 362 938 epist.
380 893 437 927 ad.
457 895 488 927 J.
507 895 549 928 A.
566 895 765 929 Ernestiuin
780 923 789 939 ,

112 944 168 977 cui
190 944 272 979 item
286 949 386 990 ponit
405 947 598 993 placuerat.
616 948 790 995 Gierigius

111 998 202 1032 hanc
219 998 480 1046 παραὸιόρθωσιν
498 1000 535 1033 in
550 1009 682 1034 textum
701 1002 806 1038 adeo.

111 1051 227 1084 intulit
239 1077 248 1093 ‚
269 1053 385 1086 minus
405 1053 604 1087 verecunde
622 1067 703 1088 cum
721 1056 789 1088 Pli-

111 1105 171 1138 nio
186 1118 292 1150 agens
306 1131 314 1146 ‚
333 1119 440 1151 quam
459 1119 479 1139 a
499 1106 621 1140 critico
648 1116 789 1141 caetero-

111 1158 172 1203 qui
186 1166 258 1191 tam
268 1158 426 1192 modesto
440 1168 685 1204 exspectasses.
697 1161 731 1194 S.
744 1183 790 1186 -—

111 1214 200 1254 Sa’pe
216 1213 312 1243 etiam
322 1222 445 1254 partes.
456 1212 522 1244 Vel
543 1224 581 1245 ea
598 1213 791 1258 intelligen-

111 1262 155 1297 da
186 1272 235 1297 est
248 1289 256 1304 ‚
286 1277 391 1310 quain
418 1267 660 1308 disposicionem
689 1279 790 1300 voca-

112 1329 190 1349 mus
219 1316 324 1350 hodic
352 1329 360 1349 :
390 1317 443 1350 vel
473 1317 542 1350 hoc
559 1343 567 1357 ‚
595 1318 645 1350 uti
673 1318 790 1352 dicant

112 1368 288 1402 auditores
302 1395 311 1409 ,
331 1370 366 1402 in
394 1382 501 1415 quam
526 1379 660 1416 partein
683 1373 789 1405 velint

111 1422 250 1455 tractari
269 1422 542 1457 controversiam
556 1449 565 1464 ‚
587 1426 789 1460 accusarine

111 1487 157 1508 an
176 1474 344 1509 defendi?
362 1484 428 1510 etc.
448 1476 492 1510 G.
512 1498 558 1501 —
577 1481 666 1521 Scepe
690 1482 789 1512 etiam

104 1539 230 1571 partes.
241 1529 288 1561 Ut
299 1528 416 1563 dicant
428 1529 604 1563 auditores
615 1556 623 1571 ‚
635 1531 670 1564 in
681 1544 788 1577 quam

111 1589 246 1627 partem
271 1583 381 1616 velint
416 1583 557 1616 tractari
589 1593 789 1619 controver-

111 1635 198 1668 siam
211 1660 220 1676 ,
250 1636 453 1669 accusarine
479 1648 524 1669 an
551 1635 705 1671 defendi.
734 1640 788 1672 Ita

109 1687 300 1729 Gesnerus3
312 1689 373 1722 sed
385 1689 503 1722 nescio
515 1690 693 1735 quomodo
705 1703 714 1724 ε
726 1691 788 1725 du-

111 1740 184 1773 bito
205 1754 250 1774 an
265 1742 395 1775 Plinius
409 1742 477 1775 hoc
491 1756 593 1776 sensu
600 1747 788 1787 permittere

111 1795 313 1827 auditoribus
328 1805 442 1838 parces
465 1796 622 1829 absolute
649 1796 785 1831 dixerit.

111 1845 213 1880 Certe
233 1848 395 1893 ambigue
412 1847 551 1882 dixisset
572 1861 580 1882 :
602 1862 684 1882 nam
699 1851 787 1896 qu'id

111 1898 253 1944 impedit
267 1925 276 1941 ,
297 1913 368 1946 quo
383 1901 498 1935 minus
514 1910 630 1948 partes
645 1912 786 1937 contro-

110 1952 303 1986 versiarum
334 1954 570 2000 intelligamus
602 1968 659 1988 eas
673 1981 681 1996 ‚
710 1969 788 2002 quae

110 2004 265 2047 exordio,
273 2007 473 2040 narratione
484 2033 493 2048 ,
505 2008 783 2051 confirmatione,

110 2058 331 2100 refutatione,
339 2060 490 2106 epilogo,
499 2062 676 2095 constant?
683 2063 785 2095 Nem-

111 2122 154 2155 pe
166 2111 229 2144 has
240 2125 304 2157 ego
318 2113 438 2146 malim
450 2126 545 2147 nunc
555 2114 710 2161 intelligi.
725 2117 785 2150 Est

111 2163 205 2196 enim
229 2165 327 2198 haud
352 2165 456 2200 dubie
474 2169 622 2214 majoris
648 2169 729 2202 artis
754 2178 787 2203 et

112 2216 286 2250 facultatis
300 2244 308 2259 ‚
329 2219 403 2252 illas
423 2228 535 2265 partes
550 2246 559 2261 ‚
580 2234 787 2267 quamcum-

113 2281 181 2314 que
197 2280 343 2316 poscant
357 2272 532 2307 auditores
546 2299 554 2315 ‚
570 2274 607 2307 in
623 2285 788 2321 promptu

112 2322 240 2356 habere
251 2349 260 2365 ‚
276 2333 307 2357 et
322 2324 444 2358 ordine
458 2328 660 2371 perturbato
674 2329 788 2362 statim

112 2384 326 2420 pertractare
343 2403 352 2418 ‚
378 2390 484 2423 quain
515 2382 708 2414 accusantis
733 2382 789 2416 vel

113 2428 330 2464 defendentis
354 2439 469 2476 partes
493 2445 641 2466 sumere.
664 2435 785 2467 Enim-

112 2494 197 2516 vero
221 2485 325 2517 Isaeus
352 2493 461 2517 artem
484 2487 692 2520 ostentabat.
720 2489 787 2520 Ita-

114 2548 182 2582 que
194 2536 382 2582 legendum
394 2546 511 2583 putem
517 2542 625 2581 partis
634 2566 642 2577 ‚
659 2552 707 2572 sc.
723 2541 788 2573 ele-

115 2589 262 2623 ctionem
276 2591 441 2636 permittit
455 2591 669 2625 auditoribus
681 2618 690 2632 ‚
708 2601 746 2626 ut
759 2593 787 2626 si

115 2641 220 2675 velint
237 2644 340 2676 totius
357 2645 598 2678 controversia:
614 2658 691 2679 eam
706 2659 785 2691 par-

116 2703 183 2727 tcm
206 2697 352 2730 maxime
378 2698 539 2738 tractari,
558 2711 635 2744 quae
658 2699 785 2732 haheat

115 2749 346 2783 narrationem
357 2751 406 2784 rei
421 2751 517 2784 factae
528 2776 536 2791 ‚
550 2752 603 2785 vel
617 2766 692 2798 quae
705 2766 785 2785 con-

857 578 1090 611 firmationem
1120 588 1406 624 argumentorum
1427 605 1436 621 ‚
1466 589 1532 614 etc.

857 623 937 664 Haec
951 630 1080 664 fiducia
1090 644 1161 664 non
1173 634 1284 679 major
1294 641 1343 665 est
1355 645 1395 666 ea
1406 658 1415 673 ‚
1427 646 1533 679 quam

856 684 987 716 notavit
1006 684 1152 725 Quintil.
1181 685 1212 717 X
1226 710 1235 726 ,
1262 698 1295 730 7.
1325 702 1338 715 u
1353 686 1534 720 Declama-

858 743 948 769 tores
959 736 1131 782 quosdam
1145 750 1306 783 perversa
1319 738 1414 772 ducit
1429 741 1535 772 ambi-

855 789 902 821 tio
917 815 925 830 ,
946 797 984 822 ut
1004 791 1156 836 exposita
1173 792 1409 825 controversia
1428 793 1535 837 proti-

855 855 921 875 nus
936 842 1051 876 dicere
1065 843 1167 877 velint
1181 856 1189 877 :
1203 845 1287 890 quin
1301 845 1405 878 etiam
1416 871 1425 887 ‚
1438 846 1533 892 quod

857 904 906 928 est
923 895 1080 942 inprimis
1096 897 1259 931 frivolum
1275 911 1315 931 ac
1332 899 1508 932 scenicum
1523 925 1531 939 ‚

856 950 1003 982 verbum
1022 957 1140 995 petant
1154 976 1163 991 ,
1180 964 1250 996 quo
1264 951 1444 997 incipiant.
1461 969 1474 981 »
1491 953 1533 984 E.

855 1005 1018 1036 ——Partz's
1033 1002 1164 1036 habent
1180 1005 1312 1050 aliquot
1330 1004 1534 1050 lihriJCortio

855 1056 999 1101 inspecti
1017 1069 1057 1090 ac
1079 1057 1277 1091 Brummeri
1294 1058 1476 1103 Excerpta.
1497 1059 1532 1092 S.

855 1129 901 1133 —
919 1111 1046 1152 Surgit,
1068 1111 1229 1142 amicitur.
1251 1111 1330 1143 Non
1354 1110 1401 1143 ita
1418 1111 1533 1156 inepta

855 1169 905 1193 est
930 1161 1004 1194 haec
1026 1161 1127 1194 lectio
1142 1187 1150 1202 ‚
1174 1171 1212 1195 ut
1235 1162 1468 1208 permutanda
1492 1164 1533 1196 sit

855 1223 977 1247 contra
996 1214 1140 1247 alteram
1155 1240 1164 1254 ‚
1177 1217 1251 1259 jam
1270 1217 1371 1260 igitur
1387 1216 1443 1259 (in
1463 1230 1533 1262 qua

855 1266 996 1299 errandi
1023 1268 1242 1301 occasionem
1262 1269 1403 1301 librario
1422 1269 1534 1303 Medi-

855 1332 916 1352 ceo
942 1319 1038 1352 dedit
1063 1335 1080 1352 c
1103 1321 1304 1354 solemniter
1321 1322 1357 1354 in
1376 1336 1402 1365 g·
1424 1331 1534 1356 muta-

854 1375 965 1417 tum).
986 1374 1105 1407 Potius
1131 1374 1304 1408 servanda
1326 1375 1427 1407 lectio
1449 1376 1534 1421 opti-

854 1438 993 1459 morum
1021 1426 1191 1460 librorum
1205 1452 1214 1467 ‚
1243 1440 1319 1472 quae
1350 1428 1534 1461 conveniat

854 1492 935 1513 cum
960 1479 1087 1512 decoro
1112 1480 1173 1513 illo
1196 1480 1349 1514 oratorio
1363 1506 1372 1521 ‚
1393 1480 1437 1514 de
1461 1494 1533 1526 quo

853 1532 1000 1574 Quintil.
1034 1534 1084 1565 XI
1105 1558 1114 1573 ‚
1160 1534 1178 1567 3
1202 1559 1212 1574 ,
1249 1534 1326 1568 156.
1366 1551 1382 1562 κ
1397 1534 1533 1567 Leviter

853 1586 1137 1631 consurgendum
1150 1611 1158 1626 ‚
1174 1595 1249 1619 tum
1268 1587 1303 1620 in
1322 1600 1534 1633 componen-

854 1637 899 1671 da
932 1647 1011 1685 toga
1034 1665 1043 1680 ‚
1063 1639 1143 1679 vel,
1178 1640 1204 1672 si
1229 1653 1369 1674 necesse
1395 1641 1436 1673 sit
1455 1667 1464 1681 ,
1491 1655 1532 1673 ω’

854 1694 978 1735 integro
1024 1695 1202 1736 afficienda
1231 1719 1239 1730 ‚
1285 1693 1453 1727 duntaxat
1498 1695 1531 1727 in

851 1745 989 1791 judiciis
1012 1745 1130 1791 (apud
1158 1746 1352 1792 principem
1380 1747 1473 1780 enim
1501 1755 1531 1779 et

853 1798 1077 1843 magistratus
1096 1811 1137 1831 ac
1156 1799 1346 1832 tribunalia
1363 1812 1436 1832 nou
1455 1799 1533 1833 lice-

853 1850 946 1893 bit),
968 1852 1115 1897 paulum
1143 1859 1193 1884 est
1218 1852 1508 1885 commorandum
1522 1878 1531 1891 ‚

853 1912 890 1936 ut
910 1912 943 1936 et
961 1906 1099 1936 amictus
1118 1905 1160 1937 sit
1175 1903 1352 1938 decentior
1366 1930 1375 1946 ⁷
1392 1913 1425 1938 et
1443 1917 1532 1950 pau-

852 1956 926 1989 lum
942 1957 1043 2003 spatii
1060 1956 1106 1990 ad
1122 1957 1361 2003 cogitandum.
1377 1975 1391 1987 »
1407 1960 1531 1992 Noster

850 2012 938 2052 IV‚1
949 2023 962 2043 1
977 2036 986 2051 ‚
999 2012 1032 2045 3.
1046 2028 1061 2039 «
1072 2011 1260 2057 Postquam
1275 2024 1309 2044 sc
1320 2012 1531 2057 composuit,

853 2064 1163 2110 circumspexitque
1191 2065 1350 2098 habitum
1381 2079 1497 2099 suum.
1515 2083 1530 2095 ιο

853 2118 1091 2151 Confirmatur
1112 2118 1180 2151 hoc
1200 2127 1350 2164 utroque
1372 2119 1451 2152 loco
1473 2120 1532 2152 ob-

854 2173 1000 2205 servatio
1016 2171 1173 2205 virorum
1188 2171 1371 2205 doctorum
1386 2197 1395 2213 ‚
1412 2172 1439 2204 F
1442 2185 1532 2205 erra-

853 2225 895 2258 rii
922 2224 1022 2258 Anal.
1050 2224 1094 2258 de
1119 2237 1157 2257 re
1181 2233 1266 2258 vest.
1295 2237 1371 2270 cap.
1405 2227 1470 2265 26,
1498 2234 1528 2257 et

853 2277 1029 2311 Brouckh.
1060 2277 1105 2310 ad
1129 2278 1210 2311 Tib.
1238 2279 1277 2318 I,
1307 2290 1351 2321 9,
1390 2279 1453 2317 13,
1486 2277 1531 2310 de

854 2334 975 2363 amicta
986 2338 1117 2364 vestem
1129 2331 1331 2364 exteriorem
1345 2356 1353 2371 ‚
1365 2330 1468 2375 quale
1481 2338 1530 2362 cst

854 2384 998 2430 pallium
1012 2409 1021 2425 ‚
1040 2392 1121 2429 toga
1136 2409 1145 2425 ‚
1168 2383 1397 2429 significante.
1421 2383 1465 2415 G.
1485 2404 1522 2407 μ

852 2459 896 2462 -—
917 2440 1042 2475 Verba,
1064 2440 1122 2469 sed
1139 2440 1278 2480 qualia?
1296 2436 1457 2469 Abscisso
1482 2435 1531 2468 ‹li-

852 2489 954 2523 cendi
971 2503 1097 2535 genere
1115 2498 1263 2535 occupat
1283 2489 1527 2536 objectionem.

854 2544 931 2575 Non
960 2544 1090 2576 mirum
1120 2552 1169 2577 cst
1187 2568 1196 2583 ‚
1227 2541 1349 2575 dixerit
1376 2542 1502 2588 aliquis
1519 2567 1529 2581 ,

850 2597 952 2627 verba
966 2608 1136 2628 occursare
1149 2610 1160 2628 .·
1171 2597 1306 2642 φλυαρία.
1320 2593 1364 2628 ad
1379 2595 1446 2628 hoc
1462 2596 1530 2627 sus-

852 2647 941 2688 ficit,
953 2656 985 2681 et
996 2648 1226 2694 impudentia.
1243 2650 1362 2693 [taque
1374 2648 1526 2694 subjicit,

850 2703 908 2732 sed
918 2703 1030 2743 qualia
1040 2708 1056 2733 :⁷
1065 2701 1251 2748 respondet
1265 2727 1274 2741 ,
1291 2704 1427 2744 quaesita
1440 2702 1476 2734 h.
1494 2714 1524 2733 ο.

851 2753 938 2787 adeo
965 2754 1158 2798 elegantia,
1178 2762 1216 2786 ut
1236 2767 1307 2786 non
1328 2763 1450 2800 sponte
1471 2766 1526 2786 vc,-
