1757 2880
231 201 324 228 xffl
503 188 540 229 J.
578 189 639 230 M.
679 190 988 232 GESNERI
1022 192 1367 235 EPISTOLA

227 267 462 303 conformari
481 267 554 304 sibi
579 281 600 304 a
624 268 783 306 librario
806 283 915 305 casus
934 271 1144 318 proximos.
1174 273 1248 309 Sed
1278 274 1484 310 necessaria
1510 281 1637 312 tamen

226 328 306 364 haec
323 329 543 376 conjectura
564 343 643 365 non
661 339 716 366 est
734 345 741 365 ε
760 331 962 367 intercedit
983 332 1080 369 illud
1103 342 1169 369 aut
1188 335 1323 371 Taciti.

280 392 350 436 XI,
366 392 542 437 4.Verba,
557 392 998 441 cujuspulsifitgatique,
1016 403 1086 431 etc.
1104 408 1172 443 per
1189 397 1311 430 σύνεσιν
1325 397 1371 432 ad
1382 397 1509 433 hostes
1520 397 1638 434 refert

226 453 282 489 Cl.
298 453 548 499 Arntzenius,
567 461 603 489 et
621 467 701 490 non
719 455 800 490 vult
821 455 892 491 snb
911 455 1149 504 iniquissima
1167 470 1265 505 saepe
1287 460 1638 494 Grammaticorum

226 514 429 561 tyrannide
450 515 603 550 servire.
625 518 675 551 At
698 514 759 551 hic
779 515 953 565 quidem,
975 518 1079 566 quod
1100 519 1232 563 sciam,
1251 532 1329 554 non
1359 520 1406 555 de
1433 523 1637 556 Gramma—

225 577 296 610 tica
316 589 444 612 sermo
474 585 541 613 est.
563 578 725 626 Synesin
751 578 958 624 ejusmodi,
987 579 1064 615 sive
1086 578 1282 627 synthesin
1308 580 1503 624 malimus,
1525 594 1638 630 gene-

224 637 413 673 rosissimi
435 639 580 687 quique
598 639 804 688 scriptores
828 649 1078 688 usurparunt.
1095 645 1242 678 Verum
1266 643 1448 678 sententia
1474 643 1638 678 multum

226 697 268 733 fit
287 698 428 745 acrior,
450 708 486 735 et
504 700 553 735 ad
575 700 731 735 satiram
752 700 871 749 magis
894 702 1040 737 accedit
1056 731 1064 746 ,
1088 701 1160 738 hoc
1183 711 1238 738 est
1253 732 1262 748 ,
1287 704 1334 738 ad
1357 703 1576 738 Plinianum
1599 702 1639 738 in

226 757 368 795 talibus
387 761 646 796 characterem
659 789 667 805 ,
690 761 720 797 si
740 760 863 807 dicas,
886 776 930 798 ex
950 763 1035 811 ipso
1058 763 1256 812 triumpho
1278 763 1345 812 (ut
1364 763 1497 809 hodie,
1518 777 1638 811 quum

224 821 478 858 Ambrosiano
504 823 659 870 Hymno
679 825 802 858 Deum
824 823 922 869 jussi
942 824 1040 860 cives
1060 838 1139 860 non
1157 838 1357 873 nunquam
1377 825 1559 874 laudant)
1575 824 1637 860 in—

225 881 414 919 tellexisse
446 883 637 928 homines,
651 887 809 932 pulsum
820 885 1083 934 fugatumque
1114 900 1194 923 esse
1227 889 1443 935 imperium,
1460 888 1533 923 hoc
1561 895 1636 931 est,

223 956 311 978 cum
333 944 501 980 exercitu
527 957 597 980 suo
614 947 914 993 Imperatorem,
947 956 989 982 nt
1015 947 1132 983 hodie
1158 950 1313 984 Portam
1345 950 1543 984 Turcicam
1577 948 1640 997 (la

223 1005 386 1040 Sublc'me
415 1007 574 1054 Por-te),
603 1008 662 1042 vel
694 1009 891 1055 imperium
921 1011 1128 1044 Bassorum
1161 1011 1230 1059 qui
1259 1011 1423 1056 victum,
1458 1011 1638 1058 pulsum,

222 1068 395 1113 fugatum
417 1067 581 1112 diceret,
609 1068 647 1102 in
668 1069 883 1104 sublimiori
911 1071 1121 1116 praesertim
1150 1071 1346 1117 oratione,
1380 1072 1429 1106 ab
1460 1071 1639 1107 omnibus

221 1126 520 1175 intelligeretur,
541 1129 890 1175 reprehenderetur
908 1129 1003 1165 forte
1021 1144 1042 1166 a
1063 1132 1226 1167 nemine.

274 1188 380 1233 XIV,
404 1201 434 1224 1.
462 1190 508 1223 In
530 1197 667 1224 vexato
695 1190 778 1226 loco
806 1191 852 1226 de
867 1190 1023 1236 ferocia
1040 1193 1270 1228 Parthorum
1297 1206 1345 1229 an
1367 1195 1640 1229 barbarorum?

221 1250 353 1284 laudat
364 1250 673 1287 Schwarzianam
693 1251 952 1297 conjecturam
967 1253 1106 1288 merito
1119 1281 1129 1296 ,
1144 1255 1211 1289 sed
1230 1262 1355 1290 tamen
1374 1268 1444 1290 suo
1466 1268 1574 1290 more
1589 1256 1641 1290 le—

222 1311 386 1346 ctionem
402 1313 596 1359 vulgatam
608 1313 767 1357 retinet‚
785 1321 821 1347 et
836 1311 909 1348 hoc
925 1313 1043 1348 modo
1062 1314 1311 1361 interpretari
1329 1324 1511 1352 conatur:
1529 1331 1542 1345 ι(
1555 1319 1640 1352 Jam

223 1386 284 1408 eas
304 1386 364 1408 res
389 1386 557 1421 gesseras
572 1402 582 1418 ,
600 1382 755 1421 propter
773 1386 869 1421 quas
889 1374 1021 1409 eodeni
1036 1375 1125 1423 jure
1142 1388 1186 1410 ex
1212 1376 1361 1411 devicta
1383 1384 1497 1425 gente.
1516 1389 1639 1424 agno-

221 1448 309 1469 men
325 1447 518 1470 assumere
536 1436 726 1482 potuisses
739 1462 749 1478 ,
768 1448 846 1483 quo
862 1443 995 1482 postea
1012 1436 1053 1470 id
1070 1436 1192 1471 fecisti
1213 1436 1260 1471 de
1278 1437 1511 1473 Germanis.»
1528 1437 1637 1482 Vide,

220 1497 550 1544 perspicacissime
568 1497 647 1542 vir,
669 1509 717 1531 an
741 1496 870 1532 videre
891 1496 951 1531 hic
979 1495 1127 1544 aliquid
1155 1498 1290 1544 possis.
1315 1498 1379 1533 Sic
1399 1498 1640 1545 possessione

219 1556 324 1604 longi
339 1557 523 1605 temporis
544 1565 674 1592 tuetur
690 1557 805 1592 etiam
824 1558 940 1600 illud,
962 1557 1068 1604 quod
1086 1557 1216 1592 statim
1235 1558 1426 1607 sequitur,
1443 1567 1479 1594 et
1495 1557 1587 1606 legit

270 1620 374 1663 XIV,
397 1631 432 1662 2,
458 1619 777 1667 Germaniamque
795 1621 927 1667 (quam
948 1631 1098 1666 quum..
1118 1648 1125 1654 .
1144 1648 1150 1654 .
1171 1620 1550 1667 .(lirz‘munlque;)per
1567 1619 1640 1654 hoc

219 1693 329 1716 omne
348 1682 536 1728 spatium,
560 1689 629 1716 etc.
650 1688 693 1716 ut
714 1682 762 1716 sit
787 1681 1031 1729 hyperbaton
1052 1693 1072 1715 a
1093 1680 1322 1728 parenthesi.
1349 1682 1485 1729 Neque
1513 1688 1639 1716 tamen

217 1754 433 1789 repugnare
453 1755 493 1778 se
519 1743 592 1788 ait,
612 1742 641 1778 si
665 1742 753 1790 quis
776 1742 884 1778 malit
910 1741 1067 1777 brevius
1086 1769 1095 1785 ,
1120 1743 1384 1784 Germaniam,
1410 1755 1547 1789 quam,
1569 1749 1637 1778 etc.

217 1802 315 1837 Mihi
330 1815 370 1837 ea
386 1803 483 1838 ratio
498 1803 609 1839 nimis
628 1811 823 1849 contorta,
843 1812 879 1839 et
893 1816 912 1839 a
927 1802 1093 1851 politula
1109 1803 1174 1838 illa
1192 1803 1305 1839 Plinii
1324 1803 1504 1839 facilitate
1518 1803 1638 1839 aliena

217 1862 382 1899 videtur.
404 1865 477 1900 Sed
494 1865 737 1913 ingeniosum
750 1894 758 1910 ,
778 1865 887 1912 quod

270 1925 354 1969 XV,
374 1937 409 1967 2,
430 1926 587 1970 conjicit
604 1926 661 1960 vir
677 1926 731 1961 Cl.
750 1926 971 1974 brevemque
986 1926 1161 1960 miliciam
1179 1926 1293 1973 quasi
1308 1927 1544 1961 transiluisse
1554 1939 1635 1961 con-

218 1993 361 2028 tentus,
392 1999 463 2032 pro
482 1987 641 2034 vulgato
660 1989 852 2022 trans-csse.

271 2046 394 2091 XVII,
414 2047 447 2082 3.
461 2050 544 2083 Nec
557 2060 635 2082 non
652 2050 765 2083 modo
784 2050 941 2083 telorum
958 2058 1105 2084 tuorum
1119 2063 1130 2083 .·
1147 2048 1293 2084 omittit
1311 2062 1403 2092 non;
1421 2061 1489 2084 nec
1499 2049 1636 2093 liabeo,

217 2115 354 2156 praeter
371 2108 561 2143 rationem
588 2110 892 2156 grammaticam,
912 2122 997 2157 quae
1017 2110 1257 2157 negationem
1276 2117 1364 2145 ante
1382 2110 1439 2145 vel
1459 2118 1548 2157 post
1563 2123 1636 2145 non

220 2170 333 2204 modo
353 2183 432 2205 non
457 2170 584 2205 omitti
604 2171 761 2215 suadet,
779 2172 854 2206 nisi
875 2171 914 2206 in
932 2171 1112 2218 proximo
1132 2171 1305 2206 membro
1329 2171 1432 2206 aliud
1453 2184 1549 2215 non,
1575 2171 1637 2207 vel

219 2243 266 2265 ne
293 2231 447 2278 quidem
480 2238 675 2278 sequatur.
701 2231 789 2267 Vid.
819 2232 869 2267 ad
899 2231 1062 2277 Quintil.
1089 2233 1163 2277 XI,
1188 2246 1225 2278 1,
1257 2245 1291 2268 2.
1321 2233 1395 2269 Sed
1426 2233 1585 2277 scilicet,
1605 2232 1635 2268 si

216 2292 326 2339 plura
346 2291 383 2327 id
399 2304 519 2340 genus
534 2293 618 2327 loca
632 2292 898 2337 inveniantur,
919 2301 954 2329 et
971 2293 1188 2329 afferantur
1200 2322 1209 2338 ,
1227 2293 1336 2329 cedet
1348 2293 1487 2329 merito
1507 2305 1634 2342 gram-

218 2353 369 2387 matica.
387 2353 457 2389 Hic
473 2354 632 2401 quidem
647 2382 656 2398 ,
675 2354 828 2389 sublato
847 2355 911 2390 illo
930 2364 1024 2398 non,
1047 2355 1200 2390 videtur
1216 2355 1277 2390 hic
1297 2368 1375 2392 esse
1394 2368 1516 2391 nexus
1537 2367 1635 2402 pro—

217 2412 473 2461 positionum,
494 2414 626 2461 sz'quis
645 2428 774 2463 regum
796 2417 928 2451 venire
948 2417 985 2451 in
1007 2430 1147 2452 munus
1166 2418 1330 2463 audeat,
1360 2425 1398 2451 et
1417 2429 1493 2451 non
1516 2415 1636 2465 (illud

216 2472 317 2507 enim
333 2482 386 2509 est
403 2474 487 2523 nec)
502 2476 615 2509 modo
633 2478 794 2511 telorum
807 2485 956 2512 tuorum
967 2506 977 2523 ,
995 2479 1066 2512 sed
1079 2479 1192 2513 etiam
1210 2480 1403 2513 oculorum
1415 2505 1528 2512 .....
1551 2490 1634 2512 con-

209 2534 353 2577 jectum
366 2563 480 2571 .....
485 2536 754 2584 perhorrescat
768 2552 778 2572 .·
797 2539 904 2585 quod
923 2540 1116 2574 sententiae
1135 2547 1262 2587 aperte
1282 2538 1518 2575 contrarium
1541 2546 1608 2573 est.

267 2598 403 2644 XVII,
431 2604 464 2641 4.
487 2602 562 2636 Pro
581 2601 908 2650 quandocunque,
940 2602 1046 2650 quod
1074 2602 1219 2639 liabent
1238 2614 1369 2638 omnes
1391 2601 1505 2643 editi,
1532 2610 1635 2637 recte

217 2659 365 2708 reponit
383 2673 426 2695 ex
449 2662 529 2698 MS.
551 2663 782 2710 quandoque
795 2690 802 2698 .
826 2664 959 2699 eodem
978 2663 1188 2700 intellectu.
