1742 2989
249 178 340 232 5130·

639 181 687 222 t).
725 179 947 222 PLINII
983 179 1108 222 Llss.
1145 181 1260 224 VII.

248 260 396 304 oculos
409 294 419 314 ‚
432 276 521 302 non
537 260 758 304 remittere
774 259 922 303 stilum
934 296 944 316 ⁷
962 260 1035 303 sed
1050 260 1284 305 obfirmare
1297 264 1493 307 animum
1506 299 1517 320 ‚
1537 265 1652 309 auri-³

249 333 415 393 busque
449 332 720 393 praetendere
747 350 755 376 :
783 343 876 376 tum
912 334 1181 379 crebrescere
1214 335 1383 397 fragor,
1417 338 1651 383 adventare

245 407 402 460 ctiam,
435 422 484 449 ac
511 406 601 465 jam
637 416 686 449 ut
720 408 765 449 in
793 406 966 462 limine,
988 407 1078 467 jam
1109 418 1159 451 ut
1189 409 1303 453 intra
1331 409 1464 454 limen
1488 412 1650 455 audiri:

199 494 219 525 0
246 481 443 540 respicit,
464 479 602 531 videt,
626 480 912 540 agnoscitque
932 490 1152 523 narratam
1177 481 1257 525 sibi
1277 483 1475 543 effigiem.
1499 484 1652 528 Stabat

244 553 543 612 innuebatque
568 553 728 613 digito,
751 553 901 597 similis
927 554 1099 597 vocanti
1128 571 1137 597 ε
1163 553 1235 598 hic
1259 566 1435 611 contra,
1461 566 1509 600 ut
1529 556 1650 617 paul-

242 625 334 669 lum
355 635 646 686 exspectaret,
668 642 802 669 manu
828 626 1068 687 significat,
1095 643 1331 689 rursusque
1357 630 1466 673 ceris
1486 639 1527 673 et
1551 630 1648 673 stilo

243 700 489 743 incumbit:
515 699 587 742 illa
616 700 845 743 scribentis
872 700 1005 760 capiti
1033 702 1197 743 catenis
1229 701 1487 746 insonabat:
1509 704 1645 763 respi-

241 772 301 815 cit
326 789 475 815 rursus
506 772 643 825 idem⁷
669 772 786 832 quod
822 773 962 833 prius,
996 773 1249 816 innuentem
1281 791 1289 817 ε

1321 791 1398 819 nec
1431 786 1624 819 moratus
1635 811 1646 831 7

176 856 216 877 10
240 844 354 888 tollit
378 844 521 888 lumen
536 880 546 900 ‚
568 854 610 888 et
630 845 840 905 sequitur.
866 846 961 889 lbat
985 845 1055 889 illa
1076 846 1193 890 lento
1214 848 1378 908 gradu,
1399 851 1518 909 quasi
1546 865 1646 909 gra-

239 918 304 961 vis
334 917 518 962 vinculis
541 935 550 960 ι
573 928 804 978 postquam
832 918 1010 963 deflexit
1035 920 1078 962 in
1103 937 1248 963 aream
1272 921 1447 977 domus,
1467 931 1647 982 repente

239 990 403 1052 dilapsa
424 992 583 1035 deserit
600 993 805 1035 comitem
827 1009 836 1034 ι
854 992 1048 1036 desertus
1067 993 1225 1036 herbas
1239 1003 1280 1036 et
1298 993 1400 1037 folia
1414 1004 1648 1054 concerpta

174 1076 209 1097 1¹
238 1063 413 1124 signum
440 1065 535 1108 loco
562 1065 701 1125 ponit.
727 1067 907 1108 Postero
935 1065 1004 1109 dic
1032 1066 1122 1109 adit
1150 1067 1453 1126 magistratus,
1475 1077 1646 1124 monet,

238 1146 287 1179 ut
304 1136 425 1181 illum
439 1137 583 1181 locum
599 1137 728 1181 effodi
741 1139 939 1198 jubeant.
953 1141 1246 1183 Inveniuntur
1260 1140 1524 1183 ossainscrta
1536 1149 1648 1184 cate-

237 1212 303 1253 nis
318 1221 359 1254 et
374 1211 586 1272 implicita
598 1247 608 1265 ‚
623 1229 717 1272 quse
733 1229 891 1273 corpus
905 1230 996 1256 aevo
1008 1223 1211 1274 terraque
1225 1214 1517 1274 putrefactum
1530 1213 1648 1258 nuda

237 1293 279 1326 ct
304 1299 428 1326 exesa
453 1284 690 1344 reliquerat
713 1286 900 1329 vinculis
920 1303 930 1329 ε
953 1286 1134 1330 collecta
1155 1286 1329 1346 publice
1349 1287 1644 1348 sepeliuntur:

172 1381 209 1401 12
237 1355 392 1399 domus
414 1366 566 1416 postea
584 1358 664 1400 rite
689 1358 874 1401 conditis
896 1359 1096 1402 manibus
1119 1361 1272 1403 caruit.
1294 1362 1349 1404 Et
1364 1361 1455 1404 haec
1469 1360 1647 1420 quidem

237 1429 559 1473 affirmantibus
594 1430 759 1473 credo:
798 1430 903 1474 illud
938 1431 1158 1475 affirmare
1198 1432 1293 1476 aliis
1340 1450 1531 1492 possum.
1569 1436 1647 1476 Est

238 1501 417 1545 libertus
437 1503 544 1545 mihi
567 1506 766 1553 Marcus,
788 1521 873 1547 non
897 1504 1135 1548 illiteratus.
1160 1507 1272 1548 Cum
1294 1506 1377 1548 hoc
1397 1506 1541 1548 minor
1560 1506 1645 1549 fra-

236 1584 303 1617 ter
324 1574 475 1617 eodem
493 1574 603 1618 lecto
624 1576 889 1634 quiescebat.
911 1579 953 1619 Is
974 1578 1089 1620 visus
1110 1587 1172 1619 est
1192 1578 1272 1620 sibi
1293 1594 1471 1621 cernere
1488 1595 1641 1638 quem-

235 1647 335 1690 dam
361 1648 404 1690 in
434 1657 531 1690 toro
561 1648 821 1691 residentem
841 1666 851 1702 ς
875 1649 1269 1709 admoventemque
1290 1650 1422 1710 capiti
1446 1666 1524 1693 suo
1549 1651 1640 1694 cul-

283 1797 314 1829 S.
328 1798 747 1839 ,slarlcivusqneprcecemlcre.
776 1799 906 1829 ‘iuribus

231 1851 430 1889 praetendere
449 1851 588 1880 animum
610 1850 780 1894 significat
799 1850 906 1882 obsti-

233 1900 372 1933 natione
392 1900 543 1945 quadam
561 1901 722 1934 studendi
739 1902 906 1947 impedire

233 1964 276 1984 ne
307 1952 513 1992 audianum,
541 1963 633 1986 cette
657 1954 777 1987 audire
807 1955 905 1986 nobis

230 2003 431 2045 videamur,

230 2058 283 2089 vel
304 2070 417 2090 cerani
438 2058 526 2090 adeo
551 2059 744 2103 praetendit.
768 2061 902 2091 Durum

460 2006 611 2051 aliquid,
630 2014 666 2039 ut
686 2007 744 2051 qui
764 2020 903 2039 inanum

230 2109 297 2142 hoc
329 2110 512 2143 videbatui·
538 2110 590 2143 Cl.
619 2112 827 2144 Marklando
858 2112 900 2144 ad

229 2162 313 2195 Stat.
331 2163 414 2195 Silv.
436 2163 482 2201 V,
504 2165 559 2201 23,
580 2176 688 2207 quare
707 2164 820 2209 legere
839 2178 902 2197 nos

229 2214 365 2246 volebat
378 2217 755 2257 savinuli!epcrcemlere‚
768 2217 902 2261 elegan-

228 2274 280 2299 ter
298 2266 438 2312 utique3
460 2274 492 2298 et
516 2267 602 2300 forte
628 2268 750 2301 melius
773 2281 898 2302 consu-

228 2318 346 2351 luisset
364 2319 463 2351 famae
480 2319 607 2352 Plinius
620 2344 628 2359 ‚
649 2321 674 2352 si
695 2321 739 2353 ita
759 2322 893 2366 posuis-

228 2379 288 2404 set.
312 2372 444 2403 Verum
473 2378 509 2403 ut
542 2372 628 2404 forte
656 2373 757 2405 nimis
785 2373 896 2406 audax

229 2425 294 2457 fuit
315 2423 465 2461 Plinius,
495 2424 555 2469 qui
578 2425 624 2456 ita
649 2426 823 2469 posuerit:
850 2428 896 2459 sic

229 2485 364 2509 mutare
392 2485 510 2509 contra
542 2490 661 2509 omnes
689 2478 810 2517 libros,
839 2492 900 2511 au·-

228 2529 294 2562 dax
313 2530 426 2574 ipsun]
448 2541 588 2573 quoqne
603 2530 752 2563 videtur.
774 2532 814 2562 Et
829 2534 898 2577 jain

229 2582 492 2614 commonefecit
512 2582 626 2614 vii-nni
653 2582 792 2625 doctum
817 2585 899 2615 Cor-

228 2634 294 2666 tius
316 2634 405 2666 illius
421 2633 619 2666 Sallustiani
639 2635 742 2667 Catil.
762 2635 898 2675 LYIH,

231 2700 259 2717 ἐ.
284 2688 388 2717 Timor
406 2687 509 2717 (messui
525 2689 654 2718 auribus
673 2689 784 2732 qffifcffff.
798 2687 840 2719 ’ἀ-
854 2708 899 2712 -——

973 1796 1086 1843 AEgid.
1098 1797 1326 1837 Forcelliuus,
1335 1797 1452 1831 Cortio
1463 1796 1641 1830 accedens&

980 1850 1070 1883 «hoc
1092 1859 1140 1883 est
1154 1875 1162 1890 ‚
1183 1851 1337 1883 animum
1357 1859 1390 1883 et
1414 1851 1641 1884 constantiam

972 1903 1069 1946 quasi
1085 1903 1119 1935 in
1134 1902 1325 1935 custodiam
1346 1903 1482 1935 aurium
1499 1911 1642 1948 praeten-

972 1955 1053 1988 dere
1066 1981 1073 1995 ‚
1093 1969 1136 1988 ne
1154 1956 1267 1988 sonitu
1287 1956 1496 2000 strepituque
1514 1956 1641 2000 percel-

972 2007 1345 2040 lerentur.Proetendere
1354 2008 1409 2040 hic
1421 2020 1439 2039 a
1451 2007 1570 2040 militia
1579 2007 1641 2040 <lu-

969 2068 1061 2092 ctum
1074 2060 1224 2100 videtur,
1236 2072 1343 2106 quum
1356 2068 1467 2093 castra
1478 2067 1536 2092 aut
1551 2060 1640 2093 acies

969 2120 1088 2145 contra
1106 2113 1238 2145 hostem
1252 2138 1260 2152 ‚
1281 2121 1313 2145 et
1329 2111 1373 2145 ad
1392 2111 1584 2145 custodiam
1601 2112 1640 2144 li-

968 2165 1089 2197 mitum
1109 2165 1310 2198 tenduntur.
1334 2165 1445 2197 Tacit.
1469 2165 1503 2196 II
1518 2189 1527 2204 ,
1550 2164 1638 2197 Hist.

968 2229 1043 2261 cap.
1061 2220 1080 2249 6
1095 2229 1103 2249 .-
1125 2216 1296 2262 quidquid
1317 2225 1507 2249 castrorum
1521 2218 1640 2250 Arme-

968 2269 1032 2300 niis
1045 2268 1279 2313 praetenditur.
1292 2269 1408 2301 Pacat.
1419 2269 1456 2300 in
1466 2269 1637 2314 Panegyr.

964 2321 1139 2354 Theodos.
1156 2335 1231 2367 cap.
1247 2322 1277 2353 X
1295 2333 1303 2353 ι
1318 2321 1372 2353 vix
1387 2321 1526 2354 Iberum
1541 2329 1638 2355 tuum

964 2373 1097 2406 widerat
1115 2399 1123 2413 ‚
1151 2375 1223 2419 jam
1263 2374 1351 2406 Istro
1389 2373 1637 2418 praetendebas.

965 2426 1147 2459 Claudian.
1166 2426 1208 2459 de
1222 2427 1260 2459 Β.
1277 2426 1355 2459 Get.
1368 2438 1456 2459 vers.
1477 2429 1637 2466 4161ex-

967 2480 1085 2512 tremis
1100 2480 1188 2524 legio
1202 2487 1364 2524 praetenta
1381 2478 1569 2510 Britannis,
1579 2479 1635 2512 »S-

966 2534 1141 2564 -Εῐίαηι,
1162 2530 1383 2576 Languidum
1407 2530 1463 2563 hic
1477 2554 1484 2568 ‚
1502 2530 1637 2563 melius-

967 2597 1034 2629 que
1048 2584 1104 2616 alii
1121 2597 1127 2616 :
1149 2588 1336 2622 adventare,
1357 2585 1470 2626 etjam
1493 2593 1528 2615 at
1548 2585 1580 2614 in
1599 2585 1636 2614 li-

967 2639 1070 2672 mine,
1092 2645 1156 2670 etc.
1176 2637 1210 2669 S.

1018 2702 1069 2722 10.
1086 2694 1271 2732 (bucer-pla.
1288 2688 1460 2733 Giei‘igius
1473 2699 1480 2720 ζ
1494 2687 1573 2719 llinc
1588 2686 1636 2718 in-
