<?xml version="1.0" encoding="UTF-8"?>
<!DOCTYPE html PUBLIC "-//W3C//DTD XHTML 1.0 Transitional//EN"
    "http://www.w3.org/TR/xhtml1/DTD/xhtml1-transitional.dtd">
<html xmlns="http://www.w3.org/1999/xhtml" xml:lang="en" lang="en">
 <head>
  <title>
</title>
<meta http-equiv="Content-Type" content="text/html;charset=utf-8" />
  <meta name='ocr-system' content='tesseract 3.04.00' />
  <meta name='ocr-capabilities' content='ocr_page ocr_carea ocr_par ocr_line ocrx_word'/>
</head>
<body>
  <div class='ocr_page' id='page_1' title='image "./epistolarumlibri01plinuoft_0127.png"; bbox 0 0 1742 2989; ppageno 0'>
   <div class='ocr_carea' id='block_1_1' title="bbox 551 198 1087 241">
    <p class='ocr_par' dir='ltr' id='par_1_1' title="bbox 551 198 1087 241">
     <span class='ocr_line' id='line_1_1' title="bbox 551 198 1087 241; baseline 0.006 -4"><span class='ocrx_word' id='word_1_1' title='bbox 551 198 578 238; x_wconf 60' lang='lat' dir='ltr'>ld</span> <span class='ocrx_word' id='word_1_2' title='bbox 593 199 623 238; x_wconf 70' lang='lat' dir='ltr'>P</span> <span class='ocrx_word' id='word_1_3' title='bbox 639 199 791 240; x_wconf 56' lang='lat' dir='ltr'>issi)</span> <span class='ocrx_word' id='word_1_4' title='bbox 806 200 839 240; x_wconf 77' lang='lat' dir='ltr'>L</span> <span class='ocrx_word' id='word_1_5' title='bbox 856 200 885 240; x_wconf 55' lang='lat' dir='ltr'>A</span> <span class='ocrx_word' id='word_1_6' title='bbox 924 200 963 240; x_wconf 67' lang='lat' dir='ltr'><em>X</em></span> <span class='ocrx_word' id='word_1_7' title='bbox 978 200 1015 241; x_wconf 76' lang='lat' dir='ltr'>V</span> <span class='ocrx_word' id='word_1_8' title='bbox 1032 200 1087 240; x_wconf 87' lang='grc'>11.</span> 
     </span>
    </p>
   </div>
   <div class='ocr_carea' id='block_1_2' title="bbox 110 275 1510 338">
    <p class='ocr_par' dir='ltr' id='par_1_2' title="bbox 110 275 1510 338">
     <span class='ocr_line' id='line_1_2' title="bbox 110 275 1510 338; baseline 0.006 -21"><span class='ocrx_word' id='word_1_9' title='bbox 110 275 192 318; x_wconf 85' lang='grc'><strong>1100</strong></span> <span class='ocrx_word' id='word_1_10' title='bbox 222 293 404 336; x_wconf 82' lang='lat' dir='ltr'>pravum</span> <span class='ocrx_word' id='word_1_11' title='bbox 439 276 769 338; x_wconf 79' lang='lat' dir='ltr'>malignumque</span> <span class='ocrx_word' id='word_1_12' title='bbox 806 288 894 334; x_wconf 73' lang='lat' dir='ltr'>est,</span> <span class='ocrx_word' id='word_1_13' title='bbox 925 296 1012 322; x_wconf 91' lang='grc'><strong>11011</strong></span> <span class='ocrx_word' id='word_1_14' title='bbox 1049 279 1254 322; x_wconf 84' lang='lat' dir='ltr'>admirari</span> <span class='ocrx_word' id='word_1_15' title='bbox 1289 282 1510 325; x_wconf 86' lang='lat' dir='ltr'>hominem</span> 
     </span>
    </p>
   </div>
   <div class='ocr_carea' id='block_1_3' title="bbox 1454 204 1510 263">
    <p class='ocr_par' dir='ltr' id='par_1_3' title="bbox 1454 204 1510 263">
     <span class='ocr_line' id='line_1_3' title="bbox 1454 204 1510 263; baseline 0 -20"><span class='ocrx_word' id='word_1_16' title='bbox 1454 204 1477 255; x_wconf 61' lang='lat' dir='ltr'>f!</span> <span class='ocrx_word' id='word_1_17' title='bbox 1488 218 1510 263; x_wconf 74' lang='lat'><strong>7</strong></span> 
     </span>
    </p>
   </div>
   <div class='ocr_carea' id='block_1_4' title="bbox 106 348 1513 555">
    <p class='ocr_par' dir='ltr' id='par_1_4' title="bbox 106 348 1513 555">
     <span class='ocr_line' id='line_1_4' title="bbox 107 348 1512 413; baseline 0.004 -22"><span class='ocrx_word' id='word_1_18' title='bbox 107 348 397 393; x_wconf 75' lang='lat' dir='ltr'>admiratione</span> <span class='ocrx_word' id='word_1_19' title='bbox 427 350 759 411; x_wconf 81' lang='lat' dir='ltr'>dignissimum,</span> <span class='ocrx_word' id='word_1_20' title='bbox 785 353 887 411; x_wconf 88' lang='lat' dir='ltr'>quia</span> <span class='ocrx_word' id='word_1_21' title='bbox 916 352 1086 404; x_wconf 68' lang='lat' dir='ltr'>videre,</span> <span class='ocrx_word' id='word_1_22' title='bbox 1111 351 1313 413; x_wconf 78' lang='lat' dir='ltr'>adloqui,</span> <span class='ocrx_word' id='word_1_23' title='bbox 1337 354 1512 409; x_wconf 77' lang='lat' dir='ltr'>audire,</span> 
     </span>
     <span class='ocr_line' id='line_1_5' title="bbox 108 421 1513 483; baseline 0.005 -20"><span class='ocrx_word' id='word_1_24' title='bbox 108 421 338 483; x_wconf 78' lang='lat' dir='ltr'>complecti</span> <span class='ocrx_word' id='word_1_25' title='bbox 356 457 366 476; x_wconf 77' lang='lat'>‚</span> <span class='ocrx_word' id='word_1_26' title='bbox 387 440 466 467; x_wconf 91' lang='lat' dir='ltr'>nec</span> <span class='ocrx_word' id='word_1_27' title='bbox 488 422 664 467; x_wconf 73' lang='lat' dir='ltr'>laudare</span> <span class='ocrx_word' id='word_1_28' title='bbox 686 433 854 467; x_wconf 74' lang='lat' dir='ltr'>tantum</span> <span class='ocrx_word' id='word_1_29' title='bbox 875 460 885 480; x_wconf 81' lang='lat'>‚</span> <span class='ocrx_word' id='word_1_30' title='bbox 906 442 1057 468; x_wconf 83' lang='lat' dir='ltr'>verum</span> <span class='ocrx_word' id='word_1_31' title='bbox 1083 425 1213 468; x_wconf 85' lang='lat' dir='ltr'>etiam</span> <span class='ocrx_word' id='word_1_32' title='bbox 1237 442 1384 470; x_wconf 82' lang='lat' dir='ltr'>amare</span> <span class='ocrx_word' id='word_1_33' title='bbox 1405 444 1513 470; x_wconf 91' lang='lat' dir='ltr'>con-</span> 
     </span>
     <span class='ocr_line' id='line_1_6' title="bbox 106 494 385 555; baseline 0.011 -19"><span class='ocrx_word' id='word_1_34' title='bbox 106 495 248 555; x_wconf 84' lang='lat' dir='ltr'>tingit.</span> <span class='ocrx_word' id='word_1_35' title='bbox 266 494 385 540; x_wconf 76' lang='lat' dir='ltr'>Vale.</span> 
     </span>
    </p>
   </div>
   <div class='ocr_carea' id='block_1_5' title="bbox 153 607 1512 704">
    <p class='ocr_par' dir='ltr' id='par_1_5' title="bbox 153 607 1512 704">
     <span class='ocr_line' id='line_1_7' title="bbox 153 607 1512 653; baseline 0.004 -17"><span class='ocrx_word' id='word_1_36' title='bbox 153 617 185 645; x_wconf 80' lang='lat'>9.</span> <span class='ocrx_word' id='word_1_37' title='bbox 208 608 379 648; x_wconf 72' lang='lat' dir='ltr'>complecti</span> <span class='ocrx_word' id='word_1_38' title='bbox 387 631 510 638; x_wconf 88' lang='grc'><em>......</em></span> <span class='ocrx_word' id='word_1_39' title='bbox 520 620 642 638; x_wconf 72' lang='lat' dir='ltr'>amare.</span> <span class='ocrx_word' id='word_1_40' title='bbox 665 608 705 639; x_wconf 90' lang='lat' dir='ltr'>Iu</span> <span class='ocrx_word' id='word_1_41' title='bbox 721 607 774 640; x_wconf 72' lang='lat' dir='ltr'>liis</span> <span class='ocrx_word' id='word_1_42' title='bbox 839 608 903 653; x_wconf 75' lang='lat' dir='ltr'>ipsi</span> <span class='ocrx_word' id='word_1_43' title='bbox 925 607 1108 647; x_wconf 84' lang='lat' dir='ltr'>acciderit,</span> <span class='ocrx_word' id='word_1_44' title='bbox 1130 607 1224 652; x_wconf 83' lang='lat' dir='ltr'>quod</span> <span class='ocrx_word' id='word_1_45' title='bbox 1245 609 1433 642; x_wconf 68' lang='lat' dir='ltr'>Saturnino</span> <span class='ocrx_word' id='word_1_46' title='bbox 1460 621 1512 641; x_wconf 73' lang='lat' dir='ltr'>at·-</span> 
     </span>
     <span class='ocr_line' id='line_1_8' title="bbox 839 660 1511 704; baseline 0 -12"><span class='ocrx_word' id='word_1_47' title='bbox 839 660 953 693; x_wconf 85' lang='lat' dir='ltr'>(·idere</span> <span class='ocrx_word' id='word_1_48' title='bbox 968 660 1123 704; x_wconf 85' lang='lat' dir='ltr'>queritur</span> <span class='ocrx_word' id='word_1_49' title='bbox 1143 672 1151 692; x_wconf 92' lang='grc'>.·</span> <span class='ocrx_word' id='word_1_50' title='bbox 1170 668 1207 692; x_wconf 91' lang='lat' dir='ltr'>ut</span> <span class='ocrx_word' id='word_1_51' title='bbox 1221 661 1348 693; x_wconf 86' lang='lat' dir='ltr'>mirum</span> <span class='ocrx_word' id='word_1_52' title='bbox 1369 673 1438 694; x_wconf 89' lang='lat' dir='ltr'>non</span> <span class='ocrx_word' id='word_1_53' title='bbox 1457 661 1511 701; x_wconf 84' lang='lat' dir='ltr'>sit,</span> 
     </span>
    </p>
   </div>
   <div class='ocr_carea' id='block_1_6' title="bbox 839 713 1511 760">
    <p class='ocr_par' dir='ltr' id='par_1_6' title="bbox 839 713 1511 760">
     <span class='ocr_line' id='line_1_9' title="bbox 839 713 1511 760; baseline 0.012 -17"><span class='ocrx_word' id='word_1_54' title='bbox 839 713 1017 757; x_wconf 74' lang='lat' dir='ltr'>epistolam</span> <span class='ocrx_word' id='word_1_55' title='bbox 1039 720 1108 745; x_wconf 87' lang='lat' dir='ltr'>tam</span> <span class='ocrx_word' id='word_1_56' title='bbox 1130 714 1223 758; x_wconf 61' lang='lat' dir='ltr'>gravi</span> <span class='ocrx_word' id='word_1_57' title='bbox 1243 715 1511 760; x_wconf 76' lang='lat' dir='ltr'>reprehensione</span> 
     </span>
    </p>
   </div>
   <div class='ocr_carea' id='block_1_7' title="bbox 839 765 997 799">
    <p class='ocr_par' dir='ltr' id='par_1_7' title="bbox 839 765 997 799">
     <span class='ocr_line' id='line_1_10' title="bbox 839 765 997 799; baseline 0.006 -3"><span class='ocrx_word' id='word_1_58' title='bbox 839 765 944 797; x_wconf 75' lang='lat' dir='ltr'>cludi.</span> <span class='ocrx_word' id='word_1_59' title='bbox 963 766 997 799; x_wconf 81' lang='lat' dir='ltr'>S.</span> 
     </span>
    </p>
   </div>
   <div class='ocr_carea' id='block_1_8' title="bbox 103 656 774 809">
    <p class='ocr_par' dir='ltr' id='par_1_8' title="bbox 103 656 774 809">
     <span class='ocr_line' id='line_1_11' title="bbox 105 656 774 703; baseline 0.006 -15"><span class='ocrx_word' id='word_1_60' title='bbox 105 656 278 702; x_wconf 86' lang='lat' dir='ltr'>Gierigius</span> <span class='ocrx_word' id='word_1_61' title='bbox 296 659 412 691; x_wconf 86' lang='lat' dir='ltr'>nescio</span> <span class='ocrx_word' id='word_1_62' title='bbox 430 657 513 703; x_wconf 84' lang='lat' dir='ltr'>quid</span> <span class='ocrx_word' id='word_1_63' title='bbox 535 659 691 691; x_wconf 75' lang='lat' dir='ltr'>tricatur.</span> <span class='ocrx_word' id='word_1_64' title='bbox 708 659 774 692; x_wconf 78' lang='lat' dir='ltr'>Ad-</span> 
     </span>
     <span class='ocr_line' id='line_1_12' title="bbox 105 708 773 756; baseline 0.003 -15"><span class='ocrx_word' id='word_1_65' title='bbox 105 708 192 741; x_wconf 80' lang='lat' dir='ltr'>didit</span> <span class='ocrx_word' id='word_1_66' title='bbox 218 710 370 750; x_wconf 80' lang='lat' dir='ltr'><strong>Plinius,</strong></span> <span class='ocrx_word' id='word_1_67' title='bbox 392 723 461 755; x_wconf 85' lang='lat' dir='ltr'>qno</span> <span class='ocrx_word' id='word_1_68' title='bbox 487 711 596 755; x_wconf 80' lang='lat' dir='ltr'>inagis</span> <span class='ocrx_word' id='word_1_69' title='bbox 625 713 773 756; x_wconf 67' lang='lat' dir='ltr'>praxims</span> 
     </span>
     <span class='ocr_line' id='line_1_13' title="bbox 103 761 771 809; baseline 0.001 -15"><span class='ocrx_word' id='word_1_70' title='bbox 103 761 161 794; x_wconf 80' lang='lat' dir='ltr'>illa</span> <span class='ocrx_word' id='word_1_71' title='bbox 181 763 443 807; x_wconf 81' lang='lat' dir='ltr'>malignitasque</span> <span class='ocrx_word' id='word_1_72' title='bbox 463 772 655 809; x_wconf 72' lang='lat' dir='ltr'><strong>appareret.</strong></span> <span class='ocrx_word' id='word_1_73' title='bbox 674 763 771 795; x_wconf 76' lang='lat' dir='ltr'>Idem</span> 
     </span>
    </p>
   </div>
   <div class='ocr_carea' id='block_1_9' title="bbox 115 883 1494 905">
    <p class='ocr_par' dir='ltr' id='par_1_9' title="bbox 115 883 1494 905">
     <span class='ocr_line' id='line_1_14' title="bbox 115 883 1494 905; baseline 0.008 -12"><span class='ocrx_word' id='word_1_74' title='bbox 115 883 537 896; x_wconf 52' lang='grc' dir='ltr'>ιιὶιικνικινιιιννινιινι</span> <span class='ocrx_word' id='word_1_75' title='bbox 543 886 742 896; x_wconf 49' lang='lat' dir='ltr'>uxamam-¹2</span> <span class='ocrx_word' id='word_1_76' title='bbox 748 887 803 896; x_wconf 54' lang='grc' dir='ltr'>ιιι</span> <span class='ocrx_word' id='word_1_77' title='bbox 809 887 1209 900; x_wconf 56' lang='grc' dir='ltr'>ιινν-Ἇιινιικιινιῑιιὶ</span> <span class='ocrx_word' id='word_1_78' title='bbox 1214 891 1494 905; x_wconf 48' lang='grc' dir='ltr'>ειη-ιιινικιιιιι</span> 
     </span>
    </p>
   </div>
   <div class='ocr_carea' id='block_1_10' title="bbox 698 1011 895 1067">
    <p class='ocr_par' dir='ltr' id='par_1_10' title="bbox 698 1011 895 1067">
     <span class='ocr_line' id='line_1_15' title="bbox 698 1011 895 1067; baseline 0.01 -2"><span class='ocrx_word' id='word_1_79' title='bbox 698 1011 895 1067; x_wconf 78' lang='lat' dir='ltr'><strong>XVH.</strong></span> 
     </span>
    </p>
   </div>
   <div class='ocr_carea' id='block_1_11' title="bbox 97 1155 1507 1273">
    <p class='ocr_par' dir='ltr' id='par_1_11' title="bbox 97 1155 1507 1273">
     <span class='ocr_line' id='line_1_16' title="bbox 97 1155 1507 1214; baseline 0.008 -23"><span class='ocrx_word' id='word_1_80' title='bbox 97 1155 320 1204; x_wconf 83' lang='lat' dir='ltr'>Capitonem</span> <span class='ocrx_word' id='word_1_81' title='bbox 350 1158 615 1201; x_wconf 83' lang='lat' dir='ltr'>commendat,</span> <span class='ocrx_word' id='word_1_82' title='bbox 651 1158 755 1206; x_wconf 86' lang='lat' dir='ltr'>qnod</span> <span class='ocrx_word' id='word_1_83' title='bbox 785 1168 937 1195; x_wconf 83' lang='lat' dir='ltr'>mortuo</span> <span class='ocrx_word' id='word_1_84' title='bbox 967 1161 1087 1197; x_wconf 71' lang='lat' dir='ltr'>amico</span> <span class='ocrx_word' id='word_1_85' title='bbox 1119 1170 1280 1199; x_wconf 81' lang='lat' dir='ltr'>statuam</span> <span class='ocrx_word' id='word_1_86' title='bbox 1316 1167 1507 1214; x_wconf 79' lang='lat' dir='ltr'>posuerit,</span> 
     </span>
     <span class='ocr_line' id='line_1_17' title="bbox 304 1222 1309 1273; baseline 0.009 -18"><span class='ocrx_word' id='word_1_87' title='bbox 304 1230 339 1256; x_wconf 84' lang='lat' dir='ltr'>et</span> <span class='ocrx_word' id='word_1_88' title='bbox 368 1222 557 1257; x_wconf 79' lang='lat' dir='ltr'>clarorum</span> <span class='ocrx_word' id='word_1_89' title='bbox 588 1222 784 1258; x_wconf 86' lang='lat' dir='ltr'>hominum</span> <span class='ocrx_word' id='word_1_90' title='bbox 816 1223 996 1273; x_wconf 73' lang='lat' dir='ltr'>imagines</span> <span class='ocrx_word' id='word_1_91' title='bbox 1024 1224 1128 1262; x_wconf 85' lang='lat' dir='ltr'>domi</span> <span class='ocrx_word' id='word_1_92' title='bbox 1160 1227 1309 1264; x_wconf 78' lang='lat' dir='ltr'>habeat.</span> 
     </span>
    </p>
   </div>
   <div class='ocr_carea' id='block_1_12' title="bbox 236 1338 1398 1386">
    <p class='ocr_par' dir='ltr' id='par_1_12' title="bbox 236 1338 1398 1386">
     <span class='ocr_line' id='line_1_18' title="bbox 236 1338 1398 1386; baseline 0.009 -11"><span class='ocrx_word' id='word_1_93' title='bbox 236 1348 276 1375; x_wconf 87' lang='lat' dir='ltr'>C.</span> <span class='ocrx_word' id='word_1_94' title='bbox 315 1348 547 1376; x_wconf 74' lang='lat' dir='ltr'>PLINIUS</span> <span class='ocrx_word' id='word_1_95' title='bbox 581 1349 867 1377; x_wconf 85' lang='lat' dir='ltr'>CORNELIO</span> <span class='ocrx_word' id='word_1_96' title='bbox 905 1338 1188 1382; x_wconf 73' lang='lat' dir='ltr'>TITIANO*</span> <span class='ocrx_word' id='word_1_97' title='bbox 1225 1356 1327 1383; x_wconf 69' lang='lat' dir='ltr'>SUO</span> <span class='ocrx_word' id='word_1_98' title='bbox 1364 1359 1398 1386; x_wconf 81' lang='lat' dir='ltr'>S.</span> 
     </span>
    </p>
   </div>
   <div class='ocr_carea' id='block_1_13' title="bbox 95 1453 1508 2179">
    <p class='ocr_par' dir='ltr' id='par_1_13' title="bbox 95 1453 1508 2179">
     <span class='ocr_line' id='line_1_19' title="bbox 162 1453 1507 1526; baseline 0.01 -30"><span class='ocrx_word' id='word_1_99' title='bbox 162 1455 250 1496; x_wconf 83' lang='lat' dir='ltr'>EST</span> <span class='ocrx_word' id='word_1_100' title='bbox 275 1453 417 1495; x_wconf 81' lang='lat' dir='ltr'>adhuc</span> <span class='ocrx_word' id='word_1_101' title='bbox 441 1469 555 1496; x_wconf 59' lang='lat' dir='ltr'>cura),</span> <span class='ocrx_word' id='word_1_102' title='bbox 582 1453 836 1497; x_wconf 87' lang='lat' dir='ltr'>hominibus</span> <span class='ocrx_word' id='word_1_103' title='bbox 864 1455 969 1499; x_wconf 86' lang='lat' dir='ltr'>fides</span> <span class='ocrx_word' id='word_1_104' title='bbox 991 1467 1032 1500; x_wconf 87' lang='lat' dir='ltr'>et</span> <span class='ocrx_word' id='word_1_105' title='bbox 1057 1459 1252 1504; x_wconf 80' lang='lat' dir='ltr'>officium</span> <span class='ocrx_word' id='word_1_106' title='bbox 1274 1479 1282 1505; x_wconf 90' lang='lat'>:</span> <span class='ocrx_word' id='word_1_107' title='bbox 1305 1474 1408 1507; x_wconf 88' lang='lat' dir='ltr'>sunt</span> <span class='ocrx_word' id='word_1_108' title='bbox 1431 1466 1507 1526; x_wconf 86' lang='lat' dir='ltr'>qui</span> 
     </span>
     <span class='ocr_line' id='line_1_20' title="bbox 96 1526 1508 1595; baseline 0.009 -26"><span class='ocrx_word' id='word_1_109' title='bbox 96 1526 406 1570; x_wconf 85' lang='lat' dir='ltr'>defunctorum</span> <span class='ocrx_word' id='word_1_110' title='bbox 426 1543 603 1587; x_wconf 83' lang='lat' dir='ltr'>quoque</span> <span class='ocrx_word' id='word_1_111' title='bbox 624 1528 787 1571; x_wconf 78' lang='lat' dir='ltr'>amicos</span> <span class='ocrx_word' id='word_1_112' title='bbox 806 1539 951 1588; x_wconf 80' lang='lat' dir='ltr'>agant.</span> <span class='ocrx_word' id='word_1_113' title='bbox 970 1532 1159 1576; x_wconf 78' lang='lat' dir='ltr'>Titinius</span> <span class='ocrx_word' id='word_1_114' title='bbox 1181 1535 1338 1595; x_wconf 84' lang='lat' dir='ltr'>Capito</span> <span class='ocrx_word' id='word_1_115' title='bbox 1358 1537 1411 1580; x_wconf 83' lang='lat' dir='ltr'>ab</span> <span class='ocrx_word' id='word_1_116' title='bbox 1432 1538 1508 1581; x_wconf 88' lang='lat' dir='ltr'>im-</span> 
     </span>
     <span class='ocr_line' id='line_1_21' title="bbox 98 1601 1507 1672; baseline 0.01 -31"><span class='ocrx_word' id='word_1_117' title='bbox 98 1609 299 1659; x_wconf 82' lang='lat' dir='ltr'>peratore</span> <span class='ocrx_word' id='word_1_118' title='bbox 318 1609 468 1643; x_wconf 85' lang='lat' dir='ltr'>nostro</span> <span class='ocrx_word' id='word_1_119' title='bbox 491 1601 766 1659; x_wconf 71' lang='lat' dir='ltr'>impetravit,</span> <span class='ocrx_word' id='word_1_120' title='bbox 791 1611 838 1644; x_wconf 90' lang='lat' dir='ltr'>ut</span> <span class='ocrx_word' id='word_1_121' title='bbox 863 1602 942 1644; x_wconf 88' lang='lat' dir='ltr'>sibi</span> <span class='ocrx_word' id='word_1_122' title='bbox 966 1602 1115 1648; x_wconf 88' lang='lat' dir='ltr'>liceret</span> <span class='ocrx_word' id='word_1_123' title='bbox 1139 1616 1326 1651; x_wconf 86' lang='lat' dir='ltr'>statuam</span> <span class='ocrx_word' id='word_1_124' title='bbox 1348 1611 1398 1654; x_wconf 92' lang='lat' dir='ltr'>L.</span> <span class='ocrx_word' id='word_1_125' title='bbox 1421 1611 1507 1672; x_wconf 83' lang='lat' dir='ltr'>Syl-</span> 
     </span>
     <span class='ocr_line' id='line_1_22' title="bbox 98 1672 1505 1743; baseline 0.009 -28"><span class='ocrx_word' id='word_1_126' title='bbox 98 1672 184 1716; x_wconf 82' lang='lat' dir='ltr'>lani</span> <span class='ocrx_word' id='word_1_127' title='bbox 212 1674 255 1716; x_wconf 90' lang='lat' dir='ltr'>in</span> <span class='ocrx_word' id='word_1_128' title='bbox 283 1673 377 1716; x_wconf 85' lang='lat' dir='ltr'>foro</span> <span class='ocrx_word' id='word_1_129' title='bbox 404 1689 582 1733; x_wconf 87' lang='lat' dir='ltr'>ponere.</span> <span class='ocrx_word' id='word_1_130' title='bbox 612 1673 852 1718; x_wconf 87' lang='lat' dir='ltr'>Pulchrum</span> <span class='ocrx_word' id='word_1_131' title='bbox 880 1686 923 1719; x_wconf 93' lang='lat' dir='ltr'>et</span> <span class='ocrx_word' id='word_1_132' title='bbox 950 1694 1108 1738; x_wconf 79' lang='lat' dir='ltr'>magna</span> <span class='ocrx_word' id='word_1_133' title='bbox 1136 1679 1263 1724; x_wconf 85' lang='lat' dir='ltr'>laude</span> <span class='ocrx_word' id='word_1_134' title='bbox 1292 1682 1471 1743; x_wconf 83' lang='lat' dir='ltr'>dignum</span> <span class='ocrx_word' id='word_1_135' title='bbox 1495 1721 1505 1739; x_wconf 84' lang='lat'><strong>‚</strong></span> 
     </span>
     <span class='ocr_line' id='line_1_23' title="bbox 95 1745 1507 1813; baseline 0.011 -26"><span class='ocrx_word' id='word_1_136' title='bbox 95 1745 289 1789; x_wconf 76' lang='lat' dir='ltr'>amicitia</span> <span class='ocrx_word' id='word_1_137' title='bbox 313 1747 526 1806; x_wconf 81' lang='lat' dir='ltr'>principis</span> <span class='ocrx_word' id='word_1_138' title='bbox 553 1748 598 1789; x_wconf 93' lang='grc'>111</span> <span class='ocrx_word' id='word_1_139' title='bbox 625 1747 709 1790; x_wconf 89' lang='lat' dir='ltr'>hoc</span> <span class='ocrx_word' id='word_1_140' title='bbox 737 1749 820 1801; x_wconf 81' lang='lat' dir='ltr'>uti,</span> <span class='ocrx_word' id='word_1_141' title='bbox 847 1760 1152 1812; x_wconf 83' lang='lat' dir='ltr'>quantumque</span> <span class='ocrx_word' id='word_1_142' title='bbox 1180 1756 1318 1813; x_wconf 79' lang='lat' dir='ltr'>gratia</span> <span class='ocrx_word' id='word_1_143' title='bbox 1345 1757 1507 1813; x_wconf 79' lang='lat' dir='ltr'>valeas,</span> 
     </span>
     <span class='ocr_line' id='line_1_24' title="bbox 97 1818 1505 1886; baseline 0.009 -25"><span class='ocrx_word' id='word_1_144' title='bbox 97 1818 284 1862; x_wconf 80' lang='lat' dir='ltr'>aliorum</span> <span class='ocrx_word' id='word_1_145' title='bbox 311 1818 554 1862; x_wconf 88' lang='lat' dir='ltr'>honoribus</span> <span class='ocrx_word' id='word_1_146' title='bbox 581 1818 789 1880; x_wconf 73' lang='lat' dir='ltr'>experiri!</span> <span class='ocrx_word' id='word_1_147' title='bbox 815 1822 891 1864; x_wconf 85' lang='lat' dir='ltr'>Est</span> <span class='ocrx_word' id='word_1_148' title='bbox 917 1825 1099 1867; x_wconf 88' lang='lat' dir='ltr'>omnino</span> <span class='ocrx_word' id='word_1_149' title='bbox 1125 1827 1333 1886; x_wconf 84' lang='lat' dir='ltr'>Capitoni</span> <span class='ocrx_word' id='word_1_150' title='bbox 1359 1830 1402 1873; x_wconf 88' lang='lat' dir='ltr'>in</span> <span class='ocrx_word' id='word_1_151' title='bbox 1424 1847 1505 1874; x_wconf 91' lang='lat' dir='ltr'>usu</span> 
     </span>
     <span class='ocr_line' id='line_1_25' title="bbox 95 1892 1505 1962; baseline 0.009 -27"><span class='ocrx_word' id='word_1_152' title='bbox 95 1892 236 1936; x_wconf 86' lang='lat' dir='ltr'>claros</span> <span class='ocrx_word' id='word_1_153' title='bbox 264 1894 381 1936; x_wconf 82' lang='lat' dir='ltr'>viros</span> <span class='ocrx_word' id='word_1_154' title='bbox 411 1892 553 1936; x_wconf 88' lang='lat' dir='ltr'>colere</span> <span class='ocrx_word' id='word_1_155' title='bbox 576 1909 585 1937; x_wconf 95' lang='lat'><strong>:</strong></span> <span class='ocrx_word' id='word_1_156' title='bbox 614 1893 774 1937; x_wconf 84' lang='lat' dir='ltr'>mirum</span> <span class='ocrx_word' id='word_1_157' title='bbox 807 1904 900 1950; x_wconf 80' lang='lat' dir='ltr'>est,</span> <span class='ocrx_word' id='word_1_158' title='bbox 927 1913 1013 1956; x_wconf 85' lang='lat' dir='ltr'>qua</span> <span class='ocrx_word' id='word_1_159' title='bbox 1038 1897 1248 1958; x_wconf 81' lang='lat' dir='ltr'>religione</span> <span class='ocrx_word' id='word_1_160' title='bbox 1266 1936 1276 1956; x_wconf 71' lang='grc'>,</span> <span class='ocrx_word' id='word_1_161' title='bbox 1300 1918 1387 1962; x_wconf 88' lang='lat' dir='ltr'>quo</span> <span class='ocrx_word' id='word_1_162' title='bbox 1417 1914 1505 1948; x_wconf 88' lang='lat' dir='ltr'>stu-</span> 
     </span>
     <span class='ocr_line' id='line_1_26' title="bbox 96 1966 1506 2030; baseline 0.009 -21"><span class='ocrx_word' id='word_1_163' title='bbox 96 1966 196 2020; x_wconf 77' lang='lat' dir='ltr'>dio,</span> <span class='ocrx_word' id='word_1_164' title='bbox 224 1967 437 2027; x_wconf 78' lang='lat' dir='ltr'>imagines</span> <span class='ocrx_word' id='word_1_165' title='bbox 469 1969 734 2021; x_wconf 84' lang='lat' dir='ltr'>Brutorum,</span> <span class='ocrx_word' id='word_1_166' title='bbox 767 1969 1017 2013; x_wconf 82' lang='lat' dir='ltr'>Cassiorum</span> <span class='ocrx_word' id='word_1_167' title='bbox 1035 2006 1046 2021; x_wconf 80' lang='grc'>,</span> <span class='ocrx_word' id='word_1_168' title='bbox 1074 1973 1298 2018; x_wconf 84' lang='lat' dir='ltr'>Catonum</span> <span class='ocrx_word' id='word_1_169' title='bbox 1319 2010 1330 2029; x_wconf 78' lang='lat'>‚</span> <span class='ocrx_word' id='word_1_170' title='bbox 1366 1976 1506 2030; x_wconf 77' lang='lat' dir='ltr'>domi,</span> 
     </span>
     <span class='ocr_line' id='line_1_27' title="bbox 96 2040 1505 2112; baseline 0.009 -30"><span class='ocrx_word' id='word_1_171' title='bbox 96 2040 170 2083; x_wconf 91' lang='lat' dir='ltr'>ubi</span> <span class='ocrx_word' id='word_1_172' title='bbox 198 2049 363 2100; x_wconf 72' lang='lat' dir='ltr'>potest,</span> <span class='ocrx_word' id='word_1_173' title='bbox 390 2040 563 2084; x_wconf 78' lang='lat' dir='ltr'>habeat.</span> <span class='ocrx_word' id='word_1_174' title='bbox 590 2040 711 2084; x_wconf 82' lang='lat' dir='ltr'>Idem</span> <span class='ocrx_word' id='word_1_175' title='bbox 739 2040 964 2086; x_wconf 84' lang='lat' dir='ltr'>clarissimi</span> <span class='ocrx_word' id='word_1_176' title='bbox 991 2046 1203 2107; x_wconf 82' lang='lat' dir='ltr'>cujusque</span> <span class='ocrx_word' id='word_1_177' title='bbox 1227 2049 1361 2093; x_wconf 83' lang='lat' dir='ltr'>vitam</span> <span class='ocrx_word' id='word_1_178' title='bbox 1385 2067 1505 2112; x_wconf 82' lang='lat' dir='ltr'>egre-</span> 
     </span>
     <span class='ocr_line' id='line_1_28' title="bbox 97 2114 1504 2179; baseline 0.01 -24"><span class='ocrx_word' id='word_1_179' title='bbox 97 2114 176 2172; x_wconf 80' lang='lat' dir='ltr'>giis</span> <span class='ocrx_word' id='word_1_180' title='bbox 203 2114 471 2157; x_wconf 85' lang='lat' dir='ltr'>carminibus</span> <span class='ocrx_word' id='word_1_181' title='bbox 500 2125 694 2158; x_wconf 77' lang='lat' dir='ltr'>exornat.</span> <span class='ocrx_word' id='word_1_182' title='bbox 726 2116 844 2159; x_wconf 82' lang='lat' dir='ltr'>Sciat</span> <span class='ocrx_word' id='word_1_183' title='bbox 872 2118 1015 2177; x_wconf 87' lang='lat' dir='ltr'>ipsum</span> <span class='ocrx_word' id='word_1_184' title='bbox 1045 2118 1244 2179; x_wconf 82' lang='lat' dir='ltr'>pluribus</span> <span class='ocrx_word' id='word_1_185' title='bbox 1270 2124 1504 2169; x_wconf 85' lang='lat' dir='ltr'>virtutibus</span> 
     </span>
    </p>
   </div>
   <div class='ocr_carea' id='block_1_14' title="bbox 96 2234 768 2320">
    <p class='ocr_par' dir='ltr' id='par_1_14' title="bbox 96 2234 768 2320">
     <span class='ocr_line' id='line_1_29' title="bbox 142 2234 768 2268; baseline 0.003 -2"><span class='ocrx_word' id='word_1_186' title='bbox 142 2234 256 2266; x_wconf 84' lang='lat' dir='ltr'>XVII.</span> <span class='ocrx_word' id='word_1_187' title='bbox 277 2234 292 2249; x_wconf 60' lang='lat'>&#39;³</span> <span class='ocrx_word' id='word_1_188' title='bbox 313 2236 451 2266; x_wconf 79' lang='lat' dir='ltr'>Titiano.</span> <span class='ocrx_word' id='word_1_189' title='bbox 479 2235 520 2266; x_wconf 89' lang='lat' dir='ltr'>In</span> <span class='ocrx_word' id='word_1_190' title='bbox 541 2234 608 2267; x_wconf 78' lang='lat' dir='ltr'>hoc</span> <span class='ocrx_word' id='word_1_191' title='bbox 627 2236 768 2268; x_wconf 86' lang='lat' dir='ltr'>nomine</span> 
     </span>
     <span class='ocr_line' id='line_1_30' title="bbox 96 2285 555 2320; baseline 0.004 -2"><span class='ocrx_word' id='word_1_192' title='bbox 96 2285 197 2319; x_wconf 70' lang='lat' dir='ltr'>&#39;valde</span> <span class='ocrx_word' id='word_1_193' title='bbox 218 2286 355 2319; x_wconf 81' lang='lat' dir='ltr'>variant</span> <span class='ocrx_word' id='word_1_194' title='bbox 374 2287 470 2320; x_wconf 86' lang='lat' dir='ltr'><strong>MSS.</strong></span> <span class='ocrx_word' id='word_1_195' title='bbox 490 2287 555 2320; x_wconf 81' lang='lat' dir='ltr'>En.</span> 
     </span>
    </p>
   </div>
   <div class='ocr_carea' id='block_1_15' title="bbox 833 2239 1505 2337">
    <p class='ocr_par' dir='ltr' id='par_1_15' title="bbox 833 2239 1505 2337">
     <span class='ocr_line' id='line_1_31' title="bbox 834 2239 1505 2283; baseline 0.016 -15"><span class='ocrx_word' id='word_1_196' title='bbox 834 2250 868 2282; x_wconf 90' lang='lat' dir='ltr'>p.</span> <span class='ocrx_word' id='word_1_197' title='bbox 893 2240 956 2270; x_wconf 73' lang='lat'>216</span> <span class='ocrx_word' id='word_1_198' title='bbox 971 2262 979 2277; x_wconf 92' lang='lat'>,</span> <span class='ocrx_word' id='word_1_199' title='bbox 1000 2239 1060 2283; x_wconf 89' lang='lat' dir='ltr'>qui</span> <span class='ocrx_word' id='word_1_200' title='bbox 1078 2239 1302 2275; x_wconf 77' lang='lat' dir='ltr'>Graecismum</span> <span class='ocrx_word' id='word_1_201' title='bbox 1323 2256 1396 2277; x_wconf 86' lang='lat' dir='ltr'>esse</span> <span class='ocrx_word' id='word_1_202' title='bbox 1417 2246 1505 2279; x_wconf 87' lang='lat' dir='ltr'>bene</span> 
     </span>
     <span class='ocr_line' id='line_1_32' title="bbox 833 2292 1500 2337; baseline 0.019 -15"><span class='ocrx_word' id='word_1_203' title='bbox 833 2292 980 2324; x_wconf 84' lang='lat' dir='ltr'>monuit.</span> <span class='ocrx_word' id='word_1_204' title='bbox 1001 2293 1055 2326; x_wconf 87' lang='lat' dir='ltr'>Sic</span> <span class='ocrx_word' id='word_1_205' title='bbox 1075 2294 1167 2326; x_wconf 86' lang='lat' dir='ltr'>enim</span> <span class='ocrx_word' id='word_1_206' title='bbox 1186 2295 1297 2329; x_wconf 81' lang='lat' dir='ltr'>Graeci</span> <span class='ocrx_word' id='word_1_207' title='bbox 1319 2300 1361 2337; x_wconf 80' lang='grc' dir='ltr'>εἰς</span> <span class='ocrx_word' id='word_1_208' title='bbox 1384 2305 1478 2334; x_wconf 72' lang='grc' dir='ltr'>τοῦτο</span> <span class='ocrx_word' id='word_1_209' title='bbox 1492 2325 1500 2335; x_wconf 78' lang='grc'><em>.</em></span> 
     </span>
    </p>
   </div>
   <div class='ocr_carea' id='block_1_16' title="bbox 94 2339 768 2753">
    <p class='ocr_par' dir='ltr' id='par_1_16' title="bbox 94 2339 768 2753">
     <span class='ocr_line' id='line_1_33' title="bbox 146 2339 767 2386; baseline 0.003 -14"><span class='ocrx_word' id='word_1_210' title='bbox 146 2352 176 2372; x_wconf 83' lang='grc'>1.</span> <span class='ocrx_word' id='word_1_211' title='bbox 198 2341 395 2382; x_wconf 79' lang='lat' dir='ltr'>Impetravic.</span> <span class='ocrx_word' id='word_1_212' title='bbox 421 2339 498 2371; x_wconf 86' lang='lat' dir='ltr'>Jam</span> <span class='ocrx_word' id='word_1_213' title='bbox 524 2340 682 2386; x_wconf 82' lang='lat' dir='ltr'>Caligula</span> <span class='ocrx_word' id='word_1_214' title='bbox 708 2341 767 2374; x_wconf 81' lang='lat' dir='ltr'>de-</span> 
     </span>
     <span class='ocr_line' id='line_1_34' title="bbox 94 2391 768 2433; baseline 0.001 -7"><span class='ocrx_word' id='word_1_215' title='bbox 94 2401 190 2426; x_wconf 86' lang='lat' dir='ltr'>creto</span> <span class='ocrx_word' id='word_1_216' title='bbox 204 2391 379 2425; x_wconf 79' lang='lat' dir='ltr'>interdixit</span> <span class='ocrx_word' id='word_1_217' title='bbox 393 2405 436 2425; x_wconf 88' lang='lat' dir='ltr'>ne</span> <span class='ocrx_word' id='word_1_218' title='bbox 452 2392 589 2433; x_wconf 87' lang='lat' dir='ltr'>liceret,</span> <span class='ocrx_word' id='word_1_219' title='bbox 606 2394 671 2426; x_wconf 86' lang='lat' dir='ltr'>nisi</span> <span class='ocrx_word' id='word_1_220' title='bbox 688 2407 768 2428; x_wconf 90' lang='lat' dir='ltr'>con-</span> 
     </span>
     <span class='ocr_line' id='line_1_35' title="bbox 96 2445 766 2491; baseline 0.004 -14"><span class='ocrx_word' id='word_1_221' title='bbox 96 2446 184 2478; x_wconf 77' lang='lat' dir='ltr'>sulto</span> <span class='ocrx_word' id='word_1_222' title='bbox 218 2453 251 2477; x_wconf 84' lang='lat' dir='ltr'>et</span> <span class='ocrx_word' id='word_1_223' title='bbox 279 2452 418 2478; x_wconf 83' lang='lat' dir='ltr'>auctore</span> <span class='ocrx_word' id='word_1_224' title='bbox 448 2445 605 2486; x_wconf 80' lang='lat' dir='ltr'>Caesare‚</span> <span class='ocrx_word' id='word_1_225' title='bbox 630 2448 766 2491; x_wconf 81' lang='lat' dir='ltr'>privato</span> 
     </span>
     <span class='ocr_line' id='line_1_36' title="bbox 96 2497 765 2544; baseline 0.004 -14"><span class='ocrx_word' id='word_1_226' title='bbox 96 2506 244 2532; x_wconf 77' lang='lat' dir='ltr'>statuam</span> <span class='ocrx_word' id='word_1_227' title='bbox 252 2498 479 2544; x_wconf 87' lang='lat' dir='ltr'>ponere.Quae</span> <span class='ocrx_word' id='word_1_228' title='bbox 488 2497 539 2531; x_wconf 83' lang='lat' dir='ltr'>lex</span> <span class='ocrx_word' id='word_1_229' title='bbox 546 2499 653 2532; x_wconf 84' lang='lat' dir='ltr'>valuit</span> <span class='ocrx_word' id='word_1_230' title='bbox 664 2500 765 2533; x_wconf 80' lang='lat' dir='ltr'>etiam</span> 
     </span>
     <span class='ocr_line' id='line_1_37' title="bbox 94 2552 763 2597; baseline 0.003 -14"><span class='ocrx_word' id='word_1_231' title='bbox 94 2552 237 2597; x_wconf 79' lang='lat' dir='ltr'>Trajani</span> <span class='ocrx_word' id='word_1_232' title='bbox 255 2552 480 2597; x_wconf 86' lang='lat' dir='ltr'>temporibus.</span> <span class='ocrx_word' id='word_1_233' title='bbox 496 2552 561 2584; x_wconf 81' lang='lat' dir='ltr'>En.</span> <span class='ocrx_word' id='word_1_234' title='bbox 576 2573 621 2577; x_wconf 90' lang='lat'>—</span> <span class='ocrx_word' id='word_1_235' title='bbox 636 2557 674 2584; x_wconf 83' lang='lat' dir='ltr'>In</span> <span class='ocrx_word' id='word_1_236' title='bbox 692 2555 763 2586; x_wconf 81' lang='lat' dir='ltr'>lzoc.</span> 
     </span>
     <span class='ocr_line' id='line_1_38' title="bbox 98 2604 763 2649; baseline 0.006 -14"><span class='ocrx_word' id='word_1_237' title='bbox 98 2604 209 2649; x_wconf 84' lang='lat' dir='ltr'>Hujus</span> <span class='ocrx_word' id='word_1_238' title='bbox 234 2605 284 2637; x_wconf 89' lang='lat' dir='ltr'>rei</span> <span class='ocrx_word' id='word_1_239' title='bbox 302 2617 444 2644; x_wconf 83' lang='lat' dir='ltr'>caussa,</span> <span class='ocrx_word' id='word_1_240' title='bbox 466 2605 500 2637; x_wconf 86' lang='lat' dir='ltr'>in</span> <span class='ocrx_word' id='word_1_241' title='bbox 524 2604 617 2637; x_wconf 86' lang='lat' dir='ltr'>hunc</span> <span class='ocrx_word' id='word_1_242' title='bbox 645 2605 763 2639; x_wconf 84' lang='lat' dir='ltr'>finem.</span> 
     </span>
     <span class='ocr_line' id='line_1_39' title="bbox 97 2656 766 2702; baseline 0.004 -14"><span class='ocrx_word' id='word_1_243' title='bbox 97 2656 188 2689; x_wconf 79' lang='lat' dir='ltr'>Vide</span> <span class='ocrx_word' id='word_1_244' title='bbox 205 2658 388 2702; x_wconf 83' lang='lat' dir='ltr'>Interpret.</span> <span class='ocrx_word' id='word_1_245' title='bbox 407 2657 452 2691; x_wconf 87' lang='lat' dir='ltr'>ad</span> <span class='ocrx_word' id='word_1_246' title='bbox 465 2657 600 2690; x_wconf 71' lang='lat' dir='ltr'>Phaedr.</span> <span class='ocrx_word' id='word_1_247' title='bbox 621 2658 667 2697; x_wconf 89' lang='lat' dir='ltr'>V,</span> <span class='ocrx_word' id='word_1_248' title='bbox 685 2659 766 2691; x_wconf 77' lang='lat' dir='ltr'>Pro-</span> 
     </span>
     <span class='ocr_line' id='line_1_40' title="bbox 96 2709 764 2753; baseline 0.006 -13"><span class='ocrx_word' id='word_1_249' title='bbox 96 2710 165 2753; x_wconf 70' lang='lat' dir='ltr'>tog.</span> <span class='ocrx_word' id='word_1_250' title='bbox 188 2722 273 2742; x_wconf 74' lang='lat' dir='ltr'>vers.</span> <span class='ocrx_word' id='word_1_251' title='bbox 299 2723 315 2742; x_wconf 80' lang='lat'>2</span> <span class='ocrx_word' id='word_1_252' title='bbox 330 2734 340 2749; x_wconf 88' lang='lat'><em>‚</em></span> <span class='ocrx_word' id='word_1_253' title='bbox 363 2710 545 2744; x_wconf 71' lang='lat' dir='ltr'>Ruhnkc-n.</span> <span class='ocrx_word' id='word_1_254' title='bbox 573 2709 614 2742; x_wconf 80' lang='lat' dir='ltr'>ad</span> <span class='ocrx_word' id='word_1_255' title='bbox 643 2711 764 2744; x_wconf 68' lang='lat' dir='ltr'>velivi.</span> 
     </span>
    </p>
   </div>
   <div class='ocr_carea' id='block_1_17' title="bbox 832 2345 1503 2751">
    <p class='ocr_par' dir='ltr' id='par_1_17' title="bbox 832 2345 1503 2488">
     <span class='ocr_line' id='line_1_41' title="bbox 833 2345 1503 2394; baseline 0.01 -17"><span class='ocrx_word' id='word_1_256' title='bbox 833 2345 875 2383; x_wconf 80' lang='grc' dir='ltr'>εἷς</span> <span class='ocrx_word' id='word_1_257' title='bbox 893 2347 942 2385; x_wconf 80' lang='grc' dir='ltr'>τί,</span> <span class='ocrx_word' id='word_1_258' title='bbox 962 2352 1027 2378; x_wconf 84' lang='lat' dir='ltr'>etc.</span> <span class='ocrx_word' id='word_1_259' title='bbox 1043 2346 1076 2379; x_wconf 91' lang='lat' dir='ltr'>S.</span> <span class='ocrx_word' id='word_1_260' title='bbox 1094 2367 1138 2371; x_wconf 87' lang='lat'>-—</span> <span class='ocrx_word' id='word_1_261' title='bbox 1157 2351 1381 2393; x_wconf 77' lang='lat' dir='ltr'>Quantumque</span> <span class='ocrx_word' id='word_1_262' title='bbox 1392 2355 1503 2394; x_wconf 73' lang='lat' dir='ltr'>gracia</span> 
     </span>
     <span class='ocr_line' id='line_1_42' title="bbox 832 2399 1501 2446; baseline 0.015 -19"><span class='ocrx_word' id='word_1_263' title='bbox 832 2399 958 2430; x_wconf 65' lang='lat' dir='ltr'>maleas.</span> <span class='ocrx_word' id='word_1_264' title='bbox 974 2399 1072 2431; x_wconf 85' lang='lat' dir='ltr'>Rom.</span> <span class='ocrx_word' id='word_1_265' title='bbox 1090 2402 1501 2446; x_wconf 76' lang='lat' dir='ltr'>Quantumcumquegratia</span> 
     </span>
     <span class='ocr_line' id='line_1_43' title="bbox 832 2451 1183 2488; baseline 0.017 -9"><span class='ocrx_word' id='word_1_266' title='bbox 832 2452 945 2481; x_wconf 64' lang='lat' dir='ltr'>valeas</span> <span class='ocrx_word' id='word_1_267' title='bbox 960 2476 968 2488; x_wconf 79' lang='lat'><strong>‚</strong></span> <span class='ocrx_word' id='word_1_268' title='bbox 986 2451 1119 2485; x_wconf 81' lang='lat' dir='ltr'>vitiose.</span> <span class='ocrx_word' id='word_1_269' title='bbox 1140 2452 1183 2485; x_wconf 84' lang='lat' dir='ltr'>H.</span> 
     </span>
    </p>

    <p class='ocr_par' dir='ltr' id='par_1_18' title="bbox 833 2505 1503 2751">
     <span class='ocr_line' id='line_1_44' title="bbox 881 2505 1502 2553; baseline 0.014 -20"><span class='ocrx_word' id='word_1_270' title='bbox 881 2505 912 2534; x_wconf 78' lang='lat'>3.</span> <span class='ocrx_word' id='word_1_271' title='bbox 934 2506 1050 2542; x_wconf 84' lang='lat' dir='ltr'>Domi,</span> <span class='ocrx_word' id='word_1_272' title='bbox 1079 2508 1133 2536; x_wconf 81' lang='lat' dir='ltr'>ubi</span> <span class='ocrx_word' id='word_1_273' title='bbox 1149 2516 1268 2548; x_wconf 77' lang='lat' dir='ltr'>potest.</span> <span class='ocrx_word' id='word_1_274' title='bbox 1297 2508 1338 2540; x_wconf 91' lang='lat' dir='ltr'>ln</span> <span class='ocrx_word' id='word_1_275' title='bbox 1364 2509 1502 2553; x_wconf 81' lang='lat' dir='ltr'>publico</span> 
     </span>
     <span class='ocr_line' id='line_1_45' title="bbox 834 2555 1503 2607; baseline 0.013 -21"><span class='ocrx_word' id='word_1_276' title='bbox 834 2555 925 2587; x_wconf 84' lang='lat' dir='ltr'>enirn</span> <span class='ocrx_word' id='word_1_277' title='bbox 944 2568 1015 2589; x_wconf 88' lang='lat' dir='ltr'>non</span> <span class='ocrx_word' id='word_1_278' title='bbox 1036 2565 1150 2602; x_wconf 85' lang='lat' dir='ltr'>potest</span> <span class='ocrx_word' id='word_1_279' title='bbox 1168 2584 1177 2598; x_wconf 84' lang='lat'>‚</span> <span class='ocrx_word' id='word_1_280' title='bbox 1196 2559 1290 2603; x_wconf 86' lang='lat' dir='ltr'>quod</span> <span class='ocrx_word' id='word_1_281' title='bbox 1316 2562 1503 2607; x_wconf 82' lang='lat' dir='ltr'>majestatis</span> 
     </span>
     <span class='ocr_line' id='line_1_46' title="bbox 833 2608 1503 2655; baseline 0.012 -15"><span class='ocrx_word' id='word_1_282' title='bbox 833 2608 962 2641; x_wconf 85' lang='lat' dir='ltr'>crimen</span> <span class='ocrx_word' id='word_1_283' title='bbox 988 2609 1245 2655; x_wconf 79' lang='lat' dir='ltr'>interpretaturi</span> <span class='ocrx_word' id='word_1_284' title='bbox 1276 2613 1419 2647; x_wconf 74' lang='lat' dir='ltr'>fuissent</span> <span class='ocrx_word' id='word_1_285' title='bbox 1444 2615 1503 2648; x_wconf 85' lang='lat' dir='ltr'>im-</span> 
     </span>
     <span class='ocr_line' id='line_1_47' title="bbox 834 2664 1500 2703; baseline 0.014 -12"><span class='ocrx_word' id='word_1_286' title='bbox 834 2668 1006 2703; x_wconf 81' lang='lat' dir='ltr'>peratores</span> <span class='ocrx_word' id='word_1_287' title='bbox 1027 2687 1035 2701; x_wconf 88' lang='lat'><em>‚</em></span> <span class='ocrx_word' id='word_1_288' title='bbox 1073 2664 1247 2696; x_wconf 72' lang='lat' dir='ltr'>Caesarum</span> <span class='ocrx_word' id='word_1_289' title='bbox 1283 2665 1438 2699; x_wconf 75' lang='lat' dir='ltr'>inimicos</span> <span class='ocrx_word' id='word_1_290' title='bbox 1471 2675 1500 2700; x_wconf 64' lang='lat' dir='ltr'>e?</span> 
     </span>
     <span class='ocr_line' id='line_1_48' title="bbox 834 2713 1291 2751; baseline 0.018 -8"><span class='ocrx_word' id='word_1_291' title='bbox 834 2713 1067 2747; x_wconf 70' lang='lat' dir='ltr'>interfectores</span> <span class='ocrx_word' id='word_1_292' title='bbox 1088 2716 1130 2748; x_wconf 71' lang='lat' dir='ltr'>im</span> <span class='ocrx_word' id='word_1_293' title='bbox 1154 2717 1230 2750; x_wconf 75' lang='lat' dir='ltr'>coli.</span> <span class='ocrx_word' id='word_1_294' title='bbox 1249 2718 1291 2751; x_wconf 78' lang='lat' dir='ltr'>G.</span> 
     </span>
    </p>
   </div>
  </div>
 </body>
</html>
