1742 2989
173 196 256 242 130

581 200 628 241 C.
666 198 891 243 PLINII
926 200 1051 242 LIB.
1090 201 1153 242 ΙΙ.

168 341 287 352 mm
292 341 346 352 ιιι-ι
354 341 406 352 Μ
412 341 1561 355 mvxuvwmummmmmmmwmnmusmmmmmmm

745 474 977 530 XVIII.

159 611 374 658 Promittit‚
403 625 441 649 se
477 613 601 649 fratris
627 611 789 648 Maurici
818 611 902 648 filiis
929 617 1205 661 praeceptorem
1236 610 1446 647 electurum
1475 622 1568 647 esse.

211 677 321 714 Prior
345 689 434 727 pars
455 676 624 727 epistolae
648 675 813 725 plurima
836 674 1021 712 suavitate
1044 687 1082 710 sc
1106 673 1366 720 commendat,
1382 674 1571 723 posterior

209 742 315 791 gravi
337 750 373 778 et
392 741 456 792 pio
478 753 601 777 sensu.
625 742 694 777 En.

439 889 476 916 c,
516 887 743 917 PLINIUS
778 869 1083 914 MAURICO*
1117 884 1219 913 suo
1251 885 1283 913 s.

221 1014 365 1070 QUID
392 1028 416 1055 a
451 1021 494 1054 te
523 1009 763 1071 jucundius
799 1008 909 1053 mihi
948 1010 1094 1070 potuit
1126 1009 1325 1070 injungi,
1351 1024 1485 1069 quam
1522 1019 1570 1053 ut

156 1096 472 1148 praeceptorem
496 1083 642 1128 fratris
668 1084 733 1127 tui
759 1082 908 1127 liberis
931 1082 1205 1144 quaererem?
1229 1099 1331 1126 nam
1355 1082 1573 1127 beneficio

155 1170 232 1205 tuo
262 1162 307 1204 in
334 1158 529 1204 scholam
562 1158 693 1202 redeo
721 1175 728 1200 :

152 1251 340 1279 resumo.
380 1232 519 1278 Sedeo
555 1233 669 1276 inter
696 1232 905 1291 juvenes,
932 1240 981 1274 ut
1012 1229 1205 1274 solebam
1232 1247 1241 1273 ι

757 1156 875 1201 illam
913 1156 1207 1201 dulcissimam
1241 1166 1412 1201 aetatem
1445 1157 1570 1216 quasi

1276 1239 1408 1290 atque
1437 1228 1569 1272 etiam

152 1308 382 1368 experior,
407 1315 623 1367 quantum
650 1304 767 1365 apud
792 1303 888 1347 illos
921 1303 1197 1347 auctoritatis
1223 1319 1275 1346 ex
1308 1301 1463 1346 studiis
1487 1301 1572 1344 ha-

110 1405 127 1424 2
152 1380 307 1423 beam:
332 1395 434 1422 nam
464 1379 663 1439 proxime
696 1377 915 1437 frequenti
948 1376 1169 1420 auditorio
1204 1377 1320 1419 inter
1347 1390 1392 1419 se
1423 1390 1570 1419 coram

152 1452 302 1497 multis
329 1452 495 1496 ordinis
527 1451 665 1495 nostri
703 1449 818 1494 clare
847 1449 1176 1509 loquebantur:
1211 1448 1397 1503 intravi,
1425 1447 1572 1491 conti-

154 1535 353 1571 cuerunt.
384 1524 520 1583 Quod
548 1540 639 1567 non
665 1522 898 1578 referrem,
926 1523 1008 1565 nisi
1035 1522 1090 1565 ad
1114 1520 1290 1565 illorum
1308 1521 1448 1581 magis
1474 1519 1572 1563 lau-

95 1608 100 1617 ‘
154 1598 283 1653 dem,
311 1615 444 1659 quam
483 1596 538 1640 ad
581 1612 723 1640 meam
749 1631 759 1651 ⁷
800 1596 1073 1656 pertineret:
1112 1611 1163 1638 ac
1197 1594 1281 1638 nisi
1322 1609 1498 1654 sperare
1530 1602 1572 1636 te

111 1680 131 1713 3
155 1672 336 1727 vellem,
364 1687 491 1732 posse
519 1669 666 1713 fratris
692 1670 757 1712 tui
789 1668 900 1712 filios
923 1668 1061 1728 probe
1085 1667 1263 1711 discere.
1285 1666 1419 1723 Quod
1439 1682 1573 1726 supe-

108 1803 111 1806 Α
156 1755 264 1801 rest,
302 1761 437 1806 quum
479 1759 657 1792 omnes,
693 1743 767 1802 qui
804 1741 1104 1802 profitentur,
1133 1735 1342 1793 audiero‘⁷
1368 1739 1476 1799 quid
1518 1738 1571 1781 de

200 1872 336 1906 XVIII.
355 1873 369 1888 *
384 1874 493 1906 Inscl'.
527 1873 686 1902 Jqurico.
721 1871 769 1903 Ita
798 1877 829 1903 et

153 1928 253 1960 Rom.
268 1927 313 1959 H.

205 1992 233 2012 1.
253 1981 339 2021 Quid
354 1992 375 2010 (ι
392 1988 422 2010 ce
430 1979 607 2022 jucundius
624 1978 711 2008 mihi.
729 1976 827 2007 Rom.

157 2034 244 2074 Quid
255 2045 276 2063 a
294 2041 324 2063 te
337 2031 607 2074 mihijucundius.
622 2029 666 2061 Η.
676 2029 828 2061 —Hunc

155 2084 315 2118 ordinem
335 2096 375 2116 ex
393 2083 490 2115 libris
507 2095 527 2115 a
547 2081 664 2115 Cortio
690 2081 828 2115 restitu-

154 2145 229 2170 tum
245 2143 382 2169 servant
397 2135 478 2167 item
494 2133 688 2167 Brummeri
703 2134 829 2166 Excer-

154 2198 226 2235 pta.
245 2189 337 2223 Sane
349 2195 488 2232 praestat
503 2187 657 2231 vulgato.
676 2187 709 2219 S.

203 2263 248 2267 —-
267 2244 354 2274 Nam
374 2241 525 2285 beneficio
544 2250 613 2277 tuo,
636 2247 702 2272 etc.
730 2240 827 2271 Rom.

155 2299 244 2328 AVatn
263 2304 295 2326 ec
313 2295 465 2339 bencficio
484 2302 554 2324 tuo.
571 2316 577 2323 .
595 2302 641 2323 ,ec
662 2293 765 2323 illam.
784 2291 828 2323 H.

155 2347 329 2381 Posterius
348 2356 379 2378 ec
397 2344 536 2378 Cortius
560 2356 699 2389 quoqne
719 2342 827 2376 dedit.

156 2399 359 2446 Asyndeton
372 2397 431 2430 hic
450 2408 571 2442 parum
590 2396 715 2440 placet.
735 2396 768 2429 S.
785 2415 831 2419 —-

157 2456 324 2484 Resumere
352 2460 502 2487 aetatem,
535 2456 688 2493 repetere
713 2447 829 2480 animo

156 2505 281 2551 gaudia
302 2504 394 2537 illius
411 2501 530 2534 aetatis.
552 2501 616 2532 Eo.

207 2572 236 2590 2.
261 2560 377 2589 Coram
401 2556 521 2586 multis.
538 2577 544 2584 .
562 2577 568 2583 .
586 2554 826 2594 .loqucbuntur.

157 2611 207 2643 Ita
230 2623 269 2642 cx
288 2609 388 2642 bonis
407 2607 504 2640 libris
534 2604 684 2637 Cortius.
711 2603 829 2636 Honos

156 2663 269 2695 Plinio
284 2660 418 2695 silentio
434 2659 571 2692 habitus
585 2672 602 2690 a
619 2656 805 2701 juvenibus
820 2681 828 2694 ,

159 2711 217 2756 qui
242 2721 349 2755 quum
377 2712 520 2745 maxime
543 2710 617 2743 aliis
648 2708 831 2742 senatoriis

897 1868 1121 1915 praesentibus
1140 1868 1236 1900 nullo
1254 1866 1389 1913 pudore
1414 1868 1501 1898 clare
1523 1868 1570 1897 lo-

897 1924 1078 1965 quebantur
1096 1935 1106 1953 .·
1136 1922 1371 1962 loquebantur,
1404 1918 1545 1963 inquam
1560 1943 1568 1957 ‚

896 1987 965 2007 non
971 1976 1184 2018 jocabuntur,
1198 1970 1293 2016 quod
1309 1982 1387 2004 cum
1401 1971 1491 2003 clare
1501 1982 1569 2003 non

896 2027 983 2059 hene
1013 2025 1173 2059 convenit
1201 2035 1209 2056 :
1237 2031 1269 2056 et
1293 2024 1407 2068 major
1434 2022 1569 2063 honos,

897 2079 986 2112 clare
1008 2077 1104 2123 loqui
1122 2076 1278 2109 desinere
1292 2100 1300 2115 ‚
1321 2087 1426 2120 quam
1447 2076 1569 2120 jocari.

895 2132 939 2164 G.
958 2152 1002 2156 —
1015 2132 1113 2164 Rom.
1135 2132 1250 2161 Coram
1271 2129 1364 2159 multi
1375 2129 1434 2159 sed
1450 2129 1570 2160 ordinis

896 2186 999 2216 nostri
1013 2186 1100 2215 clare
1116 2184 1339 2224 loquebantur.
1358 2181 1449 2225 Lege
1465 2182 1570 2212 multis

897 2246 927 2267 et
945 2237 1067 2267 ordinis
1085 2236 1189 2266 nostri
1210 2232 1264 2278 [id
1281 2241 1351 2273 est,
1369 2243 1475 2277 quum
1494 2231 1570 2264 aliis

896 2288 1012 2321 multis
1029 2312 1037 2327 ‚
1055 2295 1129 2320 tum
1161 2294 1193 2318 et
1223 2284 1431 2330 quibusdam
1461 2284 1569 2316 nostri

896 2339 1028 2373 ordinis
1037 2338 1274 2386 praesentibus]
1292 2340 1378 2370 clare
1391 2339 1568 2379 loqueban-

897 2403 959 2431 tur,
980 2393 1268 2436 nonjocabantur.
1280 2390 1423 2423 Veteres
1441 2388 1568 2421 scribe—

897 2447 979 2479 bant
1001 2455 1064 2483 set,
1086 2456 1151 2490 pro
1172 2445 1243 2481 sed,
1271 2454 1334 2475 nec
1354 2453 1454 2474 voces
1483 2439 1566 2472 diri-

896 2498 1046 2531 mebant.
1063 2496 1108 2528 H.

943 2571 988 2574 *-
1002 2552 1105 2581 Probe
1119 2550 1250 2580 discere.
1264 2546 1309 2577 Ut
1322 2545 1356 2577 in
1371 2542 1571 2576 commilitio

894 2605 1063 2648 juvenum
1080 2601 1268 2646 proborum
1289 2605 1321 2629 et
1338 2595 1481 2641 pudoris
1501 2593 1569 2628 exi-

898 2655 970 2687 mii.
988 2654 1032 2687 G.
1053 2674 1097 2678 —-
1120 2652 1274 2697 Fufium-i
1289 2650 1375 2682 Plin.
1397 2655 1451 2681 aet.
1472 2647 1570 2680 abso-

899 2708 969 2739 luto
985 2707 1179 2750 ponebatur
1193 2703 1235 2735 de
1249 2701 1461 2734 doctorilum.
1478 2699 1544 2728 ED-
