1742 2989
240 228 331 273 266

645 232 690 271 C.
728 228 953 271 PLINII
987 230 1113 273 LIB.
1154 232 1232 273 lV.

195 321 213 354 3
238 311 521 365 nationibus,
555 311 709 354 crescit
745 310 1052 372 decrescitque.
1085 313 1290 355 Cernitur
1328 311 1370 354 id
1403 312 1568 372 palam,
1595 322 1637 356 et

238 401 337 428 cum
365 400 534 428 summa
558 383 782 444 voluptate
811 383 1167 444 deprehenditur.
1195 386 1326 427 Juxta
1352 385 1567 428 recumbis
1595 394 1638 428 et

238 458 421 501 vesceris
453 475 462 500 z

496 466 627 517 atque
656 457 787 499 etiam
816 473 868 499 ex
895 457 988 517 ipso
1020 457 1163 511 fonte,
1193 473 1295 500 nam
1322 466 1384 499 est
1410 456 1636 517 frigidissi-

239 548 357 587 mus,
378 540 502 591 potas
529 547 537 573 :
562 528 737 573 interim
762 529 832 573 ille
857 531 984 573 certis
1006 529 1298 590 dimensisque
1318 529 1550 572 momentis
1572 528 1637 572 vel

195 611 212 640 4
238 601 612 657 sul)trahitur,vel
637 602 846 662 adsurgit.
863 602 1109 658 Annulum7
1131 619 1206 646 seu
1229 602 1335 663 quid
1358 601 1494 657 aliud,
1513 603 1639 662 ponis

238 678 283 719 in
312 678 453 733 sicco⁷
483 676 674 720 adluitur
706 676 889 732 sensim,
913 692 963 720 ac
991 676 1223 719 novissime
1252 676 1449 736 operitur
1479 692 1486 718 :

1517 675 1639 718 dete-

239 751 356 810 gitur
385 767 534 794 rursus
559 748 872 810 paullatimque
897 749 1110 794 deseritur
1132 766 1140 792 ε
1165 751 1198 793 si
1224 749 1387 793 diutius
1412 749 1637 804 observes,

195 828 212 861 5
238 832 475 883 utrumque
500 824 660 865 iterum
686 839 736 866 ac
762 823 891 866 tertio
917 823 1074 866 videas
1100 823 1346 883 Spiritusne
1378 821 1533 883 aliquis
1564 838 1640 865 oc-

238 896 396 940 cultior
434 912 481 939 os
516 895 648 939 fontis
682 906 725 939 et
763 895 906 940 fauces
937 897 1067 940 modo
1101 895 1243 951 laxat„
1275 896 1405 939 modo
1437 895 1642 947 includit,

193 971 213 1000 6
238 978 370 1029 prout
386 967 530 1012 illatus
547 970 763 1023 occurrit,
784 979 860 1013 aut
881 969 1063 1013 decessit
1087 969 1291 1030 expulsus
1305 968 1322 1011 Ξ)
1336 969 1469 1026 Quod
1489 970 1534 1012 in
1554 986 1642 1012 am-

237 1040 366 1102 pullis
391 1043 644 1102 caeterisque
671 1043 841 1102 generis
866 1042 1059 1102 ejusdem
1084 1042 1281 1086 videmus
1304 1041 1524 1098 accidere,
1548 1042 1640 1102 qui-

236 1115 316 1158 bus
336 1131 425 1157 non
444 1115 584 1168 hians,
607 1131 688 1159 nec
708 1116 854 1159 statim
875 1125 1028 1176 patens
1049 1116 1203 1158 exitus.
1224 1116 1338 1158 Nam
1355 1113 1427 1157 illa
1447 1130 1641 1174 quoque,

236 1204 502 1249 quamquam
530 1205 670 1249 prona
697 1198 740 1232 et
764 1190 986 1250 vergentia
1005 1225 1015 1244 ‚
1040 1206 1118 1249 per
1143 1188 1352 1249 quasdam
1378 1187 1642 1231 obluctantis

237 1262 392 1304 animae
423 1278 566 1306 moras
595 1263 758 1306 crebris
784 1264 908 1323 quasi
935 1262 1198 1323 singultibus
1230 1262 1411 1316 sistunt,
1434 1261 1552 1322 quod
1578 1261 1642 1305 ef-

193 1345 210 1375 ?
237 1334 442 1378 fundunt.
473 1337 540 1380 An
567 1353 662 1395 quae
692 1338 871 1380 Oceano
898 1346 1074 1389 natura,
1105 1335 1213 1379 fonti
1240 1333 1446 1395 quoque?
1470 1350 1642 1394 quaque

277 1465 308 1497 3.
324 1468 408 1496 Nam
421 1466 706 1508 estfi-igidzssssimus.
716 1466 810 1498 Rom.
821 1469 905 1497 Nam

238 1528 283 1550 est
291 1519 445 1560 fiigidus.
465 1517 510 1549 H.

286 1574 316 1602 5.
343 1572 478 1612 Spiritus
504 1572 622 1612 aliquis
653 1573 815 1602 occultior.
844 1569 907 1603 Hic

237 1631 357 1655 ventus
376 1629 463 1654 esset
477 1647 486 1662 ‚
501 1622 599 1668 cujus
620 1622 666 1654 ita
681 1622 757 1655 stati
778 1630 810 1654 et
825 1629 907 1654 tem-

236 1688 360 1721 porum
378 1674 467 1707 vices
484 1675 649 1707 servantis
664 1675 815 1708 rationes
833 1674 909 1707 red-

236 1728 317 1761 dere
341 1740 409 1759 non
435 1727 571 1759 facilius
590 1734 639 1760 est
655 1752 663 1767 ,
680 1740 784 1772 quani
800 1727 908 1772 ipsius

236 1781 349 1814 fluxus
376 1788 410 1812 et
435 1779 599 1813 refluxus.
625 1780 669 1812 G.
685 1800 730 1804 —-
744 1782 843 1811 Modo
861 1782 909 1810 in-

235 1835 353 1869 cludit,
372 1840 436 1865 etc.
451 1834 546 1864 Rom.
566 1834 665 1864 Modo
686 1833 835 1869 includit,
852 1841 910 1862 aut

236 1889 268 1917 in
293 1888 375 1917 latus
404 1887 560 1922 occurrit,
583 1895 641 1916 aut
659 1886 779 1915 decidit
798 1887 909 1926 expul-

235 1952 295 1969 sus.
322 1939 414 1982 Lege
431 1939 565 1968 decedit.
588 1936 631 1969 H.
647 1957 691 1960 -—
705 1937 825 1981 Neque
845 1935 908 1968 du-

234 1990 312 2034 plex
332 2000 391 2021 aut
417 1989 586 2034 displicet.
604 1989 761 2034 Legerim
782 1988 906 2033 igitur:

235 2059 250 2069 «
262 2051 365 2088 prout
383 2050 442 2075 aut
455 2042 571 2074 illatus
587 2042 757 2081 occurrit,
775 2049 834 2073 aut
852 2040 909 2074 de-

236 2094 327 2128 cedit
346 2095 540 2140 expulsus.»
557 2095 590 2128 S.

282 2150 315 2179 6.
336 2150 409 2178 Non
431 2149 534 2178 hians.
559 2147 607 2178 Ut
632 2147 667 2178 in
690 2146 820 2191 lagenis
844 2158 907 2178 no-

236 2200 333 2240 stris,
350 2199 480 2232 collum
506 2199 648 2244 longum
668 2207 701 2232 et
724 2207 907 2244 angustum

236 2251 459 2284 habentibus.
477 2251 517 2283 E.

282 2324 328 2328 —-
343 2307 546 2346 Quamquam
558 2317 668 2346 prona
684 2314 714 2335 et
728 2305 906 2347 vergentia.

236 2359 334 2390 Ronl-
352 2360 670 2398 Qllalnqllalnprona
682 2367 782 2400 atque
795 2369 908 2400 llrg'ell‘

238 2412 295 2442 tia.
313 2409 357 2442 H.

284 2474 302 2506 7
311 2465 402 2503 .taae
414 2465 541 2493 Oceano
552 2472 681 2493 natm-a.
689 2462 885 2494 Obscurum
896 2487 905 2501 ‚

238 2513 322 2559 quid
338 2514 393 2547 hic
407 2514 449 2546 sit
463 2524 592 2545 natura.
612 2514 739 2546 Dixeris
754 2513 884 2559 aliquid
899 2539 906 2553 ‚

238 2567 266 2599 si
276 2580 384 2612 ponas
392 2580 451 2612 per
461 2567 614 2600 occultos
626 2575 757 2599 meatus
768 2575 799 2599 et
810 2568 908 2613 quasi

238 2620 417 2653 cuniculos
427 2632 621 2653 commeare
633 2632 671 2651 ex
683 2619 758 2664 ipso
769 2620 909 2652 Oceano

239 2685 358 2717 aquas
376 2672 441 2706 Sed
455 2671 581 2705 deinde
595 2670 790 2716 docendum
808 2672 907 2705 ctiam

242 2725 342 2757 suerit
359 2749 366 2765 ,
383 2725 556 2769 quomodo
570 2724 677 2757 salsus
692 2737 759 2756 11011
780 2725 819 2757 sit
834 2725 908 2757 fons

973 1465 1042 1497 ille.
1068 1466 1187 1498 Dicere
1208 1465 1296 1497 forte
1316 1464 1423 1507 possis
1445 1463 1642 1497 effluentem

972 1518 1005 1549 111
1016 1530 1110 1550 mare
1120 1518 1231 1550 rivum
1239 1517 1501 1549 subterraneum
1512 1517 1555 1549 ab
1562 1525 1642 1549 aestu

971 1569 1128 1609 retineri,
1145 1577 1182 1601 ut
1198 1567 1368 1602 redundet
1380 1569 1472 1602 circa
1489 1569 1617 1601 fontem
1632 1593 1640 1607 ‚

972 1621 1074 1667 quale
1085 1620 1169 1667 quid
1186 1622 1220 1653 in
1233 1621 1331 1661 Albi,
1346 1629 1383 1653 ut
1401 1620 1468 1654 hoe
1485 1628 1623 1653 utamur
1634 1646 1643 1659 ‚

972 1675 1124 1707 sentiunt
1148 1674 1441 1718 Haniburgenses.
1466 1673 1509 1705 Et
1536 1674 1645 1705 fateor

972 1727 1062 1759 hanc
1081 1726 1269 1766 rationem,
1286 1738 1306 1758 a
1324 1739 1391 1771 qua
1410 1738 1480 1758 11011
1497 1725 1644 1758 multum

974 1778 1097 1811 alludit
1119 1792 1158 1813 ea
1174 1805 1182 1819 ‚
1202 1791 1277 1824 quae
1306 1779 1479 1823 sequitur,
1499 1777 1645 1811 maxime

974 1832 1059 1864 1111111
1075 1831 1226 1864 arridere
1237 1857 1245 1870 ‚
1264 1832 1291 1864 si
1306 1840 1426 1865 caetera
1440 1830 1644 1864 conveniant

973 1884 1150 1917 nimirum.
1166 1884 1209 1916 G.
1219 1885 1346 1917 —Non
1358 1883 1444 1916 adeo
1459 1883 1644 1915 obscurum

972 1935 1108 1969 videtur
1119 1961 1127 1977 ‚
1142 1935 1226 1981 quid
1239 1937 1281 1969 sit
1291 1937 1327 1968 h.
1341 1936 1365 1968 l.
1377 1945 1509 1973 natura,
1521 1947 1645 1979 nempe

972 1988 1105 2021 indoles
1117 2014 1126 2028 ,
1141 2001 1215 2021 mos
1226 2013 1235 2028 ,
1255 1988 1309 2020 vel
1325 1987 1360 2021 id
1380 1987 1474 2032 quod
1493 1987 1568 2031 lege
1583 1999 1644 2019 na-

973 2049 1057 2074 turae
1065 2040 1189 2074 accidit
1203 2042 1238 2073 in
1247 2041 1401 2073 Oceano.
1414 2040 1502 2073 Nam
1514 2039 1644 2071 fluxum

973 2101 1005 2126 et
1018 2093 1187 2126 refluxum
1201 2118 1210 2133 ‚
1230 2092 1340 2138 qualis
1359 2092 1393 2124 111
1413 2093 1555 2125 Oceano
1572 2098 1623 2123 est
1635 2116 1644 2130 ⁷

972 2146 1045 2178 vult
1065 2158 1145 2179 cum
1168 2145 1226 2178 illo
1255 2144 1359 2178 fontis
1385 2144 1487 2177 simili
1511 2151 1595 2176 aestu
1613 2151 1644 2175 et

972 2198 1106 2232 refluxu
1118 2210 1333 2243 comparare.
1346 2199 1468 2242 Itaque
1481 2209 1525 2229 ne
1534 2196 1645 2229 Plinio

972 2250 1113 2296 quidem
1144 2251 1180 2283 in
1207 2258 1357 2283 mentem
1389 2249 1482 2282 venit
1499 2274 1508 2289 ,
1542 2248 1645 2281 fontis

973 2303 1071 2336 illum
1085 2310 1204 2336 aestum
1217 2316 1256 2335 ex
1270 2303 1344 2348 ipso
1363 2303 1503 2335 Oceano
1515 2300 1646 2334 deriva—

972 2368 1009 2389 re
1024 2381 1032 2396 ‚
1053 2369 1132 2389 cum
1154 2368 1224 2401 quo
1251 2355 1328 2387 fons
1353 2354 1522 2387 cohaerere
1548 2352 1644 2385 nullo

974 2407 1078 2441 modo
1097 2415 1245 2453 poterat.
1259 2407 1399 2453 Segneri
1415 2405 1457 2439 de
1473 2405 1532 2438 illo
1548 2404 1644 2437 fluxu

975 2469 1006 2494 ct
1039 2460 1174 2493 refluxu
1202 2460 1368 2493 sententia
1393 2472 1434 2491 eo
1463 2457 1551 2490 redit
1564 2482 1573 2497 ‚
1600 2457 1644 2489 si-

973 2513 1097 2559 phonis
1116 2511 1296 2557 cujusdam
1316 2524 1335 2544 a
1348 2519 1472 2544 natura
1489 2510 1577 2542 inter
1599 2509 1646 2542 la-

974 2566 1069 2611 pides
1080 2574 1113 2598 et
1124 2565 1258 2610 argillas
1270 2563 1449 2597 fabrefacti
1459 2574 1523 2607 ope
1534 2569 1644 2594 totum

975 2618 1061 2651 illud
1077 2625 1253 2663 peractum
1270 2617 1384 2650 fuisse.
1395 2615 1458 2648 Vir
1473 2614 1593 2647 doctus
1608 2613 1642 2645 in

975 2671 1121 2716 Ephem.
1137 2670 1187 2702 lit.
1203 2670 1341 2702 Jencns.
1360 2681 1391 2701 a.
1410 2667 1493 2700 1802
1507 2692 1514 2706 ,
1531 2679 1566 2698 11.
1580 2666 1621 2698 36
1634 2690 1643 2704 ,

976 2731 1066 2756 notat
1083 2724 1114 2755 in
1132 2722 1344 2754 squesneri
1362 2720 1441 2753 edit.
1458 2718 1641 2764 exemplari
