1742 2989
579 205 929 248 EPISTULA
962 207 1109 248 VIII.
1507 206 1565 250 23

162 288 353 332 deamur.
400 290 611 331 Praeterea
657 287 966 341 meminimus,
1000 296 1167 347 quanto
1210 286 1377 346 majore
1418 288 1564 331 animo

161 361 398 405 honestatis
434 360 600 404 fructus
635 360 679 403 in
708 362 996 415 conscientia,
1020 377 1153 422 quam
1191 361 1235 404 in
1265 358 1403 413 fama,
1434 377 1564 420 repo-

160 445 302 478 natur.
333 434 465 494 Sequi
484 434 601 477 enim
627 433 787 494 gloria,
811 452 899 478 non
920 435 1088 495 appeti,
1106 434 1258 488 debet3
1284 449 1365 476 nec
1380 468 1390 487 ‚
1408 434 1441 476 si
1463 449 1564 477 casu

159 507 306 569 aliquo
330 525 419 552 non
452 518 683 569 sequatur,
711 507 875 552 idcirco
903 508 1021 569 quod
1054 507 1237 568 gloriam
1268 524 1357 550 non
1382 507 1566 560 meruit,

158 582 303 625 minus
335 580 569 642 pulchrum
599 591 674 625 est.
712 581 750 625 Ii
781 598 909 637 vero,
937 582 1012 642 qui
1047 580 1277 624 benefacta
1309 596 1386 624 sua
1422 579 1566 623 verbis

157 655 399 710 adornant,
421 672 508 698 non
531 654 627 698 ideo
648 654 884 716 praedicare
901 691 912 711 ,
932 656 1035 716 quia
1061 655 1267 708 fecerint,
1293 653 1368 697 sed
1388 663 1436 697 ut
1458 670 1567 714 prae-

157 728 373 784 dicarent,
397 729 544 773 fecisse
575 728 825 772 creduntur.
857 730 952 784 Sic,
986 728 1104 789 quod
1130 727 1415 788 magnificum
1453 726 1564 770 refe·

156 812 279 846 rente
310 802 394 846 alio
421 803 593 857 fuisset,
619 802 713 862 ipso
740 803 815 863 qui
841 812 1030 863 gesserat
1054 812 1333 857 recensente,
1361 801 1564 844 vanescit.

155 878 364 920 Homines
391 879 509 921 enim
535 894 673 938 quum
702 893 794 920 rem
824 876 1047 920 destruere
1078 893 1168 920 non
1195 883 1402 936 possunt,
1424 875 1565 934 jacta-

156 952 319 995 tionem
349 952 441 1011 ejus
472 952 702 995 incessunt.
736 954 802 995 Ita
832 951 862 994 si
897 949 1063 994 silenda
1093 950 1270 1004 feceris,
1303 948 1466 992 factum
1496 948 1566 1007 ip-

154 1040 272 1079 sum;
304 1025 337 1068 si
373 1024 614 1080 laudanda,
651 1023 768 1085 quod
805 1041 894 1067 non
930 1023 1054 1067 sileas
1087 1025 1204 1084 ipse,
1235 1021 1453 1083 culpatur.
1492 1022 1566 1063 Me

155 1115 257 1141 vero
277 1097 509 1158 peculiaris
526 1097 723 1158 quaedam
744 1097 926 1158 impedit
944 1098 1067 1140 ratio.
1089 1096 1262 1140 Etenim
1281 1095 1401 1138 hunc
1421 1095 1565 1154 ipsum

155 1188 401 1216 sermonem
428 1189 516 1215 non
545 1171 661 1232 apud
689 1169 926 1232 populum,
953 1170 1028 1213 sed
1054 1169 1171 1231 apud
1197 1168 1457 1212 decuriones
1484 1167 1564 1210 ha-

157 1246 253 1299 bui3
280 1262 359 1289 nec
390 1246 434 1288 in
465 1244 698 1306 propatulo
715 1279 726 1297 ‚
754 1244 828 1288 sed
855 1245 899 1286 in
931 1244 1065 1287 curia.
1088 1246 1256 1287 Vereor
1281 1257 1411 1302 ergo,
1438 1250 1486 1284 ut
1512 1240 1567 1283 sit

154 1319 257 1362 satis
291 1335 560 1379 congruens,
587 1335 724 1379 quum
762 1318 806 1360 in
845 1316 1032 1361 dicendo
1071 1316 1410 1360 assentationem
1445 1314 1566 1374 vulgi

153 1391 601 1453 acclamationemque
634 1391 903 1452 defugerim,
939 1407 1058 1434 nunc
1090 1389 1240 1433 eadem
1273 1388 1344 1432 illa
1376 1388 1568 1431 editione

152 1508 236 1541 bito.
251 1508 432 1540 Terentius
456 1507 566 1540 Andr.
588 1508 654 1547 IV,
684 1507 702 1540 3
718 1532 726 1546 ,
757 1510 795 1540 18
816 1518 823 1539 :

153 1563 293 1604 Repudio
305 1587 315 1599 ‚
340 1563 429 1604 quod
444 1563 609 1593 consilium
620 1562 761 1603 primum
779 1562 826 1592 in-

153 1615 326 1647 tenderam.
336 1613 512 1648 Sallustius
523 1612 687 1659 Jugurth.
699 1625 730 1645 c.
748 1623 827 1658 107:

155 1668 277 1698 Deinde
292 1669 405 1710 paucis
433 1669 558 1704 diebus,
581 1680 643 1709 quo
663 1668 708 1697 ire
729 1668 829 1698 inten-

152 1721 269 1750 derant
280 1745 289 1757 ,
306 1729 502 1762 perventum.
520 1719 554 1753 S.

204 1776 254 1811 14.
275 1775 401 1813 Quanto
421 1775 555 1816 majore.
567 1795 574 1802 .
592 1773 708 1814 sama.
726 1772 824 1803 Rom.

155 1833 276 1866 quanto
304 1826 428 1867 majore
454 1826 561 1856 animo
591 1825 765 1855 honestatis
794 1825 826 1854 in

153 1878 496 1920 conscientiafiuctns,
511 1889 608 1919 quam
623 1878 653 1907 in
661 1877 768 1917 fama.
779 1875 823 1908 H.

151 1949 197 1954 -—
234 1930 380 1960 Gloriam
407 1943 470 1961 non
500 1930 624 1960 meruit.
655 1928 823 1961 NotabiliS

154 1982 248 2014 locus
265 2006 273 2021 ‚
294 1980 337 2013 de
355 1994 425 2027 quo
442 1984 513 2029 jam
537 1980 732 2013 observavit
758 1981 824 2014 Ca-

153 2034 328 2067 sanbonus
342 2059 350 2074 ‚
366 2036 480 2066 mereri
495 2033 550 2066 hic
566 2046 636 2066 nou
654 2032 698 2066 ad
716 2032 826 2079 digni-

152 2094 256 2120 tatem
287 2094 320 2119 et
354 2086 551 2120 mercedem
576 2087 698 2120 referri
724 2112 732 2127 ‚
765 2086 825 2121 sed

153 2138 352 2184 simpliciter
369 2152 441 2173 esse
459 2143 624 2183 consequi,
641 2144 822 2186 τυγχάνειν.

154 2191 346 2225 Confirmat
362 2193 452 2226 hanc
466 2192 645 2226 notionem
659 2193 796 2226 Cortius
813 2205 821 2226 :

154 2244 213 2278 sed
235 2246 367 2278 mavult
388 2254 505 2279 tamen
526 2244 655 2278 codicis
675 2245 823 2279 Medicei

154 2296 223 2330 fide
236 2298 453 2343 negationem
465 2298 636 2338 omittere,
648 2311 718 2343 quo
732 2299 824 2332 facto

154 2349 202 2382 vis
216 2358 380 2383 consueta
400 2351 495 2383 verbi
512 2352 626 2382 meruit
640 2351 823 2384 retinetur.

152 2402 197 2436 G.
211 2424 257 2428 -—-
270 2405 370 2436 Rom.
389 2406 478 2446 quod
486 2405 626 2446 gloriam
640 2406 762 2435 meruit.
779 2403 822 2436 H.

152 2475 198 2480 —
211 2455 365 2489 Delenda
383 2455 521 2501 negatio
538 2454 641 2500 hujus
661 2455 825 2488 aliorum-

153 2520 220 2552 que
245 2509 413 2542 librorum
439 2508 656 2541 auctoritate.
684 2508 825 2553 Optime

153 2559 388 2606 Heusingerus
401 2561 437 2594 in
446 2561 628 2593 Observat.
641 2560 821 2594 Antibarb.

154 2624 188 2655 p.
201 2617 283 2653 414,
294 2625 351 2658 sq.
367 2625 374 2646 :
392 2630 404 2643 ιι
418 2617 552 2652 Merere,
565 2625 629 2658 pro
643 2614 823 2659 consequi,

160 2679 171 2691 α
189 2664 296 2698 Plinio
310 2666 465 2698 tribuunt
484 2665 591 2697 invito
608 2691 616 2705 ‚
638 2665 696 2698 lib.
712 2666 726 2697 I
742 2691 750 2706 ‚
769 2678 823 2711 ep.

163 2732 176 2742 «
194 2717 212 2749 8
232 2741 240 2756 ,
282 2723 319 2758 14
340 2743 349 2752 ,
382 2718 441 2751 ubi
473 2717 655 2751 ediderunt
689 2730 696 2750 :
732 2720 828 2761 Sequi

895 1521 908 1535 ι
926 1508 1007 1537 enim
1017 1508 1136 1549 gloria,
1152 1518 1214 1536 non
1226 1507 1335 1547 appeti
1344 1530 1352 1543 ‚
1371 1506 1483 1539 <leben
1498 1516 1566 1535 nec.

895 1575 909 1587 «
925 1561 953 1590 si
963 1572 1039 1590 casn
1055 1560 1164 1601 aliquo
1178 1570 1241 1589 non
1254 1567 1417 1600 sequatur,
1436 1558 1566 1592 idcirco,

902 1628 914 1639 «
929 1613 1019 1653 qnod
1039 1613 1178 1654 gloriam
1211 1623 1274 1642 non
1307 1612 1436 1647 meruit,
1467 1611 1567 1640 minus

897 1679 910 1692 «ι
923 1665 1093 1707 pulchrum
1108 1673 1164 1695 est.
1182 1662 1384 1707 Legendum
1398 1661 1489 1694 enim
1504 1669 1567 1700 est,

898 1734 911 1745 «
930 1718 1019 1759 quod
1032 1718 1169 1760 gloriam
1190 1718 1318 1753 meruit,
1335 1714 1442 1761 idque
1460 1714 1495 1746 in
1512 1726 1570 1758 op-

895 1786 908 1799 «
927 1770 1019 1802 timis
1045 1769 1299 1814 exemplaribus
1324 1776 1444 1802 exstat.
1466 1766 1566 1799 Plinii

893 1838 908 1852 ι
924 1830 1021 1856 aetate
1039 1822 1098 1855 illa
1114 1821 1322 1867 significatio
1341 1819 1500 1853 nondum
1521 1819 1566 1850 ita

893 1893 908 1904 u
922 1883 994 1907 erat
1013 1874 1214 1920 pervulgata
1238 1886 1245 1906 ε
1268 1873 1330 1906 etsi
1350 1885 1427 1906 eam
1448 1872 1512 1904 sibi
1532 1872 1567 1903 in

894 1946 906 1958 α
922 1928 1044 1961 Plauto
1062 1939 1200 1972 quoque
1212 1953 1220 1967 ‚
1236 1926 1399 1960 Terentio
1420 1932 1452 1958 et
1468 1925 1564 1958 Cice·

893 1999 905 2011 u
923 1993 1008 2014 rone
1018 1980 1185 2026 reperisse
1200 1981 1292 2013 visus
1308 1986 1356 2012 est
1367 1977 1566 2012 Gronovius

892 2052 905 2063 «
921 2035 1105 2067 Observat.
1126 2033 1161 2065 in
1176 2032 1333 2077 scriptor.
1350 2031 1471 2064 eccles.
1489 2044 1567 2076 cap.

893 2104 905 2116 «
922 2087 991 2119 VII
1005 2110 1013 2125 ,
1033 2098 1066 2130 p.
1085 2088 1141 2129 76.
1161 2102 1173 2114 υ
1199 2086 1233 2119 S.

947 2141 997 2174 15.
1030 2144 1104 2182 Ipso
1128 2142 1185 2182 qui
1208 2148 1351 2182 gesserat
1375 2146 1567 2170 recensente.

888 2195 987 2226 Rom.
1024 2195 1090 2236 ipso
1124 2192 1182 2235 qui
1208 2193 1339 2235 gesserit
1373 2199 1564 2222 recensente.

890 2244 1040 2279 Deinde:
1057 2248 1085 2278 si
1100 2247 1269 2277 laudanda
1283 2257 1347 2276 non
1364 2245 1458 2275 sileas
1471 2267 1480 2280 ,
1499 2244 1565 2284 ipse

890 2302 1028 2343 culparis
1043 2325 1051 2336 ,
1085 2296 1180 2344 quod
1211 2298 1312 2330 unice
1340 2307 1460 2329 verum
1492 2300 1542 2327 est
1556 2319 1564 2333 ‚

891 2350 1083 2385 dummodo
1108 2353 1197 2394 qnod
1212 2363 1275 2382 non
1292 2352 1385 2381 sileas
1412 2347 1565 2381 retinue-

890 2405 934 2437 ris
949 2430 957 2444 ,
977 2412 1010 2438 et
1026 2404 1121 2449 prius
1141 2406 1241 2446 ipsum
1261 2400 1441 2436 deleveris.
1459 2400 1505 2432 H.
1524 2419 1569 2423 ν*

890 2457 1088 2502 Amplector
1102 2456 1205 2490 crisin
1220 2453 1425 2498 Heusingeri
1437 2478 1446 2493 ‚
1462 2464 1567 2498 quam

891 2517 923 2542 et
937 2510 995 2543 alii
1011 2509 1090 2542 libri
1106 2521 1145 2542 ex
1160 2515 1256 2554 parte
1270 2514 1424 2540 tuentur.
1440 2506 1474 2539 S.

942 2564 992 2595 16.
1007 2564 1214 2601 Decnrz‘ones,
1234 2558 1501 2604 municipiorum
1517 2569 1568 2589 se-

890 2622 1026 2648 natores
1052 2613 1257 2647 dicebantur
1278 2624 1286 2644 :
1306 2612 1394 2644 inter
1425 2624 1483 2644 eos
1509 2622 1569 2641 uu-

891 2667 1046 2700 ctoritate
1069 2666 1267 2700 eminebant
1292 2663 1477 2697 duumviri.
1503 2662 1564 2693 Eu.

943 2731 993 2763 17.
1016 2722 1116 2752 Obvia
1134 2719 1356 2752 ostentatione.
1371 2717 1455 2757 Quae
1476 2714 1564 2748 ultr«¹

1594 301 1632 337 14

1594 584 1630 617 15

1594 1033 1632 1063 16

1594 1253 1632 1285 ¹7
