1742 2989
179 170 265 223 144
579 174 625 215 (j.
662 172 883 215 PLINII
920 173 1045 216 LIB.
1083 173 1177 215 ΙΙΙ.

171 250 376 311 dignitati
411 253 503 313 ejus
536 251 700 314 aliquid
734 252 980 309 adstruere,
1004 254 1296 314 inopinantis,
1319 256 1579 310 nescientis,

170 324 260 366 imo
294 325 425 368 etiam
461 325 640 370 fortasse
670 326 890 371 nolentis:
923 327 1148 371 adstruere
1178 337 1351 384 autem,
1381 329 1500 389 quod
1525 330 1579 374 sit

141 396 476 458 'splendidum‚
502 415 583 443 nec
620 399 867 443 molestum.
904 399 1041 460 Cujus
1080 401 1276 461 generis,
1307 417 1403 461 quae
1437 402 1579 462 prima

170 471 344 515 occasio
372 472 474 527 tibi,
499 472 697 516 conferas
727 473 773 516 in
800 489 925 530 eum,
957 489 1088 533 rogo3
1114 473 1296 517 habebis
1317 490 1411 529 me,
1439 473 1575 518 habe-

168 544 236 588 bis
259 542 402 606 ipsum
424 547 720 607 gratissimum
740 547 998 591 debitorem.
1018 547 1231 604 Quamvis
1250 546 1366 590 enim
1385 547 1467 590 ista
1487 563 1575 590 non

169 628 372 678 appetat,
411 629 500 663 tam
539 630 662 682 grate
701 629 850 664 tamen
893 620 1057 681 excipit
1076 655 1087 676 ,
1113 636 1246 681 quam
1289 620 1323 663 si
1360 620 1573 681 concupi-

170 699 275 734 scat.
297 690 418 736 Vale.

213 818 247 849 6.
264 817 416 860 Conferas
430 819 461 848 in
475 830 562 855 eum,
576 830 667 861 rogo.
682 819 780 851 Rom.
796 822 836 850 In
908 823 986 851 Tam
1001 828 1097 862 grate
1118 827 1224 851 tamen
1246 820 1375 861 accipit.
1403 817 1446 850 H.
1475 837 1521 841 ·-
1545 817 1575 848 A

166 881 235 900 enm
249 871 411 912 conferas,
429 883 523 913 rogo.
541 867 586 903 H.
903 871 1091 916 glossatore
1117 871 1324 916 profectum.
1353 868 1442 903 Vide
1469 870 1568 903 Clav.

212 941 257 944 —
275 925 351 953 Tam
362 932 458 964 grace
473 933 579 954 tamen
593 925 723 966 excipit.
736 925 833 956 Rom.
903 923 975 957 Cic.
996 937 1031 957 v.
1050 925 1208 966 excipere.
1225 923 1259 956 S.

177 1056 234 1066 ιιι
239 1057 1557 1071 numu·—wsxztmmmmmmmmmmmtnmmmmws

812 1222 922 1277 ΠΙ.

160 1366 331 1403 Corelliae
355 1369 517 1405 consulit
538 1369 585 1406 de
607 1370 674 1406 filii
696 1370 830 1406 studiis
852 1369 1112 1414 instituendis,
1138 1368 1261 1404 ideam
1286 1367 1378 1403 boni
1405 1365 1571 1414 magistri

552 1433 591 1468 in
610 1434 711 1470 Julio
729 1434 911 1470 Genitore
930 1432 1189 1483 praescribens.

320 1565 361 1592 C.
397 1565 630 1593 PLINIUS
665 1566 963 1594 CORELLIAE
988 1549 1007 1569 ᾖ
1038 1563 1338 1593 HISPULLAE
1375 1563 1410 1590 S.

228 1675 391 1731 QUUM
418 1686 589 1737 patrem
608 1686 756 1732 tuum,
780 1677 1085 1736 gravissimum
1105 1685 1148 1718 et
1168 1675 1489 1718 sanctissimum
1510 1673 1571 1715 vi-

159 1769 283 1807 rum,
319 1751 588 1811 suspexerim
622 1750 761 1810 magis
794 1766 851 1792 an
887 1748 1123 1792 amaverim
1144 1782 1155 1801 ‚
1187 1747 1410 1799 dubitem,
1440 1755 1570 1804 teque

157 1826 201 1867 in
228 1825 486 1868 memoriam
514 1823 632 1884 ejus,
657 1833 700 1866 et
727 1822 1007 1866 inhonorem
1034 1831 1184 1874 tuum,
1214 1820 1342 1863 unice
1361 1817 1565 1878 diligam,

158 1899 334 1958 cupiam
365 1913 537 1940 necesse
564 1906 648 1951 est,
674 1906 805 1956 atque
831 1896 988 1949 etiam,
1020 1903 1236 1955 quantum
1257 1895 1301 1936 in
1321 1909 1390 1936 me
1413 1891 1567 1944 fuerit,

114 1995 129 2012 η
157 1971 320 2025 enitar,
342 1980 391 2013 ut
423 1969 536 2013 filius
562 1979 664 2012 tuus
692 1985 774 2012 avo
799 1968 951 2012 similis
974 1968 1176 2021 exsistat3
1202 1966 1405 2027 equidem
1425 1963 1565 2018 malo,

157 2053 383 2096 materno,
411 2058 681 2103 quamquam
719 2041 780 2085 illi
812 2051 1023 2102 paternus
1054 2041 1185 2084 etiam
1222 2038 1364 2083 clarus
1397 2046 1566 2098 specta-

155 2126 312 2176 tusque
339 2116 601 2176 contigerit:
630 2124 754 2175 pater
780 2131 956 2175 quoque
983 2123 1026 2157 et
1046 2122 1229 2174 patruus
1252 2110 1409 2153 illustri
1436 2108 1563 2152 laude

154 2189 393 2249 conspicui.
420 2188 594 2244 Quibus
623 2188 828 2232 omnibus
852 2189 912 2231 ita
937 2186 1115 2230 demum
1141 2183 1292 2228 similis
1321 2181 1561 2237 adolescet,

199 2317 265 2349 ΙΙΙ.
277 2316 292 2331 *
306 2317 450 2347 Corellioe
463 2315 570 2361 hujus
583 2327 741 2348 caussam
755 2316 824 2361 egit
891 2326 983 2357 teque
1001 2324 1033 2345 et
1050 2316 1083 2344 in
1103 2315 1289 2344 memoriam
1308 2314 1374 2355 ejus
1385 2336 1394 2349 ,
1412 2320 1443 2341 ec
1459 2312 1492 2341 in
1506 2311 1560 2341 Ιιο-

153 2371 219 2410 IV,
235 2383 289 2415 ep.
310 2381 370 2414 173
387 2369 430 2401 ab
444 2368 510 2401 hac
525 2367 661 2402 diversa
679 2369 745 2401 alia
759 2369 823 2402 Co·
890 2380 998 2399 norem
1020 2376 1119 2398 tuum.
1143 2365 1177 2399 S.
1201 2385 1247 2390 —-
1273 2366 1408 2407 Cupiam
1436 2373 1560 2394 necesse

153 2422 250 2455 sellia
265 2448 273 2463 ‚
293 2421 434 2455 Corellii
454 2433 552 2453 soror
567 2446 575 2461 ‚
597 2422 697 2454 matri
719 2421 820 2453 Plinii
889 2430 953 2459 est,
968 2427 1032 2453 etc.
1053 2420 1151 2451 Rom.
1175 2422 1283 2461 Atque
1308 2419 1405 2448 etiam
1431 2415 1559 2457 cupiam

154 2474 433 2508 familiarissima.
454 2474 518 2506 En.
889 2485 1011 2504 necesse
1039 2483 1110 2509 esc,
1144 2472 1241 2502 eciam
1266 2478 1423 2512 qnantum
1449 2469 1482 2498 in
1510 2478 1559 2496 me

203 2540 216 2559 1
226 2554 232 2560 .
253 2531 356 2570 Teque
369 2529 401 2558 in
416 2529 602 2558 memoriam
611 2552 619 2564 ,
639 2534 704 2558 etc.
721 2527 818 2558 Rom.
879 2522 1262 2568 fiteric.'['ranspositum
1275 2529 1325 2554 est
1337 2529 1435 2562 atque
1447 2519 1554 2550 eciam.

160 2582 261 2622 Teque
286 2590 317 2611 et
333 2582 366 2611 in
388 2581 573 2611 memoriam
591 2581 656 2621 ejus
675 2589 706 2610 et
724 2580 822 2610 Ιιοιιο-
888 2577 932 2609 H.
950 2596 996 2601 —-
1010 2579 1118 2612 Malo,
1136 2585 1292 2606 materno.
1311 2572 1377 2604 Dat
1395 2571 1463 2604 hoc
1482 2578 1556 2602 tum

153 2644 217 2663 rem
233 2642 333 2665 tumn.
348 2633 439 2677 Lege
454 2642 485 2664 ee
497 2634 528 2664 ιἰι
544 2634 707 2663 honorem.
719 2630 763 2663 H.
777 2651 822 2655 —
888 2629 953 2674 ipsi
966 2629 1134 2668 Corelliae,
1146 2627 1201 2660 cui
1215 2627 1261 2659 sic
1274 2623 1467 2662 blanditur,
1482 2630 1555 2655 tum

154 2684 244 2716 Bene
265 2684 436 2729 Gierigius
451 2710 458 2724 ‚
484 2692 618 2717 secutus
641 2681 818 2716 Cortiinn:
889 2681 987 2714 amici
1008 2680 1192 2714 memoriae.
1209 2678 1252 2710 G.
