1742 2989
106 280 123 291 ··.

107 505 126 536 8

106 868 126 899 9

90 1385 129 1407 10

149 183 209 235 40
577 183 626 223 c.
662 181 886 224 PLINII
921 181 1046 223 mn.
1084 183 1116 223 1.

107 300 116 311 1
152 263 195 305 in
228 271 327 317 tua,
359 262 540 323 placeat.
569 260 767 304 Aciliano
799 278 902 304 vero
937 263 1017 322 ipsi
1049 261 1287 322 plurimum
1316 262 1476 322 vigoris
1511 272 1550 305 et

150 334 404 391 industriae,
432 350 697 395 quamquam
737 334 780 377 in
816 335 1004 378 maxima
1039 334 1313 378 verecundia.
1350 336 1552 392 Quaestu-

149 425 263 463 ram,
278 409 571 452 Tribunatum
587 442 598 463 ,
614 410 852 452 Praeturam
874 407 1174 451 honestissime
1193 408 1486 467 percucurrit,
1504 424 1554 452 ac

145 482 237 543 jam
270 499 351 543 pro
388 499 432 526 se
466 482 546 526 tibi
583 481 885 525 necessitatem
916 480 1138 524 ambiendi
1174 481 1354 524 remisit.
1390 483 1468 524 Est
1493 480 1553 524 illi

149 556 281 599 facies
313 553 525 609 liberalis,
551 554 691 598 multo
725 554 936 615 sanguine
956 589 968 610 ‚
997 553 1137 598 multo
1171 554 1331 597 rubore
1361 553 1556 608 suffusa3

150 639 215 672 est
240 630 434 690 ingenua
458 629 593 672 totius
618 628 816 690 corporis
841 627 1123 688 pulchritudo
1138 662 1148 681 ⁷
1171 638 1215 671 et
1236 627 1414 688 quidam
1439 644 1558 671 sena·

152 701 289 745 torius
318 701 462 745 decor.
488 702 598 758 Quae
622 718 703 762 ego
729 717 1007 762 nequaquam
1032 702 1223 745 arbitror
1254 701 1515 762 negligenda
1545 718 1555 745 :

151 776 280 819 debet
309 776 426 819 enim
452 775 537 819 hoc
563 775 753 819 castitati
777 774 1023 836 puellarum
1051 776 1173 835 quasi
1200 776 1429 836 praemium
1452 775 1558 819 dari.

151 850 308 895 Nescio
325 885 337 906 ‚
363 866 419 893 an
450 848 652 909 adjiciam
671 884 683 902 ‚
710 864 800 892 esse
836 849 951 909 patri
985 849 1077 908 ejus
1108 848 1273 908 amplas
1303 847 1560 902 facultate53

152 940 255 967 nam
283 940 420 984 quum
448 922 666 983 imaginor
690 939 786 977 vos,
806 922 965 983 quibus
987 923 1222 982 quaerimus
1247 938 1456 982 generum
1472 957 1483 977 ⁷
1507 921 1559 965 si-

152 997 332 1041 lendum
353 997 406 1041 de
427 996 708 1040 facultatibus
726 1005 835 1056 puto
856 1012 865 1040 :
888 1013 1024 1056 quum
1045 995 1243 1056 publicos
1266 1012 1410 1038 mores
1430 1005 1562 1054 atque

153 1071 285 1114 etiam
303 1070 419 1131 leges
439 1070 627 1113 civitatis
652 1070 841 1123 intueor,
862 1085 957 1128 quae
977 1068 1044 1112 vel
1072 1069 1116 1111 in
1140 1069 1294 1129 primis
1313 1085 1466 1112 census
1489 1068 1563 1111 ho-

153 1145 323 1187 minum
349 1142 607 1204 spectandos
633 1142 929 1197 arbitrantur,
950 1159 1004 1186 ne
1032 1142 1076 1185 id
1096 1142 1274 1202 quidem
1300 1151 1564 1202 praetereun-

153 1217 259 1260 dum
289 1217 474 1260 videtur.
504 1217 562 1259 Et
591 1232 694 1259 sane
717 1215 770 1258 de
794 1215 978 1276 posteris
995 1251 1006 1271 ,
1031 1225 1074 1259 et
1102 1216 1169 1260 his
1198 1215 1422 1276 pluribus,
1448 1215 1565 1276 cogi-

154 1291 294 1345 tanti⁷
319 1290 391 1334 hic
420 1306 596 1350 quoque
632 1289 675 1331 in
708 1289 1037 1332 conditionibus
1066 1288 1307 1349 deligendis
1336 1288 1566 1349 ponendus

155 1375 217 1408 est
247 1363 450 1408 calculus.
473 1366 542 1406 Tu
570 1363 751 1406 fortasse
777 1379 846 1406 me
872 1372 999 1423 putes
1024 1362 1252 1406 indulsisse
1280 1362 1419 1405 amori
1446 1378 1567 1415 meo,

155 1454 376 1498 supraque
411 1438 514 1491 ista,
541 1452 673 1496 quam
704 1452 771 1479 res
801 1436 990 1496 patitur7
1018 1435 1253 1479 sustulisse.
1287 1437 1340 1478 At
1369 1452 1391 1477 e

154 1587 237 1620 Vid.
252 1587 467 1621 Freinsheln.
481 1587 560 1620 Iud.
575 1587 825 1620 inJusti11.voc.

155 1643 280 1672 domus.
298 1641 496 1685 Utrumque
514 1641 628 1686 junxit
645 1640 827 1672 Cornelius

155 1695 269 1739 Nepos
282 1694 430 1726 Eumen.
451 1695 503 1725 VI
516 1719 524 1733 ‚
547 1695 578 1727 3.
601 1694 679 1726 «Ne
695 1700 827 1737 patere-

156 1756 211 1780 tur
225 1772 233 1786 ‚
249 1747 396 1792 Philippi
415 1746 540 1779 domus
560 1754 591 1779 et
608 1746 745 1778 familiae
763 1745 828 1777 ini-

156 1800 360 1832 micissimos
383 1800 525 1846 stirpem
544 1811 683 1844 quoque
708 1798 827 1831 interi-

156 1866 261 1886 mere.
278 1869 292 1881 »
312 1852 386 1886 Nisi
411 1863 441 1884 ec
453 1854 595 1896 flzmilioe
614 1864 654 1884 ex
672 1850 827 1896 margine

156 1907 192 1938 in
224 1913 354 1938 textum
385 1905 522 1938 illatum
550 1904 627 1937 fuit.
654 1903 828 1936 Diodorus

157 1960 222 1991 Sic.
238 1960 281 1992 T.
298 1960 332 1991 Π
347 1984 355 1998 ,
372 1971 406 2003 p.
427 1964 492 2000 420
507 1983 515 1997 ,
530 1960 550 1995 ἡ
573 1959 629 2003 μὲν
648 1955 696 1991 οὖν
716 1963 778 1991 τῶν
797 1959 826 1990 ἐν

160 2016 263 2057 Πάφῳ
288 2015 443 2054 βασιλέων
466 2013 551 2045 οἰκία.
572 2013 732 2056 τραγικοῖς
758 2024 830 2055 συγ-

158 2066 326 2110 κυρήσασα
342 2065 477 2103 πάθεσι,
492 2079 523 2097 κ·
540 2078 571 2096 τ·-
588 2069 618 2096 λ.
638 2063 686 2094 ibi
706 2075 768 2107 pro
791 2065 831 2095 οἱ·

158 2119 212 2151 >cix
224 2118 258 2149 in
270 2116 352 2150 cod.
363 2124 536 2161 repertum
548 2118 726 2161 συγγένεια,
737 2114 831 2159 quod

159 2170 371 2214 glossematis
381 2169 605 2202 manifestum
616 2175 677 2200 est.
691 2168 746 2200 Cf.
759 2167 833 2200 Pla·

158 2231 231 2255 ton.
251 2223 360 2268 Gorg.
378 2235 409 2255 c.
431 2235 485 2254 20.
503 2222 537 2254 S.

208 2289 238 2316 7.
261 2278 438 2308 Plurimum
462 2275 584 2317 ‘m'goris
604 2283 635 2304 ec
653 2274 829 2304 industriam

159 2330 257 2361 Rom.
274 2331 449 2371 plurimum
475 2327 614 2369 vigoris,
645 2327 829 2363 industriae,

160 2381 233 2414 sine
253 2382 390 2426 copula.
412 2381 456 2412 H.
476 2400 521 2404 ——
543 2376 712 2422 Copulam
732 2378 833 2410 omit-

161 2441 238 2465 tunt
266 2433 367 2466 etiam
388 2432 493 2466 codd.
517 2446 534 2464 e
555 2431 727 2463 Cortianis
745 2442 753 2470 ;
773 2444 835 2476 po-

160 2493 294 2530 testque
309 2485 490 2519 commode
507 2485 636 2517 abesse.
654 2483 688 2515 S.
700 2503 745 2507 -
759 2488 832 2514 Jam

155 2552 218 2581 pro
231 2552 279 2570 se.
295 2564 302 2570 .
319 2540 464 2570 ‚remigia
479 2538 597 2578 Quum
613 2536 679 2567 illis
691 2535 833 2568 honori-

161 2591 225 2623 bus
249 2593 320 2637 jain
348 2592 551 2636 perfunctus
581 2589 622 2621 sit
637 2614 646 2629 ‚
673 2600 743 2620 non
774 2601 833 2621 ne-

162 2656 255 2675 eesse
273 2652 321 2676 est
337 2669 344 2683 ,
361 2651 399 2676 ut
413 2652 449 2676 tu
463 2656 526 2689 pro
541 2655 582 2675 eo
598 2654 738 2687 prenses
752 2642 833 2674 ami-

163 2707 220 2727 sos
232 2720 240 2735 ‚
260 2695 428 2740 supplices
443 2721 452 2736 ‚
468 2695 600 2729 ambias
612 2694 734 2727 domos
748 2719 756 2734 7
769 2701 833 2726 sta-

1397 1451 1450 1477 σο
1480 1434 1566 1478 fide

1396 1470 1419 1496 Ὁ

894 1586 1077 1632 tionesque
1095 1587 1285 1619 circumeas
1304 1597 1311 1618 :
1331 1586 1378 1618 ita
1395 1584 1488 1619 enim
1501 1583 1569 1616 Pli-

893 1639 970 1671 nius
991 1639 1033 1671 (le
1055 1639 1245 1672 ambitione
1261 1640 1295 1671 II
1310 1664 1318 1679 ‚
1336 1651 1356 1682 9
1372 1663 1380 1679 ,
1400 1638 1432 1671 5.
1453 1638 1487 1671 S.

942 1696 971 1724 S.
1007 1694 1376 1735 Sanguine....7·11bore.
1409 1688 1569 1723 Offendit

893 1744 1083 1789 tautologia
1110 1745 1146 1776 in
1168 1747 1266 1775 multo
1286 1745 1442 1787 sanguine
1456 1768 1466 1782 ,
1488 1745 1570 1774 mul-

895 1809 925 1829 m
950 1800 1077 1830 rubore.
1100 1798 1226 1829 Putant
1246 1796 1351 1841 igitur
1377 1794 1483 1840 aliqui
1509 1802 1570 1826 aut

893 1850 1062 1895 posterius
1079 1858 1195 1882 ortum
1215 1862 1287 1882 esse
1306 1861 1346 1881 ex
1372 1848 1571 1893 interpreta-

894 1903 986 1935 tione
999 1928 1007 1943 ,
1021 1910 1079 1935 aut
1093 1904 1257 1935 ruborem
1279 1901 1412 1934 dictum
1423 1914 1486 1946 pro
1499 1900 1571 1944 ipsa

895 1955 1121 1988 verecundia.
1143 1955 1231 1987 Mihi
1249 1954 1378 1987 Plinius
1398 1952 1572 1997 scripsisse

894 2008 1034 2041 videtur
1048 2011 1146 2040 multo
1159 2010 1286 2050 pudore
1306 2007 1453 2039 suffusa.
1474 2006 1537 2037 ED.

944 2074 975 2102 9.
988 2066 1083 2105 Leges
1099 2062 1244 2092 civitatis.
1261 2061 1301 2092 In
1312 2071 1381 2104 qua
1395 2061 1453 2090 dat
1465 2071 1572 2089 census

897 2116 1032 2146 honores
1050 2128 1060 2146 :
1077 2113 1138 2145 ubi
1156 2112 1312 2157 inprimis
1330 2123 1453 2144 census
1472 2122 1573 2155 eque-

900 2175 982 2206 ster,
995 2179 1065 2211 quo
1079 2166 1139 2210 qui
1154 2165 1268 2198 minus
1284 2165 1427 2197 haberet
1442 2189 1451 2204 ,
1469 2175 1574 2208 eques

899 2231 1054 2251 essenon
1068 2226 1203 2263 poterat
1213 2243 1222 2258 ‚
1237 2216 1492 2263 quadringenta
1508 2228 1573 2248 ses-

899 2271 1014 2304 tertia.
1030 2270 1113 2304 Vid.
1133 2283 1211 2303 mox
1227 2283 1282 2316 ep.
1305 2282 1357 2313 19.
1378 2270 1422 2302 G.

950 2337 1001 2356 10.
1025 2327 1068 2354 Tu
1079 2348 1086 2356 .
1099 2350 1105 2356 .
1118 2326 1310 2355 ,indubium
1325 2324 1424 2355 Rom.
1446 2324 1490 2352 Τιι
1500 2322 1574 2364 fin·-

901 2388 983 2410 tasse
995 2386 1094 2419 pletas
1113 2390 1162 2408 me
1181 2377 1359 2407 indulsisse.
1384 2374 1428 2406 H.
1455 2393 1500 2398 —
1517 2376 1574 2403 Su-

896 2442 1039 2473 praque.
1056 2453 1063 2460 .
1080 2431 1267 2460 .51!stltll'sse.
1288 2427 1422 2472 Majora
1445 2433 1478 2458 et
1504 2437 1576 2457 ain-

902 2483 1013 2528 pliora
1043 2482 1163 2514 fecisse
1197 2479 1358 2513 dicendo.
1395 2477 1508 2511 Etiam
1541 2477 1575 2509 in

901 2534 1081 2568 rhetoricis
1098 2534 1274 2577 superlatio
1295 2531 1420 2564 (licitur
1438 2543 1500 2574 pro
1521 2542 1574 2574 gr.

900 2588 1074 2633 ὑπερὲολῇ.
1091 2588 1131 2620 Ε.
1150 2608 1194 2612 ——
1207 2584 1290 2618 Vid.
1305 2585 1442 2617 Ernest.
1458 2583 1574 2615 Lexic.

899 2640 1068 2673 Technol.
1092 2642 1168 2674 Lat.
1190 2639 1329 2672 Rhetor.
1348 2650 1426 2670 voc.
1451 2636 1575 2680 Super-

902 2692 996 2726 latio.
1018 2694 1050 2725 S.
