1742 2989
596 207 941 250 EPisroLA
986 205 1037 246 Χ.
1461 216 1518 262 27

108 306 269 342 unum,
290 288 536 348 Euphrates
556 287 856 349 philosophus.
883 289 1013 330 Hunc
1040 300 1121 345 ego
1152 284 1197 327 in
1225 282 1369 344 Syria,
1383 299 1519 343 quum
1549 305 1566 325 2

107 360 456 405 adolescentulus
477 360 709 404 militarem
724 398 734 415 ,
759 361 933 420 penitus
950 368 992 403 et
1012 358 1128 402 domi
1150 356 1343 417 inspexi,
1365 357 1520 424 amari:

108 451 192 495 que
219 435 273 477 ab
299 451 350 478 eo
379 434 595 489 laboravi,
621 435 700 478 etsi
728 451 818 477 non
849 443 941 478 erat
976 431 1279 476 laborandum.
1301 432 1380 474 Est
1404 430 1520 472 enim

108 509 263 552 obvius
287 517 330 551 et
350 509 592 568 expositus,
616 507 859 568 plenusque
888 507 1187 559 humanitate,
1209 518 1340 564 quam
1366 503 1518 563 praeci-

106 582 183 642 pit.
211 584 356 643 Atque
384 583 557 626 utinam
589 582 650 625 sic
679 583 796 642 ipse,
823 598 955 642 quam
986 596 1106 641 spem
1138 588 1245 622 tunc
1271 576 1342 620 ille
1372 576 1425 619 de
1450 592 1521 619 me
1548 578 1566 610 3

106 656 329 715 concepit,
357 654 650 715 impleverim,
674 664 722 698 ut
751 654 820 698 ille
848 654 1035 698 multum
1060 652 1298 696 virtutibus
1328 651 1416 694 suis
1442 650 1521 694 ad-

106 726 237 772 didit!
266 730 355 772 Aut
380 745 462 790 ego
487 745 609 772 nunc
638 728 730 772 illas
754 730 891 789 magis
919 726 1080 779 miror,
1098 727 1199 787 quia
1227 725 1364 786 magis
1396 722 1520 767 intel-

109 800 196 863 ligo
225 817 233 847 :
258 819 524 863 quamquain
547 819 601 845 ne
622 819 740 846 nunc
766 802 943 862 quidem
969 801 1072 844 satis
1092 798 1303 859 intelligo.
1320 798 1383 840 Ut
1401 797 1526 840 enim·
1547 807 1566 841 ίὶ

104 874 158 917 de
189 876 382 936 pictore,
408 875 653 935 sculptore,
680 875 857 931 fictore,
885 875 969 918 nisi
996 873 1174 926 artifex,
1192 872 1414 933 judicare3
1434 872 1519 924 ita,

105 949 187 991 nisi
216 949 410 1009 sapiens,
439 966 528 992 non
558 959 703 1009 potest
729 950 975 1010 perspicere
1005 949 1260 1009 sapientem.
1288 946 1517 1002 Quantum

104 1021 211 1064 mihi
230 1031 376 1065 tamen
398 1038 576 1066 cernere
597 1023 749 1077 datur,
768 1023 903 1067 multa
927 1024 970 1066 in
992 1022 1221 1082 Euphrate
1243 1022 1303 1064 sic
1324 1020 1520 1063 eminent

102 1104 146 1137 et
186 1094 381 1148 elucent,
416 1105 463 1138 ut
497 1095 777 1139 mediocriter
811 1114 986 1157 quoque
1023 1096 1174 1140 doctos
1210 1094 1441 1138 advertant
1477 1102 1519 1135 et

148 1233 191 1265 X.
211 1246 237 1265 1.
257 1235 425 1277 Suffecerit
439 1247 548 1266 unum.
563 1235 663 1267 Rom.
682 1237 777 1280 Suffi-

103 1289 181 1318 cerie
204 1289 292 1318 uobis
309 1300 423 1324 unum,
440 1286 535 1319 unde
551 1289 710 1332 sufficeret
732 1289 779 1320 fa-

102 1346 195 1372 ctum
207 1364 216 1379 ,
232 1339 326 1384 quod
338 1340 475 1372 Coi-tius
490 1340 635 1385 praetulit
649 1365 657 1380 ‚
669 1353 778 1385 quum

102 1400 289 1438 utrumque
319 1405 357 1425 ex
383 1395 545 1437 suffecerit
575 1401 777 1438 corruptum

102 1446 157 1478 sit.
178 1445 221 1478 H.
248 1467 292 1470 —-
314 1446 509 1491 Euphrates
523 1471 531 1486 ,
550 1445 778 1492 philosophus

103 1498 230 1531 stoicus
242 1523 251 1539 ‚
269 1511 394 1544 genere
408 1499 589 1545 lEgyptius
606 1511 612 1531 :
633 1498 778 1532 adhaesit

102 1551 316 1597 Vespasiano
336 1551 372 1583 in
391 1554 577 1597 AEgyptuin
596 1552 749 1585 venienti
767 1563 775 1591 3

104 1605 217 1637 Romae
244 1603 416 1637 studiosus
435 1630 443 1645 ‚
465 1606 550 1638 aulae
570 1618 603 1638 se
623 1606 777 1639 insinua-

101 1657 147 1689 vit
162 1683 170 1697 ,
202 1665 305 1703 atque
335 1657 461 1691 hausto
491 1671 624 1692 veneno
656 1668 777 1706 sponte

101 1709 245 1744 decessit
262 1712 326 1744 suh
343 1710 510 1745 Adriano.
533 1713 597 1745 En.

149 1776 179 1795 2.
200 1766 475 1797 Adolescentulus.
489 1764 621 1810 Viginti
642 1766 777 1799 circiter

104 1827 276 1849 annorum
292 1842 301 1857 ,
322 1817 483 1850 tribunus
502 1826 575 1851 erat
599 1819 706 1851 tertiae
730 1819 776 1851 le-

104 1869 216 1913 gionis
243 1870 374 1914 gallicae
392 1894 400 1909 ‚
420 1882 495 1915 quae
524 1883 543 1903 a
565 1872 777 1916 Vespasiano

101 1922 136 1954 in
151 1922 284 1968 Syriam
297 1923 401 1956 missa
417 1932 501 1957 erat.
518 1925 584 1957 En.
602 1946 642 1949 ——
664 1928 777 1958 Obvius

105 1985 136 2007 et
148 1978 322 2018 expositus.
343 1978 392 2009 De
407 1990 448 2009 eo
462 2002 470 2017 ‚
489 1978 549 2023 qui
566 1990 663 2011 suam
684 1991 778 2011 men-

101 2035 183 2068 tem,
201 2042 278 2062 suos
292 2042 412 2063 sensus
425 2031 586 2064 omnibus
601 2031 707 2077 aperit
722 2056 730 2071 ‚
746 2039 777 2065 et

101 2081 226 2122 offert,
250 2082 335 2116 nihil
355 2082 563 2118 dissimulat.
585 2085 638 2118 Sic
664 2088 777 2118 candi-

102 2136 264 2166 dissimum
279 2146 309 2167 et
327 2140 467 2169 maxime
478 2141 655 2181 expositum
663 2139 777 2184 junxit

101 2186 248 2227 Quintil.
267 2189 300 2220 II
315 2214 323 2228 ,
345 2190 361 2222 5
377 2214 386 2229 ,
408 2202 467 2233 19;
483 2191 543 2223 ubi
558 2190 655 2236 plura
671 2192 776 2237 hujus

102 2238 268 2284 loquendi
289 2242 405 2274 formae
422 2243 487 2276 hae
506 2251 602 2277 aetate
619 2245 776 2290 inprimis

104 2291 294 2337 frequentis
314 2296 467 2340 exempla
484 2296 578 2329 dedit
595 2297 774 2343 Spalding.

102 2344 141 2376 E.
161 2366 205 2369 ——-
221 2347 334 2379 Immo
349 2356 400 2380 est
416 2348 452 2381 h.
468 2349 492 2382 l.
511 2350 538 2382 is
551 2375 559 2390 ‚
574 2350 634 2396 qni
647 2350 777 2384 studio-

103 2408 156 2429 sos
179 2398 232 2430 sui
252 2401 413 2440 comiter,
434 2405 547 2444 plenus
575 2405 776 2436 humanitate

103 2450 239 2495 excipit.
258 2451 429 2498 Gierigius
446 2462 524 2499 apte
540 2455 661 2489 laudat
675 2457 777 2490 Sene·

103 2515 177 2535 cain
193 2504 301 2549 Epist.
322 2507 383 2538 108
397 2532 405 2546 ‚
417 2507 458 2540 Γ.
472 2508 504 2539 II
517 2533 526 2547 ‚
539 2521 573 2554 p.
591 2509 657 2542 530
669 2535 678 2549 ‚
690 2509 773 2542 e-lit.

104 2555 245 2589 Amstel.
276 2569 283 2590 ;
305 2563 467 2591 Attalum.
483 2584 490 2592 .
507 2586 517 2598 .,
531 2586 537 2592 .
555 2574 632 2593 ,ηοη
653 2572 778 2594 tautum

100 2618 252 2649 paratum
266 2613 453 2644 discentibus
468 2638 477 2652 ‚
492 2615 550 2645 sed
562 2616 695 2646 obvium.
716 2615 749 2649 S.

154 2664 181 2692 3.
207 2666 312 2705 Aeque
331 2667 452 2697 utinam
462 2690 562 2698 .....
573 2669 773 2710 impleverim.

106 2712 202 2744 Rom.
229 2718 334 2757 Atque
359 2720 481 2750 utinam.
509 2721 552 2750 >ic
577 2733 659 2762 spem
687 2722 750 2763 ipse
763 2746 772 2759 ,

844 1249 942 1278 quam
964 1246 1038 1268 tunc
1058 1246 1089 1268 et
1103 1239 1143 1268 de
1164 1249 1213 1267 me
1232 1238 1395 1279 concepit,
1415 1238 1521 1278 imple-

845 1292 949 1321 verim.
972 1290 1016 1322 H.
1040 1311 1085 1314 —-
1108 1291 1280 1321 Virtutibus
1298 1291 1361 1320 suis
1378 1291 1518 1320 addidit.

843 1343 974 1387 Nempe
990 1345 1161 1375 virtutibus
1179 1345 1241 1374 suis
1261 1344 1381 1373 addere
1402 1340 1522 1374 dicun-

843 1402 900 1428 tur
915 1395 938 1428 ii
954 1421 962 1436 ,
983 1395 1043 1440 qui
1062 1395 1097 1427 in
1112 1394 1184 1428 dics
1204 1394 1314 1440 inagis
1330 1393 1521 1440 proficiunt

843 1447 1029 1481 virtutibus
1044 1473 1052 1488 ,
1069 1456 1102 1480 et
1122 1460 1209 1493 quas
1232 1446 1391 1481 nondum
1416 1446 1521 1480 habe-

842 1501 926 1534 bant
940 1526 948 1541 ,
969 1514 1026 1534 eas
1047 1513 1249 1547 comparare
1270 1500 1332 1532 sibi
1353 1498 1520 1532 adnitun-

842 1562 910 1587 tur.
928 1555 968 1587 E.

889 1628 934 1631 —
943 1612 1012 1639 Aut
1023 1620 1093 1650 ego.
1108 1606 1162 1640 Sic
1173 1605 1358 1653 legendum
1370 1631 1379 1645 ,
1393 1618 1463 1638 non
1477 1608 1523 1637 At

842 1674 910 1705 ego.
928 1661 1090 1700 Dixerat,
1111 1664 1171 1693 llle
1194 1663 1327 1692 multum
1347 1660 1519 1690 «virtutibus

841 1717 904 1746 suis
925 1717 1063 1747 addidit.
1084 1713 1159 1746 Hoc
1178 1726 1272 1746 nunc
1292 1718 1456 1745 retractat
1482 1724 1521 1744 ex

842 1767 959 1812 aliqua
980 1775 1078 1813 parte
1092 1792 1100 1806 ‚
1122 1774 1155 1800 et
1171 1766 1248 1799 fieri
1264 1766 1311 1799 ait
1330 1777 1432 1810 posse
1447 1789 1455 1804 ,
1483 1772 1520 1796 ut

842 1820 924 1852 olim
938 1820 1013 1853 talis
1027 1820 1129 1853 fuerit
1144 1819 1354 1865 Euphrates,
1371 1816 1516 1850 sedtum

842 1874 970 1906 nonita
985 1874 1072 1907 bene
1087 1872 1152 1905 sibi
1170 1879 1285 1905 notus.
1299 1871 1342 1904 G.
1361 1892 1405 1896 -—
1419 1872 1517 1903 Rom.

843 1930 910 1958 Aut
929 1940 984 1971 ego
1005 1940 1088 1958 nunc
1106 1928 1177 1958 illas
1192 1926 1293 1968 magis
1311 1926 1424 1962 miror,
1444 1925 1521 1966 quia

843 1982 1001 2023 intelligo,
1017 1993 1215 2023 quamquam
1232 1992 1272 2010 ne
1288 1991 1371 2010 nunc
1388 1978 1517 2020 quidem

841 2035 929 2066 satis.
964 2037 1003 2065 Ut
1031 2035 1123 2064 enim.
1153 2032 1279 2064 Merito
1304 2038 1519 2076 postremum

841 2086 987 2119 verbum
1002 2087 1142 2129 intelligo
1155 2084 1322 2118 omissum
1336 2091 1386 2117 est
1400 2109 1408 2123 ,
1425 2082 1521 2128 qnod

842 2139 970 2184 vulgati
983 2138 1113 2172 habent
1127 2163 1135 2178 ‚
1150 2138 1184 2170 in
1206 2137 1332 2183 quihus
1354 2149 1436 2170 vero
1456 2148 1517 2169 an-

841 2202 896 2225 tea
915 2192 1043 2225 rectius
1066 2199 1138 2231 est,
1160 2192 1237 2233 quia
1254 2204 1336 2222 nunc
1351 2192 1453 2234 magis
1474 2192 1525 2221 iu-

841 2247 964 2289 telligo,
988 2245 1108 2278 iterato
1122 2243 1300 2278 adverbio.
1319 2243 1362 2276 H.

890 2306 919 2336 4.
946 2302 987 2330 Ue
1000 2300 1252 2343 enim...fictore.
1266 2298 1364 2329 Rom.
1386 2300 1427 2327 Ut
1436 2297 1518 2326 euim

841 2354 881 2384 de
889 2353 1014 2394 pictore
1024 2377 1033 2389 ,
1051 2354 1209 2394 scalptore
1219 2376 1228 2389 ,
1237 2353 1370 2396 fictore.
1386 2348 1431 2380 H.

890 2407 919 2436 5.
953 2408 1115 2446 Quantum
1125 2429 1224 2437 .....
1235 2406 1382 2435 eminent.
1412 2401 1511 2433 Rom.

843 2460 1004 2499 Quantum
1016 2467 1121 2490 tamen
1133 2459 1231 2490 datur
1244 2458 1322 2488 mihi
1329 2458 1359 2487 in
1372 2455 1517 2497 Euphra-

842 2519 871 2540 te
890 2523 1015 2542 cernere
1028 2536 1037 2549 ,
1059 2513 1160 2542 multa
1179 2513 1223 2542 sic
1242 2511 1386 2540 eminent.
1406 2506 1449 2539 H.
1471 2526 1517 2530 —

842 2565 993 2595 Eminent
1017 2574 1048 2595 et
1069 2566 1202 2596 elucent.
1228 2561 1274 2593 Ut
1298 2561 1332 2593 in
1359 2559 1514 2605 pictura,

843 2627 918 2660 quae
932 2616 1042 2648 multo
1055 2616 1188 2648 lumine
1205 2615 1371 2647 instructa
1387 2619 1467 2645 sunt
1482 2618 1515 2643 et

842 2669 971 2702 umbrae
983 2669 1158 2715 adjuncta.
1170 2668 1224 2700 Cf.
1238 2667 1314 2700 Lib.
1328 2666 1394 2706 ΙΙΙ,
1408 2678 1420 2697 1
1429 2665 1462 2704 3,
1479 2671 1514 2703 43

843 2722 899 2754 ubi
916 2725 1001 2753 elam
1017 2730 1048 2753 et
1064 2725 1189 2753 excelsa
1206 2721 1237 2753 in
1253 2719 1408 2753 oratione
1424 2729 1515 2751 com-
