1742 2989
524 205 867 246 EPISTULA
906 205 1058 245 XXV.

1401 223 1423 248 ⁶).
1434 204 1487 266 ,¹37

94 301 340 346 magnoque
367 284 555 328 clamore
581 285 642 337 ei,
668 285 740 344 qui
768 285 1028 344 scripsisset,
1059 285 1215 327 iratum
1249 287 1488 347 principem

96 369 159 402 ost
193 366 504 419 comprecatus.
535 356 613 400 Ille
654 366 798 400 tamen
840 356 1015 406 fefellit,
1046 366 1088 400 et
1129 357 1280 412 latuit,
1314 358 1492 403 fortasse

97 432 227 474 etiam
249 432 360 474 inter
381 429 656 489 indignantes
679 429 772 472 suit.
793 429 911 485 Quid
935 430 1051 473 hunc
1074 439 1278 490 putamus
1298 431 1415 474 domi
1435 433 1494 475 sa-
1524 443 1542 475 3

97 520 218 558 cere,
245 504 318 564 qui
347 504 390 546 in
415 512 535 546 tanta
562 519 606 545 re
622 537 633 557 ,
655 511 743 545 tam
769 504 879 545 serio
905 512 1123 562 tempore,
1147 513 1234 545 tam
1256 503 1495 548 scurriliter

98 576 249 621 ludat?
276 577 350 637 qui
385 575 572 635 denique
608 576 788 618 omnino
820 576 863 617 in
895 585 1047 618 senatu
1077 574 1201 618 dicax
1230 585 1271 618 et
1301 576 1495 620 urbanus

99 660 139 694 et
166 649 302 693 bellus
327 647 419 692 est?
446 650 635 691 Tantum
664 648 845 691 licentiae
872 648 1015 707 pravis
1042 648 1227 709 ingeniis
1250 648 1398 709 adjicit
1426 650 1495 693 illa
1523 664 1540 697 .ῑ

100 722 255 766 fiducia
272 757 282 776 ,
310 724 419 780 Quis
443 724 558 764 enim
581 721 723 764 sciet?
748 722 952 781 Poposcit
977 720 1176 774 tabellas,
1201 721 1348 766 stilum
1372 740 1494 767 acce-

100 797 187 856 pit,
213 794 384 837 demisit
406 802 562 853 caput,
585 794 803 836 neminem
825 803 1022 848 veretur,
1042 810 1085 837 se
1111 796 1364 839 contemnit.
1389 796 1498 839 lnde

101 869 180 911 ista
205 866 417 922 ludibria,
441 882 569 910 scena
591 876 635 910 et
655 865 826 927 pulpito
852 865 996 926 digna.
1020 869 1123 924 Quo
1150 877 1191 910 te
1215 867 1383 912 vertas?
1404 886 1498 929 quae
1528 894 1544 923 5

101 938 290 982 remedia
317 938 581 999 conquiras?
608 939 781 999 Ubique
809 939 912 983 vitia
939 940 1137 984 remediis
1162 942 1354 986 fortiora.
1383 937 1500 987 Ᾱλλά

100 1020 233 1057 ταῦτα
261 1020 340 1055 τῶν
372 1014 467 1072 ὑπὲρ
494 1017 598 1071 ἡμεῖς
628 1011 739 1068 ἄλλῳ
768 1015 952 1071 μελήσει,
980 1014 1047 1055 cui
1084 1012 1268 1057 inultum
1305 1016 1500 1074 quotidie

102 1086 373 1147 vigiliarum,
400 1084 587 1128 multum
614 1084 772 1128 laboris
798 1084 945 1144 adjicit
973 1086 1062 1128 haec
1093 1096 1236 1129 nostra
1269 1089 1405 1141 iners,
1428 1089 1499 1131 sed

102 1168 247 1201 tamen
271 1157 481 1201 effrenata
506 1156 757 1218 petulantia.
773 1157 893 1200 Vale.

151 1305 182 1324 2.
205 1295 387 1336 Magnoque
408 1294 546 1324 clamore
559 1317 566 1329 ,
585 1300 648 1324 etc.
671 1292 767 1324 Rom.

106 1348 288 1388 Blagnoque
305 1347 445 1377 clamore
464 1346 495 1375 in
514 1357 582 1375 eum
594 1370 602 1382 ,
625 1347 680 1387 qui
696 1345 772 1376 scri-

99 1399 230 1439 psisset,
251 1399 368 1428 iratum
381 1399 558 1440 principem
582 1400 770 1440 imprecatus

105 1459 161 1481 est.
177 1449 220 1482 H.
234 1470 277 1473 —
288 1451 604 1492 Iruttmzprincipem.
619 1450 676 1482 Uti
689 1462 771 1483 con-

104 1508 156 1534 tra
173 1504 347 1544 propicium
368 1504 545 1545 principem
575 1513 772 1548 compreca-

106 1553 244 1587 bantur.
263 1553 345 1586 Vid.
365 1554 437 1594 VI,
454 1556 471 1588 5
484 1579 492 1593 ‚
512 1557 542 1587 5.
565 1554 607 1588 G.

155 1606 187 1639 3.
214 1610 292 1638 Tam
306 1609 386 1638 serio
403 1616 560 1649 tempore,
584 1614 649 1639 etc.
673 1608 770 1639 Rom.

106 1668 171 1690 tam
185 1661 265 1691 serio
280 1669 418 1702 tempore
430 1661 603 1691 scurriliter
616 1662 691 1691 luda
697 1670 716 1692 t.
728 1659 771 1692 H.

108 1730 151 1734 —
170 1714 283 1744 Ludat.
299 1711 438 1743 Praestat
454 1711 595 1756 Gierigii
615 1712 775 1746 alioruin-

108 1774 174 1808 que
192 1766 282 1795 ludit.
300 1764 334 1796 S.

156 1820 189 1856 4.
215 1817 374 1847 Tabellas.
395 1816 477 1860 Leg.
506 1818 665 1847 tabellam.
689 1816 776 1849 Scri-

108 1876 207 1914 ptum
221 1867 286 1900 fuit
303 1870 424 1900 tabella
434 1893 441 1903 ‚
461 1867 519 1899 ubi
529 1880 637 1913 quum
651 1867 775 1900 lineola

110 1929 303 1953 transversa
316 1944 324 1960 ,
341 1919 435 1965 quod
448 1920 483 1952 in
499 1920 676 1953 codicibus
689 1932 776 1965 saepe

110 1974 238 2006 factum
253 1998 262 2014 ‚
283 1970 478 2012 excidisset,
495 1980 572 2017 post
587 1973 661 2005 voci
680 1972 727 2005 illi
744 1986 774 2010 s,

109 2025 270 2071 proximae
292 2025 403 2070 prima
426 2024 523 2058 litera
538 2049 547 2065 ‚
568 2023 721 2057 adhaesit.
742 2025 775 2058 S.

109 2099 156 2103 —
168 2080 300 2110 Demisic
315 2087 425 2120 caput.
442 2077 622 2111 scribendi
635 2089 754 2110 caussa
769 2102 777 2117 ,

112 2131 147 2163 in
167 2131 279 2164 sinum
301 2130 423 2172 vestis,
441 2142 510 2175 quo
533 2130 624 2163 facto
644 2142 713 2163 non
732 2130 779 2163 ita

113 2183 213 2216 facile
230 2189 391 2228 apparet,
411 2182 439 2216 si
456 2183 666 2216 conscientia
679 2183 781 2216 rubo-

114 2247 185 2268 rem
203 2234 251 2266 illi
270 2237 447 2281 exprimat.
468 2236 589 2281 Itaque
607 2248 676 2268 non
691 2235 781 2267 mul-

114 2294 188 2320 tum
214 2286 328 2320 tribuo
355 2289 560 2334 conjectura}
584 2299 686 2328 meae,
713 2300 781 2332 qua

114 2340 277 2385 putabam
288 2364 297 2379 ‚
313 2340 400 2373 forte
424 2340 585 2384 scriptum
606 2340 710 2373 fuisse
727 2342 781 2372 de-

116 2395 201 2425 misit
223 2395 384 2431 tabulam,
406 2393 441 2425 id
463 2400 513 2426 est
525 2417 534 2432 ‚
552 2395 694 2424 tabulam
712 2394 783 2426 suf-

116 2444 236 2490 fragii,
260 2445 293 2477 in
323 2444 472 2478 situlam.
493 2445 536 2477 G.
552 2465 597 2469 —
611 2444 784 2478 Gesnerus

116 2504 291 2541 argutatus
302 2504 364 2537 est,
373 2509 479 2542 quum
491 2497 548 2529 illa
559 2497 733 2530 scriberet.
744 2498 784 2530 In

118 2549 175 2580 illo
190 2559 287 2591 caput
301 2551 463 2580 demittere
479 2548 524 2580 nil
543 2556 591 2580 est
611 2548 706 2581 alind
722 2549 784 2581 nisi

838 1300 939 1336 caput
970 1291 1167 1333 incurvare,
1192 1302 1228 1326 ut
1252 1293 1312 1335 fit,
1333 1296 1505 1328 scribendi

836 1356 956 1377 caussa
967 1356 975 1384 ;
988 1352 1101 1389 gestus
1112 1353 1144 1378 et
1155 1354 1249 1379 actus
1265 1345 1506 1381 describuntur

836 1396 985 1430 hominis
1005 1396 1049 1430 ad
1072 1398 1291 1431 scribendum
1315 1411 1350 1432 se
1369 1413 1507 1445 compa-

836 1450 954 1482 rantis.
975 1450 1046 1483 Nec
1066 1450 1109 1482 (le
1133 1450 1211 1483 sinu
1234 1453 1337 1484 vestis
1352 1477 1360 1492 ,
1380 1465 1444 1486 nec
1464 1453 1506 1485 do

836 1501 962 1534 rubore
978 1501 1194 1535 conscientiae
1210 1504 1448 1549 cogitandum.
1466 1506 1505 1538 E.

837 1574 881 1578 -——-
900 1556 1066 1586 Neminem
1085 1564 1229 1593 veretur,
1251 1563 1314 1589 etc.
1339 1558 1435 1590 Rom.
1455 1571 1508 1588 ne-

838 1608 952 1638 minem
966 1617 1110 1645 veretur,
1131 1610 1189 1639 sed
1201 1612 1384 1642 contemnit.
1402 1611 1445 1643 H.

886 1659 918 1691 5.
935 1655 1024 1694 Ᾱὶλὰ
1044 1665 1160 1694 ταῦτα..
1183 1660 1261 1692 Non
1279 1668 1370 1693 recte
1389 1660 1510 1693 distin-

840 1719 961 1744 xerunt
980 1713 1105 1758 nuperi
1122 1712 1270 1745 editores
1284 1737 1293 1752 ,
1307 1726 1420 1758 neque
1444 1727 1511 1745 nie-

839 1764 904 1796 lius
930 1764 1147 1810 interpretati
1168 1772 1246 1797 sunt
1266 1764 1350 1805 ista,
1373 1769 1431 1797 sed
1444 1769 1511 1798 lare

840 1818 898 1848 alii
927 1829 1034 1847 eorum
1051 1841 1060 1856 ,
1093 1819 1150 1860 qui
1178 1829 1275 1859 snpra
1309 1831 1384 1856 nos,
1421 1829 1513 1850 eraut

840 1880 934 1901 curat.
951 1868 1130 1901 Debebant
1155 1869 1200 1901 ita
1219 1880 1226 1900 ;
1248 1871 1312 1900 Sed
1329 1872 1396 1902 lm’c
1414 1885 1511 1913 snpra

841 1933 897 1951 nos
909 1933 919 1950 .·
934 1921 992 1951 alii
1004 1933 1088 1952 cutte
1099 1930 1190 1952 erunt
1198 1935 1209 1959 ;
1222 1921 1385 1954 nimirum
1396 1923 1513 1969 Traja-

841 1984 901 2012 no,
914 1972 1043 2017 optimo
1053 1972 1201 2018 principi
1212 1997 1220 2013 ,
1235 1976 1287 2005 cui
1296 1977 1426 2006 multum
1437 1989 1514 2018 qno-

843 2025 919 2055 tidie
948 2026 1133 2067 vigiliarum
1147 2051 1155 2063 ‚
1187 2032 1252 2057 etc.
1281 2025 1512 2073 Adjungenda

842 2076 933 2108 enim
944 2076 1016 2109 haec
1026 2078 1216 2123 propositio
1230 2104 1238 2119 ,
1250 2090 1313 2110 nec
1325 2104 1334 2119 ,
1351 2087 1386 2112 ut
1400 2080 1514 2113 adhuc

842 2131 972 2162 factum
984 2155 992 2169 ‚
1006 2131 1225 2176 interpuncto
1239 2144 1258 2164 a
1275 2131 1403 2165 Graecis
1422 2146 1515 2179 sepa-

843 2181 965 2214 randa.
977 2182 1196 2216 G.—Graeca
1210 2183 1245 2216 in
1257 2185 1355 2218 Rom.
1370 2185 1513 2227 desunt,

843 2245 918 2279 quae
933 2234 977 2267 ita
994 2235 1116 2268 Latine
1134 2243 1300 2268 converto
1320 2249 1327 2269 :
1346 2241 1410 2270 Sed
1425 2241 1493 2271 hcc-c
1504 2266 1512 2277 ‚

845 2300 917 2329 qnoe
931 2300 1026 2330 supra
1044 2301 1099 2319 νιος
1119 2298 1209 2326 snut,
1229 2292 1288 2322 alii
1305 2304 1390 2323 curce
1409 2302 1513 2325 erunt.

847 2340 897 2371 Ita
910 2364 918 2380 ,
935 2347 972 2371 ut
984 2348 1057 2384 post
1071 2343 1158 2387 ἡμᾶς
1174 2341 1366 2383 incidatur,
1384 2356 1454 2376 non
1468 2352 1518 2378 est

847 2404 995 2425 necesse.
1018 2392 1063 2425 H.
1084 2413 1128 2418 ——
1146 2394 1348 2427 Accuratius
1369 2395 1415 2428 sic
1436 2408 1518 2429 con-

848 2452 958 2477 vertas
983 2457 990 2477 2
1016 2447 1078 2477 Sed
1097 2447 1164 2477 lzoec
1184 2460 1224 2478 ex
1249 2449 1302 2481 iis.
1329 2461 1399 2489 ‘lna‘
1422 2462 1517 2490 supra

850 2510 905 2529 nos
918 2523 926 2535 ‚
943 2500 1002 2530 alii
1015 2511 1099 2530 curce
1117 2510 1219 2531 erunt.
1244 2501 1328 2531 Anto
1348 2503 1430 2546 ἄλλῳ
1452 2502 1518 2534 sor-

852 2558 938 2583 tasse
958 2553 977 2584 οἵ
997 2550 1133 2583 excidit.
1152 2554 1184 2583 S.

758 2674 914 2689 *osb—-
