1742 2989
550 235 900 277 EPISTULA
942 236 1061 277 XII.

1425 251 1509 296 ¹75>

108 319 200 378 ejus
221 317 346 379 (illuc
375 316 517 372 enim,
538 315 655 358 unde
685 316 821 376 coepi,
850 314 1069 373 revertor)
1094 331 1183 358 non
1214 314 1323 358 solet
1351 325 1510 378 tenere.

110 392 225 435 Nam
260 390 304 432 in
336 390 420 432 hoc
441 405 530 432 uno
560 388 783 431 interdum
799 424 810 445 ,
834 389 900 432 vir
924 388 1084 448 alioqui
1117 387 1482 448 prudentissimus
1500 425 1510 443 ,
1537 410 1557 439 9

109 464 290 507 honesto
309 462 509 523 quidem,
536 461 610 505 sed
629 471 776 505 tamen
806 479 954 505 errore
984 471 1205 517 versatur⁷
1227 461 1345 522 quod
1380 462 1516 522 pluris

109 539 271 581 amicos
291 553 412 591 suos,
433 552 565 596 quam
587 545 710 592 sunt,
730 536 985 579 arbitratur.
1007 534 1129 579 Vale.

125 698 668 710 mmmxzxsumsttzmsmx.
674 697 850 707 “mmmmm
855 697 1031 707 nanuum-s
1037 695 1503 707 smx=w1m=xxsnxxzmsmzx

742 856 888 911 XII.

112 1016 295 1052 Invitatus
316 1015 363 1051 ad
382 1027 548 1059 coenam,
564 1026 640 1062 qua
657 1013 875 1049 conditione
892 1012 1014 1048 iturus
1029 1020 1093 1056 sit,
1116 1011 1332 1060 respondet.
1350 1012 1525 1048 jucunda

183 1079 344 1129 epistola
368 1079 499 1129 paucis
525 1076 706 1114 describit
732 1078 938 1112 convivium
966 1076 1077 1125 quale
1104 1075 1237 1112 deceat
1265 1089 1345 1112 esse
1373 1076 1526 1125 sapien-

187 1154 276 1180 tum.
306 1147 375 1180 En.

401 1277 440 1304 c.
479 1275 710 1303 PLINIUS
747 1274 982 1303 CATILIO
1011 1257 1028 1274 '⁶

1065 1274 1166 1301 SUO
1203 1275 1237 1302 S.

180 1394 374 1435 VENIAM
399 1388 453 1431 ad
482 1403 682 1431 coenam:
705 1386 780 1430 sed
804 1387 895 1446 jam
924 1403 1043 1429 nunc
1075 1387 1297 1446 paciscor,
1328 1388 1384 1430 sit
1401 1404 1527 1448 expe-

118 1466 227 1519 dita,
249 1465 305 1507 sit
336 1477 495 1523 parea:
529 1460 762 1504 Socraticis
795 1469 968 1502 tantum
997 1460 1274 1503 sermonibus
1300 1460 1526 1504 abundet:

119 1539 162 1581 in
181 1537 249 1581 his
282 1551 457 1596 quoque
492 1543 640 1577 teneat
674 1533 867 1576 modum.
895 1534 1040 1576 Erunt
1069 1532 1214 1577 officia
1243 1533 1527 1585 antelucana,

119 1612 163 1654 in
197 1626 292 1670 quae
318 1607 508 1652 incidere
535 1608 715 1668 impune
747 1623 801 1649 ne
828 1607 988 1650 Catoni
1017 1606 1195 1667 quidem
1222 1606 1371 1661 licuit,
1398 1625 1528 1669 quem

165 1742 245 1774 XII.
260 1741 275 1757 *
294 1741 419 1772 Catilio.
437 1738 515 1772 Sine
535 1737 640 1770 dubio
659 1745 707 1770 est
729 1740 788 1769 Ca-

120 1797 205 1826 tilius
215 1797 357 1830 Severus,
371 1790 415 1823 ad
427 1803 530 1834 quem
543 1791 574 1829 Ι,
585 1802 640 1835 ep.
656 1803 709 1822 22.
722 1790 787 1821 En.

169 1861 201 1880 2.
233 1847 349 1890 Officia
381 1845 584 1875 antelucana.
611 1843 688 1874 Non
713 1850 792 1874 sunt

122 1913 159 1933 ea
175 1925 183 1940 ‚
197 1910 272 1945 quae
289 1905 367 1930 ante
380 1896 494 1929 lucem
507 1895 617 1927 Plinio
633 1893 791 1927 obeunda

121 1959 218 1986 erant
232 1977 240 1992 ‚
272 1958 310 1983 ut
334 1949 484 1982 Cellario
524 1947 636 1981 visum
664 1960 671 1980 :
699 1945 795 1992 quod

121 2005 224 2039 docto
242 2004 332 2043 vim,
350 2002 456 2035 moris
472 2009 503 2033 et
519 2000 683 2034 sermonis
705 1998 794 2031 anti-

122 2059 182 2105 qui
199 2056 404 2103 peritissimo
416 2079 424 2095 ,
440 2054 475 2086 111
495 2061 646 2086 mentem
662 2052 794 2085 venisse

123 2112 241 2144 miror.
260 2111 377 2155 Officia
388 2107 447 2140 hic
466 2114 545 2140 sunt
559 2106 623 2152 ipsi
637 2105 794 2138 homines

125 2163 169 2197 ad
195 2162 352 2196 officium
377 2159 637 2199 convenientes,
664 2157 699 2190 id
725 2165 793 2196 est,

124 2216 329 2249 salutatores
346 2238 355 2252 ,
382 2212 589 2245 deductores
604 2236 612 2251 ‚
645 2210 705 2256 qui
735 2209 796 2241 lio-

124 2268 217 2302 noris
224 2278 344 2301 caussa
356 2264 401 2298 ad
413 2265 563 2310 aliquem
574 2263 795 2301 conveniunt,

124 2332 274 2365 eumque
311 2317 512 2351 comitantes
546 2317 580 2349 in
617 2316 796 2362 publicum

124 2372 309 2419 prodeunt.
325 2372 377 2403 Ita
391 2371 461 2415 ipse
470 2369 599 2402 Plinius
612 2369 671 2401 lib.
687 2370 703 2401 I
715 2394 723 2409 ‚
740 2380 794 2412 ep.

128 2427 144 2459 5
158 2452 166 2466 ,
191 2438 245 2466 11,
268 2425 408 2470 officium
422 2424 572 2465 praetoris
584 2447 593 2460 ,
616 2429 648 2454 et
665 2433 789 2466 paneg.

125 2491 155 2511 c.
179 2477 327 2511 LXXVI
341 2501 349 2516 ‚
379 2483 462 2508 extr.
496 2476 697 2517 imperatoris
729 2487 793 2505 mo-

126 2533 232 2562 dicum
245 2529 345 2568 dicit,
359 2540 486 2573 paucos
502 2526 698 2571 significans
710 2551 718 2566 ,
733 2526 792 2571 qui

128 2583 371 2628 imperatorem
390 2580 547 2614 comitari
565 2578 656 2612 soliti
673 2585 796 2612 essent.

129 2635 270 2668 Sueton.
291 2635 376 2667 Caes.
393 2646 424 2666 c.
440 2632 573 2672 LXXI,
589 2630 798 2664 Masintham

129 2687 245 2719 scribit
264 2699 284 2720 a
304 2687 436 2720 Caesare
457 2687 542 2717 inter
564 2686 674 2730 officia
688 2697 800 2726 prose-

132 2741 290 2781 quentium
310 2746 466 2772 avectum
480 2762 489 2778 ,
509 2736 543 2770 id
564 2744 632 2777 cst,
653 2737 684 2769 in
701 2736 798 2769 turba

854 1738 1148 1782 prosequentium.
1163 1738 1292 1771 Plinius
1307 1752 1388 1784 ergo
1402 1752 1472 1773 non
1487 1740 1529 1774 (le

855 1790 942 1827 suis,
965 1798 1025 1822 aut
1044 1791 1185 1824 Catonis
1205 1791 1329 1825 officiis
1352 1793 1506 1838 loquitur
1520 1819 1529 1833 ‚

857 1842 918 1875 sed
932 1842 1088 1875 homines
1104 1842 1149 1875 ad
1169 1844 1389 1877 antelucanas
1406 1845 1531 1878 saluta-

858 1895 966 1928 tiones
981 1895 1045 1927 sub
1065 1895 1146 1939 galli
1165 1905 1306 1928 cantum
1322 1896 1530 1942 prodeuntes

859 1948 1027 1993 significat
1055 1959 1063 1980 ε
1091 1948 1124 1980 in
1152 1961 1237 1993 quos
1264 1951 1422 1988 incidere,
1451 1950 1530 1989 vel,

860 2000 985 2045 quibus
1003 2013 1185 2034 occurrere
1200 2026 1208 2041 ‚
1226 2013 1269 2033 ne
1288 2002 1374 2034 Cato
1391 2002 1533 2048 quidem

861 2053 1020 2098 impune,
1047 2053 1120 2087 sine
1144 2067 1271 2099 magno
1298 2054 1455 2099 pudore,
1476 2061 1534 2101 po-

860 2105 974 2138 tuerit.
1012 2105 1079 2140 Sed
1112 2105 1155 2140 de
1188 2106 1240 2139 his
1271 2107 1373 2153 plura
1401 2107 1472 2141 dixi
1500 2108 1533 2140 in

862 2156 997 2191 dissert.
1018 2171 1096 2191 mea
1116 2158 1159 2191 de
1177 2158 1440 2194 salutationibus
1463 2174 1535 2194 ma-

862 2211 991 2244 tutinis.
1008 2210 1052 2244 H.
1065 2232 1112 2236 ——‹
1127 2213 1243 2257 Officia
1258 2216 1471 2252 ancelncmza;
1483 2227 1537 2246 eo—

862 2276 956 2301 rum,
977 2264 1037 2308 qui
1050 2275 1137 2309 saepe
1153 2264 1355 2298 antelucem
1369 2274 1535 2311 patronos

862 2328 941 2349 suos
967 2315 1107 2350 adibant
1135 2317 1308 2350 salutandi
1331 2331 1465 2351 caussa.
1494 2320 1532 2351 In

862 2368 925 2401 hos
943 2368 1044 2414 igitur
1062 2369 1266 2403 salutatores
1286 2383 1387 2403 inane
1404 2383 1423 2403 a
1441 2383 1535 2403 coena

858 2422 1019 2454 hesterna
1032 2421 1236 2455 redeuntem
1249 2422 1400 2456 incidere
1413 2431 1537 2468 ‚turpe

860 2474 960 2507 fuerit
976 2499 985 2514 ‚
1005 2487 1113 2520 quum
1134 2475 1168 2508 id
1190 2489 1233 2509 ne
1247 2476 1369 2509 Catoni
1396 2475 1535 2521 quidem

861 2528 1001 2571 impune
1028 2526 1189 2568 licuerit3
1215 2540 1294 2560 nain
1327 2528 1375 2560 illi
1400 2528 1433 2560 in
1457 2541 1536 2562 euin

865 2580 1063 2621 irruerunt,
1094 2588 1125 2613 et
1156 2588 1259 2626 caput
1288 2581 1380 2613 obvii
1412 2590 1538 2615 retexe-

864 2640 956 2665 runt.
980 2633 1021 2665 E.
1038 2654 1082 2658 ——
1099 2636 1131 2665 C.
1153 2637 1268 2665 c'cesar.
1290 2633 1336 2664 Ut
1354 2633 1538 2666 verisimile

867 2691 935 2724 est,
957 2684 993 2718 in
1009 2685 1236 2719 Anti-Catone
1255 2698 1338 2726 suo,
1363 2686 1537 2719 Ciceronis

867 2737 987 2770 Catoni
1012 2737 1165 2772 Uticensi
1191 2737 1371 2783 opposit0‚
1400 2736 1443 2770 de
1468 2750 1537 2783 quo

1261 2811 1332 2838 1·)..

1556 1555 1571 1573 b:
