<?xml version="1.0" encoding="UTF-8"?>
<!DOCTYPE html PUBLIC "-//W3C//DTD XHTML 1.0 Transitional//EN"
    "http://www.w3.org/TR/xhtml1/DTD/xhtml1-transitional.dtd">
<html xmlns="http://www.w3.org/1999/xhtml" xml:lang="en" lang="en">
 <head>
  <title>
</title>
<meta http-equiv="Content-Type" content="text/html;charset=utf-8" />
  <meta name='ocr-system' content='tesseract 3.04.00' />
  <meta name='ocr-capabilities' content='ocr_page ocr_carea ocr_par ocr_line ocrx_word'/>
</head>
<body>
  <div class='ocr_page' id='page_1' title='image "./epistolarumlibri01plinuoft_0104.png"; bbox 0 0 1742 2989; ppageno 0'>
   <div class='ocr_carea' id='block_1_1' title="bbox 159 204 1132 257">
    <p class='ocr_par' dir='ltr' id='par_1_1' title="bbox 159 204 1132 257">
     <span class='ocr_line' id='line_1_1' title="bbox 159 204 1132 257; baseline 0 -10"><span class='ocrx_word' id='word_1_1' title='bbox 159 206 218 257; x_wconf 68' lang='lat'>24</span> <span class='ocrx_word' id='word_1_2' title='bbox 590 205 638 248; x_wconf 92' lang='lat' dir='ltr'>C.</span> <span class='ocrx_word' id='word_1_3' title='bbox 672 204 899 247; x_wconf 88' lang='lat' dir='ltr'><strong>PLINII</strong></span> <span class='ocrx_word' id='word_1_4' title='bbox 934 205 1061 249; x_wconf 88' lang='lat' dir='ltr'>LIB.</span> <span class='ocrx_word' id='word_1_5' title='bbox 1097 205 1132 248; x_wconf 93' lang='grc' dir='ltr'>Ι.</span> 
     </span>
    </p>
   </div>
   <div class='ocr_carea' id='block_1_2' title="bbox 88 284 1565 638">
    <p class='ocr_par' dir='ltr' id='par_1_2' title="bbox 88 284 1565 638">
     <span class='ocr_line' id='line_1_2' title="bbox 156 284 1565 346; baseline -0.001 -17"><span class='ocrx_word' id='word_1_6' title='bbox 156 285 311 329; x_wconf 86' lang='lat' dir='ltr'>sectari</span> <span class='ocrx_word' id='word_1_7' title='bbox 328 302 336 328; x_wconf 90' lang='lat'>:</span> <span class='ocrx_word' id='word_1_8' title='bbox 355 301 579 346; x_wconf 87' lang='lat' dir='ltr'>quumque</span> <span class='ocrx_word' id='word_1_9' title='bbox 601 284 772 345; x_wconf 82' lang='lat' dir='ltr'><strong>plebem</strong></span> <span class='ocrx_word' id='word_1_10' title='bbox 792 285 928 346; x_wconf 85' lang='lat' dir='ltr'>ipsam</span> <span class='ocrx_word' id='word_1_11' title='bbox 942 320 953 340; x_wconf 79' lang='grc'>,</span> <span class='ocrx_word' id='word_1_12' title='bbox 972 287 1040 330; x_wconf 89' lang='lat' dir='ltr'>cui</span> <span class='ocrx_word' id='word_1_13' title='bbox 1062 284 1371 330; x_wconf 80' lang='lat' dir='ltr'>consulebatur</span> <span class='ocrx_word' id='word_1_14' title='bbox 1385 319 1395 337; x_wconf 82' lang='lat'>‚</span> <span class='ocrx_word' id='word_1_15' title='bbox 1417 284 1565 328; x_wconf 89' lang='lat' dir='ltr'>limine</span> 
     </span>
     <span class='ocr_line' id='line_1_3' title="bbox 156 357 1563 420; baseline -0.001 -18"><span class='ocrx_word' id='word_1_16' title='bbox 156 360 286 402; x_wconf 77' lang='lat' dir='ltr'>curiae</span> <span class='ocrx_word' id='word_1_17' title='bbox 320 359 560 419; x_wconf 87' lang='lat' dir='ltr'>parietibus</span> <span class='ocrx_word' id='word_1_18' title='bbox 587 358 864 402; x_wconf 81' lang='lat' dir='ltr'>discreverim</span> <span class='ocrx_word' id='word_1_19' title='bbox 880 393 891 412; x_wconf 81' lang='lat'>,</span> <span class='ocrx_word' id='word_1_20' title='bbox 915 376 969 403; x_wconf 89' lang='lat' dir='ltr'>ne</span> <span class='ocrx_word' id='word_1_21' title='bbox 993 376 1122 420; x_wconf 88' lang='lat' dir='ltr'>quam</span> <span class='ocrx_word' id='word_1_22' title='bbox 1149 359 1191 401; x_wconf 91' lang='lat' dir='ltr'>in</span> <span class='ocrx_word' id='word_1_23' title='bbox 1216 358 1405 419; x_wconf 89' lang='lat' dir='ltr'>speciem</span> <span class='ocrx_word' id='word_1_24' title='bbox 1428 357 1563 400; x_wconf 88' lang='lat' dir='ltr'>ambi-</span> 
     </span>
     <span class='ocr_line' id='line_1_4' title="bbox 155 422 1564 492; baseline -0.001 -18"><span class='ocrx_word' id='word_1_25' title='bbox 155 432 286 475; x_wconf 83' lang='lat' dir='ltr'>tionis</span> <span class='ocrx_word' id='word_1_26' title='bbox 319 432 579 484; x_wconf 80' lang='lat' dir='ltr'>inciderem3</span> <span class='ocrx_word' id='word_1_27' title='bbox 616 449 733 476; x_wconf 91' lang='lat' dir='ltr'>nunc</span> <span class='ocrx_word' id='word_1_28' title='bbox 771 448 843 475; x_wconf 87' lang='lat' dir='ltr'>eos</span> <span class='ocrx_word' id='word_1_29' title='bbox 875 433 1029 487; x_wconf 77' lang='lat' dir='ltr'>etiam,</span> <span class='ocrx_word' id='word_1_30' title='bbox 1060 432 1113 476; x_wconf 84' lang='lat' dir='ltr'>ad</span> <span class='ocrx_word' id='word_1_31' title='bbox 1149 422 1258 492; x_wconf 81' lang='lat' dir='ltr'>quos</span> <span class='ocrx_word' id='word_1_32' title='bbox 1295 448 1347 475; x_wconf 83' lang='lat' dir='ltr'>ex</span> <span class='ocrx_word' id='word_1_33' title='bbox 1382 446 1564 474; x_wconf 84' lang='lat' dir='ltr'>munere</span> 
     </span>
     <span class='ocr_line' id='line_1_5' title="bbox 155 504 1564 567; baseline -0.001 -20"><span class='ocrx_word' id='word_1_34' title='bbox 155 515 305 548; x_wconf 87' lang='lat' dir='ltr'>nostro</span> <span class='ocrx_word' id='word_1_35' title='bbox 327 505 435 548; x_wconf 88' lang='lat' dir='ltr'>nihil</span> <span class='ocrx_word' id='word_1_36' title='bbox 460 506 651 566; x_wconf 85' lang='lat' dir='ltr'>pertinet</span> <span class='ocrx_word' id='word_1_37' title='bbox 671 515 827 566; x_wconf 84' lang='lat' dir='ltr'>praeter</span> <span class='ocrx_word' id='word_1_38' title='bbox 847 505 1094 567; x_wconf 84' lang='lat' dir='ltr'>exemplum</span> <span class='ocrx_word' id='word_1_39' title='bbox 1110 542 1122 561; x_wconf 82' lang='lat'>‚</span> <span class='ocrx_word' id='word_1_40' title='bbox 1141 504 1259 548; x_wconf 83' lang='lat' dir='ltr'>velut</span> <span class='ocrx_word' id='word_1_41' title='bbox 1276 504 1403 548; x_wconf 85' lang='lat' dir='ltr'>obvia</span> <span class='ocrx_word' id='word_1_42' title='bbox 1423 513 1564 547; x_wconf 82' lang='lat' dir='ltr'>osten·</span> 
     </span>
     <span class='ocr_line' id='line_1_6' title="bbox 88 577 1564 638; baseline -0.001 -17"><span class='ocrx_word' id='word_1_43' title='bbox 88 589 128 621; x_wconf 86' lang='lat'>18</span> <span class='ocrx_word' id='word_1_44' title='bbox 151 579 319 626; x_wconf 76' lang='lat' dir='ltr'>tatione</span> <span class='ocrx_word' id='word_1_45' title='bbox 345 579 620 638; x_wconf 86' lang='lat' dir='ltr'>conquirere.</span> <span class='ocrx_word' id='word_1_46' title='bbox 641 579 786 622; x_wconf 84' lang='lat' dir='ltr'>Habes</span> <span class='ocrx_word' id='word_1_47' title='bbox 808 580 1101 623; x_wconf 81' lang='lat' dir='ltr'>cunctationis</span> <span class='ocrx_word' id='word_1_48' title='bbox 1127 595 1232 622; x_wconf 85' lang='lat' dir='ltr'>meae</span> <span class='ocrx_word' id='word_1_49' title='bbox 1255 593 1426 622; x_wconf 84' lang='lat' dir='ltr'>caussas</span> <span class='ocrx_word' id='word_1_50' title='bbox 1453 593 1462 619; x_wconf 74' lang='grc' dir='ltr'><strong><em>ε</em></strong></span> <span class='ocrx_word' id='word_1_51' title='bbox 1491 577 1564 620; x_wconf 92' lang='lat' dir='ltr'>ob-</span> 
     </span>
    </p>
   </div>
   <div class='ocr_carea' id='block_1_3' title="bbox 153 651 1564 713">
    <p class='ocr_par' dir='ltr' id='par_1_3' title="bbox 153 651 1564 713">
     <span class='ocr_line' id='line_1_7' title="bbox 153 651 1564 713; baseline -0.001 -19"><span class='ocrx_word' id='word_1_52' title='bbox 153 667 310 711; x_wconf 87' lang='lat' dir='ltr'>sequar</span> <span class='ocrx_word' id='word_1_53' title='bbox 346 661 494 694; x_wconf 84' lang='lat' dir='ltr'>tamen</span> <span class='ocrx_word' id='word_1_54' title='bbox 535 651 716 695; x_wconf 89' lang='lat' dir='ltr'>consilio</span> <span class='ocrx_word' id='word_1_55' title='bbox 757 662 864 705; x_wconf 88' lang='lat' dir='ltr'>tu0‚</span> <span class='ocrx_word' id='word_1_56' title='bbox 896 654 1019 713; x_wconf 84' lang='lat' dir='ltr'>cujus</span> <span class='ocrx_word' id='word_1_57' title='bbox 1055 653 1163 696; x_wconf 86' lang='lat' dir='ltr'>mihi</span> <span class='ocrx_word' id='word_1_58' title='bbox 1207 652 1444 695; x_wconf 81' lang='lat' dir='ltr'>auctoritas</span> <span class='ocrx_word' id='word_1_59' title='bbox 1482 665 1564 710; x_wconf 92' lang='lat' dir='ltr'>pro</span> 
     </span>
    </p>
   </div>
   <div class='ocr_carea' id='block_1_4' title="bbox 152 724 667 769">
    <p class='ocr_par' dir='ltr' id='par_1_4' title="bbox 152 724 667 769">
     <span class='ocr_line' id='line_1_8' title="bbox 152 724 667 769; baseline 0.004 -3"><span class='ocrx_word' id='word_1_60' title='bbox 152 726 322 768; x_wconf 87' lang='lat' dir='ltr'>ratione</span> <span class='ocrx_word' id='word_1_61' title='bbox 351 724 524 769; x_wconf 79' lang='lat' dir='ltr'>sufficit.</span> <span class='ocrx_word' id='word_1_62' title='bbox 546 724 667 769; x_wconf 84' lang='lat' dir='ltr'>Vale.</span> 
     </span>
    </p>
   </div>
   <div class='ocr_carea' id='block_1_5' title="bbox 147 834 821 1193">
    <p class='ocr_par' dir='ltr' id='par_1_5' title="bbox 147 834 821 1193">
     <span class='ocr_line' id='line_1_9' title="bbox 149 834 819 881; baseline -0.001 -15"><span class='ocrx_word' id='word_1_63' title='bbox 149 834 303 867; x_wconf 88' lang='lat' dir='ltr'>occurrit</span> <span class='ocrx_word' id='word_1_64' title='bbox 320 835 481 868; x_wconf 89' lang='lat' dir='ltr'>omnibus</span> <span class='ocrx_word' id='word_1_65' title='bbox 495 860 504 875; x_wconf 84' lang='lat'>‚</span> <span class='ocrx_word' id='word_1_66' title='bbox 529 835 640 880; x_wconf 88' lang='lat' dir='ltr'>iisque</span> <span class='ocrx_word' id='word_1_67' title='bbox 659 847 694 868; x_wconf 88' lang='lat' dir='ltr'>se</span> <span class='ocrx_word' id='word_1_68' title='bbox 713 836 819 881; x_wconf 79' lang='lat' dir='ltr'>jactat</span> 
     </span>
     <span class='ocr_line' id='line_1_10' title="bbox 150 886 818 933; baseline -0.001 -13"><span class='ocrx_word' id='word_1_69' title='bbox 150 893 254 931; x_wconf 86' lang='lat' dir='ltr'>atque</span> <span class='ocrx_word' id='word_1_70' title='bbox 270 886 394 932; x_wconf 87' lang='lat' dir='ltr'>ingerit</span> <span class='ocrx_word' id='word_1_71' title='bbox 406 913 414 927; x_wconf 90' lang='lat'><em>‚</em></span> <span class='ocrx_word' id='word_1_72' title='bbox 429 886 525 933; x_wconf 87' lang='lat' dir='ltr'>quod</span> <span class='ocrx_word' id='word_1_73' title='bbox 540 887 741 920; x_wconf 83' lang='lat' dir='ltr'>ambitionis</span> <span class='ocrx_word' id='word_1_74' title='bbox 756 895 818 920; x_wconf 85' lang='lat' dir='ltr'>est.</span> 
     </span>
     <span class='ocr_line' id='line_1_11' title="bbox 149 937 820 973; baseline 0.001 -2"><span class='ocrx_word' id='word_1_75' title='bbox 149 937 246 971; x_wconf 84' lang='lat' dir='ltr'>Adeo</span> <span class='ocrx_word' id='word_1_76' title='bbox 264 939 364 972; x_wconf 80' lang='lat' dir='ltr'>nihili</span> <span class='ocrx_word' id='word_1_77' title='bbox 381 952 450 973; x_wconf 88' lang='lat' dir='ltr'>non</span> <span class='ocrx_word' id='word_1_78' title='bbox 462 938 601 972; x_wconf 83' lang='lat' dir='ltr'>videtur</span> <span class='ocrx_word' id='word_1_79' title='bbox 615 951 677 972; x_wconf 83' lang='lat' dir='ltr'>vox</span> <span class='ocrx_word' id='word_1_80' title='bbox 694 940 820 972; x_wconf 89' lang='lat' dir='ltr'>ebonis</span> 
     </span>
     <span class='ocr_line' id='line_1_12' title="bbox 147 990 820 1038; baseline 0.001 -15"><span class='ocrx_word' id='word_1_81' title='bbox 147 990 246 1023; x_wconf 90' lang='lat' dir='ltr'>libris</span> <span class='ocrx_word' id='word_1_82' title='bbox 277 991 410 1036; x_wconf 85' lang='lat' dir='ltr'>prolata</span> <span class='ocrx_word' id='word_1_83' title='bbox 428 1017 436 1032; x_wconf 86' lang='lat'><strong><em>‚</em></strong></span> <span class='ocrx_word' id='word_1_84' title='bbox 469 1000 505 1024; x_wconf 84' lang='lat' dir='ltr'>ut</span> <span class='ocrx_word' id='word_1_85' title='bbox 530 992 644 1038; x_wconf 87' lang='lat' dir='ltr'>potius</span> <span class='ocrx_word' id='word_1_86' title='bbox 674 992 820 1025; x_wconf 89' lang='lat' dir='ltr'>alterum</span> 
     </span>
     <span class='ocr_line' id='line_1_13' title="bbox 149 1044 820 1089; baseline 0.004 -15"><span class='ocrx_word' id='word_1_87' title='bbox 149 1046 365 1075; x_wconf 78' lang='lat' dir='ltr'>assentatione</span> <span class='ocrx_word' id='word_1_88' title='bbox 387 1056 406 1076; x_wconf 90' lang='lat' dir='ltr'>a</span> <span class='ocrx_word' id='word_1_89' title='bbox 426 1044 517 1076; x_wconf 83' lang='lat' dir='ltr'>mala</span> <span class='ocrx_word' id='word_1_90' title='bbox 538 1057 644 1078; x_wconf 89' lang='lat' dir='ltr'>mauu</span> <span class='ocrx_word' id='word_1_91' title='bbox 669 1057 741 1077; x_wconf 81' lang='lat' dir='ltr'>esse</span> <span class='ocrx_word' id='word_1_92' title='bbox 761 1057 820 1089; x_wconf 85' lang='lat' dir='ltr'>ap-</span> 
     </span>
     <span class='ocr_line' id='line_1_14' title="bbox 148 1095 821 1140; baseline 0.003 -13"><span class='ocrx_word' id='word_1_93' title='bbox 148 1103 280 1140; x_wconf 82' lang='lat' dir='ltr'>pareat.</span> <span class='ocrx_word' id='word_1_94' title='bbox 303 1095 369 1128; x_wconf 86' lang='lat' dir='ltr'>Cui</span> <span class='ocrx_word' id='word_1_95' title='bbox 394 1097 485 1128; x_wconf 84' lang='lat' dir='ltr'>enim</span> <span class='ocrx_word' id='word_1_96' title='bbox 508 1107 725 1128; x_wconf 78' lang='lat' dir='ltr'>assentaretur</span> <span class='ocrx_word' id='word_1_97' title='bbox 748 1096 821 1129; x_wconf 89' lang='lat' dir='ltr'>edi-</span> 
     </span>
     <span class='ocr_line' id='line_1_15' title="bbox 149 1147 820 1193; baseline 0.004 -14"><span class='ocrx_word' id='word_1_98' title='bbox 149 1148 243 1180; x_wconf 84' lang='lat' dir='ltr'>tione</span> <span class='ocrx_word' id='word_1_99' title='bbox 258 1172 267 1188; x_wconf 82' lang='lat'>,</span> <span class='ocrx_word' id='word_1_100' title='bbox 288 1147 331 1180; x_wconf 91' lang='lat' dir='ltr'>de</span> <span class='ocrx_word' id='word_1_101' title='bbox 350 1160 419 1193; x_wconf 90' lang='lat' dir='ltr'>qua</span> <span class='ocrx_word' id='word_1_102' title='bbox 440 1148 496 1181; x_wconf 85' lang='lat' dir='ltr'>hic</span> <span class='ocrx_word' id='word_1_103' title='bbox 519 1161 631 1182; x_wconf 88' lang='lat' dir='ltr'>sermo</span> <span class='ocrx_word' id='word_1_104' title='bbox 655 1148 732 1182; x_wconf 82' lang='lat' dir='ltr'>est?</span> <span class='ocrx_word' id='word_1_105' title='bbox 754 1148 820 1182; x_wconf 85' lang='lat' dir='ltr'>Sed</span> 
     </span>
    </p>
   </div>
   <div class='ocr_carea' id='block_1_6' title="bbox 886 834 1565 1141">
    <p class='ocr_par' dir='ltr' id='par_1_6' title="bbox 886 834 1565 1029">
     <span class='ocr_line' id='line_1_16' title="bbox 888 834 1564 880; baseline -0.007 -13"><span class='ocrx_word' id='word_1_106' title='bbox 888 845 1064 867; x_wconf 79' lang='lat' dir='ltr'>ostentator</span> <span class='ocrx_word' id='word_1_107' title='bbox 1077 834 1283 880; x_wconf 83' lang='lat' dir='ltr'>conquirere</span> <span class='ocrx_word' id='word_1_108' title='bbox 1302 840 1334 866; x_wconf 89' lang='lat' dir='ltr'>et</span> <span class='ocrx_word' id='word_1_109' title='bbox 1351 843 1474 877; x_wconf 86' lang='lat' dir='ltr'>cogere</span> <span class='ocrx_word' id='word_1_110' title='bbox 1493 838 1564 863; x_wconf 80' lang='lat' dir='ltr'>stu-</span> 
     </span>
     <span class='ocr_line' id='line_1_17' title="bbox 887 883 1565 932; baseline -0.007 -12"><span class='ocrx_word' id='word_1_111' title='bbox 887 887 944 921; x_wconf 84' lang='lat' dir='ltr'>det</span> <span class='ocrx_word' id='word_1_112' title='bbox 965 888 1144 926; x_wconf 84' lang='lat' dir='ltr'>homines,</span> <span class='ocrx_word' id='word_1_113' title='bbox 1174 886 1234 932; x_wconf 90' lang='lat' dir='ltr'>qui</span> <span class='ocrx_word' id='word_1_114' title='bbox 1258 897 1292 918; x_wconf 88' lang='lat' dir='ltr'>se</span> <span class='ocrx_word' id='word_1_115' title='bbox 1318 883 1536 918; x_wconf 86' lang='lat' dir='ltr'>admirentur</span> <span class='ocrx_word' id='word_1_116' title='bbox 1555 909 1565 923; x_wconf 91' lang='lat'>‚</span> 
     </span>
     <span class='ocr_line' id='line_1_18' title="bbox 886 939 1564 986; baseline -0.009 -13"><span class='ocrx_word' id='word_1_117' title='bbox 886 941 953 973; x_wconf 88' lang='lat' dir='ltr'>sibi</span> <span class='ocrx_word' id='word_1_118' title='bbox 980 940 1162 986; x_wconf 82' lang='lat' dir='ltr'>plaudant.</span> <span class='ocrx_word' id='word_1_119' title='bbox 1196 939 1238 971; x_wconf 91' lang='lat' dir='ltr'>G.</span> <span class='ocrx_word' id='word_1_120' title='bbox 1274 959 1318 964; x_wconf 82' lang='lat'>——</span> <span class='ocrx_word' id='word_1_121' title='bbox 1345 939 1442 970; x_wconf 83' lang='lat' dir='ltr'>Rom.</span> <span class='ocrx_word' id='word_1_122' title='bbox 1472 939 1564 968; x_wconf 73' lang='lat' dir='ltr'>velut</span> 
     </span>
     <span class='ocr_line' id='line_1_19' title="bbox 886 989 1426 1029; baseline -0.006 -5"><span class='ocrx_word' id='word_1_123' title='bbox 886 996 978 1024; x_wconf 78' lang='lat' dir='ltr'>obvia</span> <span class='ocrx_word' id='word_1_124' title='bbox 1000 994 1238 1029; x_wconf 76' lang='lat' dir='ltr'>assentatione,</span> <span class='ocrx_word' id='word_1_125' title='bbox 1260 990 1361 1023; x_wconf 87' lang='lat' dir='ltr'>male.</span> <span class='ocrx_word' id='word_1_126' title='bbox 1384 989 1426 1022; x_wconf 89' lang='lat' dir='ltr'>H.</span> 
     </span>
    </p>

    <p class='ocr_par' dir='ltr' id='par_1_7' title="bbox 887 1043 1563 1141">
     <span class='ocr_line' id='line_1_20' title="bbox 938 1043 1563 1089; baseline -0.01 -12"><span class='ocrx_word' id='word_1_127' title='bbox 938 1045 988 1077; x_wconf 86' lang='lat'>18.</span> <span class='ocrx_word' id='word_1_128' title='bbox 1007 1049 1070 1076; x_wconf 86' lang='lat' dir='ltr'>Pro</span> <span class='ocrx_word' id='word_1_129' title='bbox 1091 1046 1216 1076; x_wconf 83' lang='lat' dir='ltr'>ratione</span> <span class='ocrx_word' id='word_1_130' title='bbox 1234 1044 1363 1089; x_wconf 74' lang='lat' dir='ltr'>sufficit.</span> <span class='ocrx_word' id='word_1_131' title='bbox 1386 1043 1483 1074; x_wconf 87' lang='lat' dir='ltr'>Rom.</span> <span class='ocrx_word' id='word_1_132' title='bbox 1496 1053 1563 1082; x_wconf 79' lang='lat' dir='ltr'>pro</span> 
     </span>
     <span class='ocr_line' id='line_1_21' title="bbox 887 1092 1561 1141; baseline -0.007 -13"><span class='ocrx_word' id='word_1_133' title='bbox 887 1099 1012 1128; x_wconf 85' lang='lat' dir='ltr'>ratione</span> <span class='ocrx_word' id='word_1_134' title='bbox 1022 1098 1170 1141; x_wconf 73' lang='lat' dir='ltr'>sufficiet.</span> <span class='ocrx_word' id='word_1_135' title='bbox 1184 1096 1226 1128; x_wconf 91' lang='lat' dir='ltr'>H.</span> <span class='ocrx_word' id='word_1_136' title='bbox 1239 1116 1284 1120; x_wconf 80' lang='lat'>———</span> <span class='ocrx_word' id='word_1_137' title='bbox 1298 1094 1351 1128; x_wconf 87' lang='lat' dir='ltr'>Sic</span> <span class='ocrx_word' id='word_1_138' title='bbox 1366 1102 1397 1127; x_wconf 87' lang='lat' dir='ltr'>et</span> <span class='ocrx_word' id='word_1_139' title='bbox 1411 1092 1561 1126; x_wconf 85' lang='lat' dir='ltr'>Cortius.</span> 
     </span>
    </p>
   </div>
   <div class='ocr_carea' id='block_1_7' title="bbox 886 1148 1069 1182">
    <p class='ocr_par' dir='ltr' id='par_1_8' title="bbox 886 1148 1069 1182">
     <span class='ocr_line' id='line_1_22' title="bbox 886 1148 1069 1182; baseline 0.005 -2"><span class='ocrx_word' id='word_1_140' title='bbox 886 1149 1014 1181; x_wconf 87' lang='lat' dir='ltr'>Probo.</span> <span class='ocrx_word' id='word_1_141' title='bbox 1035 1148 1069 1182; x_wconf 89' lang='lat' dir='ltr'>S.</span> 
     </span>
    </p>
   </div>
   <div class='ocr_carea' id='block_1_8' title="bbox 167 1288 1547 1304">
    <p class='ocr_par' dir='ltr' id='par_1_9' title="bbox 167 1288 1547 1304">
     <span class='ocr_line' id='line_1_23' title="bbox 167 1288 1547 1304; baseline -0.003 -2"><span class='ocrx_word' id='word_1_142' title='bbox 167 1292 222 1302; x_wconf 58' lang='grc' dir='ltr'><em>Μ</em></span> <span class='ocrx_word' id='word_1_143' title='bbox 228 1288 1547 1304; x_wconf 51' lang='lat' dir='ltr'>wzxsstmmmmmmxzsmmmxmsmmmtnxmsmwtswzmnwm</span> 
     </span>
    </p>
   </div>
   <div class='ocr_carea' id='block_1_9' title="bbox 802 1392 913 1447">
    <p class='ocr_par' dir='ltr' id='par_1_10' title="bbox 802 1392 913 1447">
     <span class='ocr_line' id='line_1_24' title="bbox 802 1392 913 1447; baseline 0.009 -1"><span class='ocrx_word' id='word_1_144' title='bbox 802 1392 913 1447; x_wconf 89' lang='lat' dir='ltr'>IX.</span> 
     </span>
    </p>
   </div>
   <div class='ocr_carea' id='block_1_10' title="bbox 202 1528 1509 1645">
    <p class='ocr_par' dir='ltr' id='par_1_11' title="bbox 202 1528 1509 1645">
     <span class='ocr_line' id='line_1_25' title="bbox 202 1528 1509 1579; baseline 0.002 -16"><span class='ocrx_word' id='word_1_145' title='bbox 202 1529 386 1564; x_wconf 83' lang='lat' dir='ltr'>Hortatur</span> <span class='ocrx_word' id='word_1_146' title='bbox 407 1528 453 1564; x_wconf 90' lang='lat' dir='ltr'>ad</span> <span class='ocrx_word' id='word_1_147' title='bbox 474 1541 681 1574; x_wconf 83' lang='lat' dir='ltr'>secessum,</span> <span class='ocrx_word' id='word_1_148' title='bbox 703 1538 862 1579; x_wconf 77' lang='lat' dir='ltr'>propter</span> <span class='ocrx_word' id='word_1_149' title='bbox 885 1529 1009 1567; x_wconf 88' lang='lat' dir='ltr'>studia</span> <span class='ocrx_word' id='word_1_150' title='bbox 1025 1558 1034 1575; x_wconf 90' lang='lat'>‚</span> <span class='ocrx_word' id='word_1_151' title='bbox 1058 1538 1094 1566; x_wconf 87' lang='lat' dir='ltr'>et</span> <span class='ocrx_word' id='word_1_152' title='bbox 1116 1530 1371 1566; x_wconf 85' lang='lat' dir='ltr'>innocentiam</span> <span class='ocrx_word' id='word_1_153' title='bbox 1391 1530 1509 1574; x_wconf 76' lang='lat' dir='ltr'>ruris,</span> 
     </span>
     <span class='ocr_line' id='line_1_26' title="bbox 497 1593 1209 1645; baseline 0 -16"><span class='ocrx_word' id='word_1_154' title='bbox 497 1593 652 1630; x_wconf 79' lang='lat' dir='ltr'>urbanae</span> <span class='ocrx_word' id='word_1_155' title='bbox 675 1594 761 1630; x_wconf 81' lang='lat' dir='ltr'>vitae</span> <span class='ocrx_word' id='word_1_156' title='bbox 786 1595 893 1644; x_wconf 82' lang='lat' dir='ltr'>nugis</span> <span class='ocrx_word' id='word_1_157' title='bbox 916 1594 1209 1645; x_wconf 76' lang='lat' dir='ltr'>praeferendum.</span> 
     </span>
    </p>
   </div>
   <div class='ocr_carea' id='block_1_11' title="bbox 305 1707 1407 1737">
    <p class='ocr_par' dir='ltr' id='par_1_12' title="bbox 305 1707 1407 1737">
     <span class='ocr_line' id='line_1_27' title="bbox 305 1707 1407 1737; baseline 0.001 -3"><span class='ocrx_word' id='word_1_158' title='bbox 305 1707 342 1735; x_wconf 86' lang='lat' dir='ltr'>C.</span> <span class='ocrx_word' id='word_1_159' title='bbox 379 1708 610 1736; x_wconf 86' lang='lat' dir='ltr'><strong>PLINIUS</strong></span> <span class='ocrx_word' id='word_1_160' title='bbox 645 1708 899 1737; x_wconf 87' lang='lat' dir='ltr'><strong>MINUTIO</strong></span> <span class='ocrx_word' id='word_1_161' title='bbox 934 1709 1201 1737; x_wconf 85' lang='lat' dir='ltr'><strong>FUNDANO</strong></span> <span class='ocrx_word' id='word_1_162' title='bbox 1237 1708 1340 1737; x_wconf 92' lang='lat' dir='ltr'>SUO</span> <span class='ocrx_word' id='word_1_163' title='bbox 1376 1708 1407 1735; x_wconf 90' lang='lat' dir='ltr'>S.</span> 
     </span>
    </p>
   </div>
   <div class='ocr_carea' id='block_1_12' title="bbox 105 1811 1560 2019">
    <p class='ocr_par' dir='ltr' id='par_1_13' title="bbox 105 1811 1560 2019">
     <span class='ocr_line' id='line_1_28' title="bbox 211 1811 1560 1872; baseline 0.002 -20"><span class='ocrx_word' id='word_1_164' title='bbox 211 1811 415 1855; x_wconf 82' lang='lat' dir='ltr'>MIRUM</span> <span class='ocrx_word' id='word_1_165' title='bbox 444 1821 530 1865; x_wconf 84' lang='lat' dir='ltr'>est,</span> <span class='ocrx_word' id='word_1_166' title='bbox 556 1828 687 1871; x_wconf 85' lang='lat' dir='ltr'>quam</span> <span class='ocrx_word' id='word_1_167' title='bbox 720 1811 901 1872; x_wconf 84' lang='lat' dir='ltr'>singulis</span> <span class='ocrx_word' id='word_1_168' title='bbox 935 1812 1088 1856; x_wconf 87' lang='lat' dir='ltr'>diebus</span> <span class='ocrx_word' id='word_1_169' title='bbox 1121 1813 1166 1855; x_wconf 90' lang='lat' dir='ltr'>in</span> <span class='ocrx_word' id='word_1_170' title='bbox 1197 1813 1305 1856; x_wconf 89' lang='lat' dir='ltr'>urbe</span> <span class='ocrx_word' id='word_1_171' title='bbox 1337 1814 1448 1856; x_wconf 88' lang='lat' dir='ltr'>ratio</span> <span class='ocrx_word' id='word_1_172' title='bbox 1480 1822 1560 1856; x_wconf 82' lang='lat' dir='ltr'>aut</span> 
     </span>
     <span class='ocr_line' id='line_1_29' title="bbox 148 1884 1560 1945; baseline 0 -18"><span class='ocrx_word' id='word_1_173' title='bbox 148 1892 317 1927; x_wconf 88' lang='lat' dir='ltr'>constet</span> <span class='ocrx_word' id='word_1_174' title='bbox 353 1894 428 1927; x_wconf 86' lang='lat' dir='ltr'>aut</span> <span class='ocrx_word' id='word_1_175' title='bbox 461 1894 662 1928; x_wconf 85' lang='lat' dir='ltr'>constare</span> <span class='ocrx_word' id='word_1_176' title='bbox 688 1884 912 1938; x_wconf 82' lang='lat' dir='ltr'>videatur,</span> <span class='ocrx_word' id='word_1_177' title='bbox 944 1885 1143 1945; x_wconf 86' lang='lat' dir='ltr'>pluribus</span> <span class='ocrx_word' id='word_1_178' title='bbox 1178 1886 1440 1945; x_wconf 86' lang='lat' dir='ltr'>cunctisque</span> <span class='ocrx_word' id='word_1_179' title='bbox 1470 1901 1560 1927; x_wconf 88' lang='lat' dir='ltr'>non</span> 
     </span>
     <span class='ocr_line' id='line_1_30' title="bbox 105 1957 1557 2019; baseline 0 -18"><span class='ocrx_word' id='word_1_180' title='bbox 105 1986 121 2001; x_wconf 70' lang='grc'>-,.</span> <span class='ocrx_word' id='word_1_181' title='bbox 147 1965 314 1999; x_wconf 81' lang='lat' dir='ltr'>constet</span> <span class='ocrx_word' id='word_1_182' title='bbox 330 1993 340 2011; x_wconf 84' lang='lat'><strong>‚</strong></span> <span class='ocrx_word' id='word_1_183' title='bbox 367 1973 469 2000; x_wconf 85' lang='lat' dir='ltr'>nam</span> <span class='ocrx_word' id='word_1_184' title='bbox 488 1993 499 2011; x_wconf 75' lang='lat'>‚</span> <span class='ocrx_word' id='word_1_185' title='bbox 533 1959 566 2001; x_wconf 87' lang='lat' dir='ltr'>si</span> <span class='ocrx_word' id='word_1_186' title='bbox 597 1975 727 2019; x_wconf 87' lang='lat' dir='ltr'>quem</span> <span class='ocrx_word' id='word_1_187' title='bbox 766 1959 1008 2019; x_wconf 82' lang='lat' dir='ltr'>interroges</span> <span class='ocrx_word' id='word_1_188' title='bbox 1027 1993 1037 2012; x_wconf 82' lang='grc'>,</span> <span class='ocrx_word' id='word_1_189' title='bbox 1063 1958 1215 2002; x_wconf 73' lang='lat' dir='ltr'>Hodie</span> <span class='ocrx_word' id='word_1_190' title='bbox 1247 1958 1362 2017; x_wconf 69' lang='lat' dir='ltr'>quid</span> <span class='ocrx_word' id='word_1_191' title='bbox 1386 1957 1557 2017; x_wconf 64' lang='lat' dir='ltr'>egisti?</span> 
     </span>
    </p>
   </div>
   <div class='ocr_carea' id='block_1_13' title="bbox 142 2077 818 2751">
    <p class='ocr_par' dir='ltr' id='par_1_14' title="bbox 142 2077 818 2751">
     <span class='ocr_line' id='line_1_31' title="bbox 191 2077 818 2123; baseline 0.003 -15"><span class='ocrx_word' id='word_1_192' title='bbox 191 2077 253 2109; x_wconf 92' lang='lat' dir='ltr'>IX.</span> <span class='ocrx_word' id='word_1_193' title='bbox 271 2089 298 2109; x_wconf 88' lang='lat'>1.</span> <span class='ocrx_word' id='word_1_194' title='bbox 314 2080 443 2110; x_wconf 81' lang='lat' dir='ltr'>Ratio..</span> <span class='ocrx_word' id='word_1_195' title='bbox 457 2088 604 2111; x_wconf 82' lang='lat' dir='ltr'>.c0nstet.</span> <span class='ocrx_word' id='word_1_196' title='bbox 618 2078 722 2123; x_wconf 84' lang='lat' dir='ltr'>Finge</span> <span class='ocrx_word' id='word_1_197' title='bbox 734 2087 818 2112; x_wconf 88' lang='lat' dir='ltr'>tem-</span> 
     </span>
     <span class='ocr_line' id='line_1_32' title="bbox 145 2128 814 2175; baseline 0.004 -15"><span class='ocrx_word' id='word_1_198' title='bbox 145 2140 209 2173; x_wconf 88' lang='lat' dir='ltr'>pus</span> <span class='ocrx_word' id='word_1_199' title='bbox 229 2141 300 2161; x_wconf 88' lang='lat' dir='ltr'>esse</span> <span class='ocrx_word' id='word_1_200' title='bbox 319 2128 431 2174; x_wconf 85' lang='lat' dir='ltr'>primo</span> <span class='ocrx_word' id='word_1_201' title='bbox 454 2130 487 2161; x_wconf 92' lang='lat' dir='ltr'>in</span> <span class='ocrx_word' id='word_1_202' title='bbox 514 2130 638 2163; x_wconf 84' lang='lat' dir='ltr'>tabulis</span> <span class='ocrx_word' id='word_1_203' title='bbox 661 2131 814 2175; x_wconf 77' lang='lat' dir='ltr'>accepti;</span> 
     </span>
     <span class='ocr_line' id='line_1_33' title="bbox 144 2179 816 2228; baseline 0.004 -16"><span class='ocrx_word' id='word_1_204' title='bbox 144 2179 269 2213; x_wconf 83' lang='lat' dir='ltr'>deinde</span> <span class='ocrx_word' id='word_1_205' title='bbox 286 2183 422 2226; x_wconf 77' lang='lat' dir='ltr'>negotia</span> <span class='ocrx_word' id='word_1_206' title='bbox 441 2181 509 2214; x_wconf 76' lang='lat' dir='ltr'>diei</span> <span class='ocrx_word' id='word_1_207' title='bbox 525 2182 816 2228; x_wconf 73' lang='lat' dir='ltr'>uniuscujusque,</span> 
     </span>
     <span class='ocr_line' id='line_1_34' title="bbox 144 2232 818 2280; baseline 0.006 -16"><span class='ocrx_word' id='word_1_208' title='bbox 144 2232 178 2264; x_wconf 89' lang='lat' dir='ltr'>in</span> <span class='ocrx_word' id='word_1_209' title='bbox 192 2240 363 2277; x_wconf 83' lang='lat' dir='ltr'>quantum</span> <span class='ocrx_word' id='word_1_210' title='bbox 380 2246 477 2266; x_wconf 85' lang='lat' dir='ltr'>suam</span> <span class='ocrx_word' id='word_1_211' title='bbox 491 2235 555 2267; x_wconf 87' lang='lat' dir='ltr'>sibi</span> <span class='ocrx_word' id='word_1_212' title='bbox 569 2235 731 2280; x_wconf 84' lang='lat' dir='ltr'>temporis</span> <span class='ocrx_word' id='word_1_213' title='bbox 742 2248 818 2280; x_wconf 85' lang='lat' dir='ltr'>par-</span> 
     </span>
     <span class='ocr_line' id='line_1_35' title="bbox 143 2284 816 2332; baseline 0.006 -16"><span class='ocrx_word' id='word_1_214' title='bbox 143 2284 285 2317; x_wconf 78' lang='lat' dir='ltr'>ticulam</span> <span class='ocrx_word' id='word_1_215' title='bbox 312 2286 589 2332; x_wconf 82' lang='lat' dir='ltr'>unumquodque</span> <span class='ocrx_word' id='word_1_216' title='bbox 617 2288 750 2332; x_wconf 80' lang='lat' dir='ltr'>poscit,</span> <span class='ocrx_word' id='word_1_217' title='bbox 782 2288 816 2320; x_wconf 91' lang='lat' dir='ltr'>in</span> 
     </span>
     <span class='ocr_line' id='line_1_36' title="bbox 143 2337 814 2385; baseline 0.009 -17"><span class='ocrx_word' id='word_1_218' title='bbox 143 2337 298 2381; x_wconf 81' lang='lat' dir='ltr'>expensis</span> <span class='ocrx_word' id='word_1_219' title='bbox 318 2337 435 2371; x_wconf 85' lang='lat' dir='ltr'>induci</span> <span class='ocrx_word' id='word_1_220' title='bbox 453 2351 460 2371; x_wconf 91' lang='lat'>:</span> <span class='ocrx_word' id='word_1_221' title='bbox 475 2340 502 2371; x_wconf 76' lang='lat' dir='ltr'>si</span> <span class='ocrx_word' id='word_1_222' title='bbox 519 2339 621 2385; x_wconf 85' lang='lat' dir='ltr'>igitur</span> <span class='ocrx_word' id='word_1_223' title='bbox 640 2340 697 2373; x_wconf 86' lang='lat' dir='ltr'>illa</span> <span class='ocrx_word' id='word_1_224' title='bbox 718 2353 814 2374; x_wconf 88' lang='lat' dir='ltr'>acce-</span> 
     </span>
     <span class='ocr_line' id='line_1_37' title="bbox 143 2394 816 2437; baseline 0.007 -17"><span class='ocrx_word' id='word_1_225' title='bbox 143 2396 280 2432; x_wconf 85' lang='lat' dir='ltr'>ptorum</span> <span class='ocrx_word' id='word_1_226' title='bbox 295 2399 329 2423; x_wconf 86' lang='lat' dir='ltr'>et</span> <span class='ocrx_word' id='word_1_227' title='bbox 345 2403 571 2436; x_wconf 77' lang='lat' dir='ltr'>expensorum</span> <span class='ocrx_word' id='word_1_228' title='bbox 587 2404 651 2424; x_wconf 85' lang='lat' dir='ltr'>aera</span> <span class='ocrx_word' id='word_1_229' title='bbox 668 2394 816 2437; x_wconf 87' lang='lat' dir='ltr'>aequales</span> 
     </span>
     <span class='ocr_line' id='line_1_38' title="bbox 145 2443 817 2483; baseline 0.006 -10"><span class='ocrx_word' id='word_1_230' title='bbox 145 2453 296 2474; x_wconf 84' lang='lat' dir='ltr'>summas</span> <span class='ocrx_word' id='word_1_231' title='bbox 322 2443 492 2483; x_wconf 83' lang='lat' dir='ltr'>efficient,</span> <span class='ocrx_word' id='word_1_232' title='bbox 511 2454 657 2476; x_wconf 77' lang='lat' dir='ltr'>constare</span> <span class='ocrx_word' id='word_1_233' title='bbox 683 2444 817 2478; x_wconf 80' lang='lat' dir='ltr'>dicetur</span> 
     </span>
     <span class='ocr_line' id='line_1_39' title="bbox 144 2495 815 2542; baseline 0.01 -19"><span class='ocrx_word' id='word_1_234' title='bbox 144 2496 238 2526; x_wconf 77' lang='lat' dir='ltr'>racio.</span> <span class='ocrx_word' id='word_1_235' title='bbox 260 2496 369 2539; x_wconf 75' lang='lat' dir='ltr'>Atque</span> <span class='ocrx_word' id='word_1_236' title='bbox 390 2495 456 2529; x_wconf 91' lang='lat' dir='ltr'>hoc</span> <span class='ocrx_word' id='word_1_237' title='bbox 475 2496 521 2529; x_wconf 86' lang='lat' dir='ltr'>ita</span> <span class='ocrx_word' id='word_1_238' title='bbox 543 2496 605 2536; x_wconf 87' lang='lat' dir='ltr'>sit,</span> <span class='ocrx_word' id='word_1_239' title='bbox 627 2496 655 2529; x_wconf 88' lang='lat' dir='ltr'>si</span> <span class='ocrx_word' id='word_1_240' title='bbox 678 2497 815 2542; x_wconf 84' lang='lat' dir='ltr'>singula</span> 
     </span>
     <span class='ocr_line' id='line_1_40' title="bbox 144 2545 815 2592; baseline 0.006 -15"><span class='ocrx_word' id='word_1_241' title='bbox 144 2545 322 2591; x_wconf 78' lang='lat' dir='ltr'>utriusque</span> <span class='ocrx_word' id='word_1_242' title='bbox 341 2548 461 2592; x_wconf 85' lang='lat' dir='ltr'>capitis</span> <span class='ocrx_word' id='word_1_243' title='bbox 484 2561 551 2581; x_wconf 82' lang='lat' dir='ltr'>aera</span> <span class='ocrx_word' id='word_1_244' title='bbox 571 2549 659 2581; x_wconf 86' lang='lat' dir='ltr'>inter</span> <span class='ocrx_word' id='word_1_245' title='bbox 679 2560 713 2581; x_wconf 86' lang='lat' dir='ltr'>se</span> <span class='ocrx_word' id='word_1_246' title='bbox 733 2562 815 2582; x_wconf 87' lang='lat' dir='ltr'>con-</span> 
     </span>
     <span class='ocr_line' id='line_1_41' title="bbox 143 2599 815 2634; baseline 0.006 -4"><span class='ocrx_word' id='word_1_247' title='bbox 143 2599 311 2631; x_wconf 84' lang='lat' dir='ltr'>serantur.</span> <span class='ocrx_word' id='word_1_248' title='bbox 333 2601 460 2633; x_wconf 81' lang='lat' dir='ltr'>Verum</span> <span class='ocrx_word' id='word_1_249' title='bbox 479 2601 505 2632; x_wconf 85' lang='lat' dir='ltr'>si</span> <span class='ocrx_word' id='word_1_250' title='bbox 524 2614 642 2632; x_wconf 77' lang='lat' dir='ltr'>menses</span> <span class='ocrx_word' id='word_1_251' title='bbox 660 2609 692 2634; x_wconf 84' lang='lat' dir='ltr'>et</span> <span class='ocrx_word' id='word_1_252' title='bbox 711 2615 815 2634; x_wconf 82' lang='lat' dir='ltr'>annos</span> 
     </span>
     <span class='ocr_line' id='line_1_42' title="bbox 142 2652 814 2699; baseline 0.009 -18"><span class='ocrx_word' id='word_1_253' title='bbox 142 2658 175 2682; x_wconf 87' lang='lat' dir='ltr'>et</span> <span class='ocrx_word' id='word_1_254' title='bbox 196 2653 300 2683; x_wconf 78' lang='lat' dir='ltr'>vitam</span> <span class='ocrx_word' id='word_1_255' title='bbox 328 2665 407 2684; x_wconf 84' lang='lat' dir='ltr'>cum</span> <span class='ocrx_word' id='word_1_256' title='bbox 435 2652 659 2698; x_wconf 85' lang='lat' dir='ltr'>quantumvis</span> <span class='ocrx_word' id='word_1_257' title='bbox 687 2666 814 2699; x_wconf 86' lang='lat' dir='ltr'>magno</span> 
     </span>
     <span class='ocr_line' id='line_1_43' title="bbox 142 2705 813 2751; baseline 0.009 -17"><span class='ocrx_word' id='word_1_258' title='bbox 142 2716 287 2737; x_wconf 80' lang='lat' dir='ltr'>numero</span> <span class='ocrx_word' id='word_1_259' title='bbox 301 2706 517 2749; x_wconf 81' lang='lat' dir='ltr'>negotiorum</span> <span class='ocrx_word' id='word_1_260' title='bbox 535 2705 701 2751; x_wconf 77' lang='lat' dir='ltr'>ejusmodi</span> <span class='ocrx_word' id='word_1_261' title='bbox 720 2719 813 2740; x_wconf 82' lang='lat' dir='ltr'>com-</span> 
     </span>
    </p>
   </div>
   <div class='ocr_carea' id='block_1_14' title="bbox 879 2079 1562 2753">
    <p class='ocr_par' dir='ltr' id='par_1_15' title="bbox 879 2079 1562 2753">
     <span class='ocr_line' id='line_1_44' title="bbox 884 2079 1555 2124; baseline -0.003 -12"><span class='ocrx_word' id='word_1_262' title='bbox 884 2091 1004 2124; x_wconf 84' lang='lat' dir='ltr'>pares,</span> <span class='ocrx_word' id='word_1_263' title='bbox 1037 2082 1119 2111; x_wconf 78' lang='lat' dir='ltr'>ratio</span> <span class='ocrx_word' id='word_1_264' title='bbox 1145 2092 1207 2111; x_wconf 81' lang='lat' dir='ltr'>non</span> <span class='ocrx_word' id='word_1_265' title='bbox 1238 2079 1383 2123; x_wconf 86' lang='lat' dir='ltr'>amplius</span> <span class='ocrx_word' id='word_1_266' title='bbox 1412 2088 1555 2116; x_wconf 59' lang='lat' dir='ltr'>constat„</span> 
     </span>
     <span class='ocr_line' id='line_1_45' title="bbox 885 2131 1562 2176; baseline 0 -13"><span class='ocrx_word' id='word_1_267' title='bbox 885 2131 944 2164; x_wconf 86' lang='lat' dir='ltr'>sed</span> <span class='ocrx_word' id='word_1_268' title='bbox 968 2144 1114 2176; x_wconf 83' lang='lat' dir='ltr'>expensa</span> <span class='ocrx_word' id='word_1_269' title='bbox 1142 2131 1280 2164; x_wconf 89' lang='lat' dir='ltr'>videtur</span> <span class='ocrx_word' id='word_1_270' title='bbox 1302 2132 1422 2164; x_wconf 87' lang='lat' dir='ltr'>nimia.</span> <span class='ocrx_word' id='word_1_271' title='bbox 1445 2131 1489 2164; x_wconf 90' lang='lat' dir='ltr'>G.</span> <span class='ocrx_word' id='word_1_272' title='bbox 1515 2153 1562 2157; x_wconf 92' lang='lat'>—</span> 
     </span>
     <span class='ocr_line' id='line_1_46' title="bbox 885 2183 1557 2228; baseline 0.004 -13"><span class='ocrx_word' id='word_1_273' title='bbox 885 2183 1077 2228; x_wconf 86' lang='lat' dir='ltr'>Simplicior</span> <span class='ocrx_word' id='word_1_274' title='bbox 1100 2193 1215 2216; x_wconf 86' lang='lat' dir='ltr'>tamen</span> <span class='ocrx_word' id='word_1_275' title='bbox 1234 2183 1319 2216; x_wconf 87' lang='lat' dir='ltr'>mihi</span> <span class='ocrx_word' id='word_1_276' title='bbox 1344 2183 1504 2224; x_wconf 84' lang='lat' dir='ltr'>videtur,</span> <span class='ocrx_word' id='word_1_277' title='bbox 1526 2193 1557 2218; x_wconf 90' lang='lat' dir='ltr'>et</span> 
     </span>
     <span class='ocr_line' id='line_1_47' title="bbox 884 2235 1557 2281; baseline 0.003 -12"><span class='ocrx_word' id='word_1_278' title='bbox 884 2237 964 2270; x_wconf 88' lang='lat' dir='ltr'>huic</span> <span class='ocrx_word' id='word_1_279' title='bbox 981 2237 1058 2269; x_wconf 87' lang='lat' dir='ltr'>loco</span> <span class='ocrx_word' id='word_1_280' title='bbox 1075 2236 1186 2281; x_wconf 84' lang='lat' dir='ltr'>aptior</span> <span class='ocrx_word' id='word_1_281' title='bbox 1205 2235 1346 2281; x_wconf 81' lang='lat' dir='ltr'>Gierigii</span> <span class='ocrx_word' id='word_1_282' title='bbox 1364 2237 1535 2271; x_wconf 85' lang='lat' dir='ltr'>sententia</span> <span class='ocrx_word' id='word_1_283' title='bbox 1548 2262 1557 2277; x_wconf 86' lang='lat'>‚</span> 
     </span>
     <span class='ocr_line' id='line_1_48' title="bbox 883 2287 1559 2334; baseline 0.004 -15"><span class='ocrx_word' id='word_1_284' title='bbox 883 2291 1039 2321; x_wconf 81' lang='lat' dir='ltr'>rationem</span> <span class='ocrx_word' id='word_1_285' title='bbox 1051 2287 1357 2333; x_wconf 78' lang='lat' dir='ltr'>constare‚quanclo</span> <span class='ocrx_word' id='word_1_286' title='bbox 1368 2289 1445 2334; x_wconf 89' lang='lat' dir='ltr'>quis</span> <span class='ocrx_word' id='word_1_287' title='bbox 1457 2288 1559 2322; x_wconf 83' lang='lat' dir='ltr'>finito</span> 
     </span>
     <span class='ocr_line' id='line_1_49' title="bbox 883 2340 1557 2386; baseline 0.003 -13"><span class='ocrx_word' id='word_1_288' title='bbox 883 2340 939 2374; x_wconf 91' lang='lat' dir='ltr'>die</span> <span class='ocrx_word' id='word_1_289' title='bbox 964 2342 1132 2386; x_wconf 85' lang='lat' dir='ltr'>reperiat,</span> <span class='ocrx_word' id='word_1_290' title='bbox 1154 2341 1272 2373; x_wconf 85' lang='lat' dir='ltr'>omnia</span> <span class='ocrx_word' id='word_1_291' title='bbox 1292 2341 1431 2386; x_wconf 85' lang='lat' dir='ltr'>negotia</span> <span class='ocrx_word' id='word_1_292' title='bbox 1451 2343 1557 2375; x_wconf 80' lang='lat' dir='ltr'>fuisse</span> 
     </span>
     <span class='ocr_line' id='line_1_50' title="bbox 882 2392 1555 2440; baseline 0.001 -14"><span class='ocrx_word' id='word_1_293' title='bbox 882 2393 1072 2426; x_wconf 80' lang='lat' dir='ltr'>necessaria</span> <span class='ocrx_word' id='word_1_294' title='bbox 1089 2400 1121 2425; x_wconf 89' lang='lat' dir='ltr'>et</span> <span class='ocrx_word' id='word_1_295' title='bbox 1136 2392 1328 2438; x_wconf 86' lang='lat' dir='ltr'>probanda.</span> <span class='ocrx_word' id='word_1_296' title='bbox 1339 2395 1471 2440; x_wconf 86' lang='lat' dir='ltr'>Nempe</span> <span class='ocrx_word' id='word_1_297' title='bbox 1486 2394 1555 2427; x_wconf 84' lang='lat' dir='ltr'>die-</span> 
     </span>
     <span class='ocr_line' id='line_1_51' title="bbox 882 2444 1556 2491; baseline -0.001 -12"><span class='ocrx_word' id='word_1_298' title='bbox 882 2447 946 2479; x_wconf 88' lang='lat' dir='ltr'>bus</span> <span class='ocrx_word' id='word_1_299' title='bbox 960 2445 1101 2491; x_wconf 81' lang='lat' dir='ltr'>singulis</span> <span class='ocrx_word' id='word_1_300' title='bbox 1117 2444 1254 2491; x_wconf 82' lang='lat' dir='ltr'>negotia</span> <span class='ocrx_word' id='word_1_301' title='bbox 1272 2446 1406 2479; x_wconf 87' lang='lat' dir='ltr'>urbana</span> <span class='ocrx_word' id='word_1_302' title='bbox 1418 2472 1426 2486; x_wconf 90' lang='lat'>‚</span> <span class='ocrx_word' id='word_1_303' title='bbox 1443 2453 1480 2478; x_wconf 84' lang='lat' dir='ltr'>ut</span> <span class='ocrx_word' id='word_1_304' title='bbox 1497 2459 1556 2479; x_wconf 89' lang='lat' dir='ltr'>ne-</span> 
     </span>
     <span class='ocr_line' id='line_1_52' title="bbox 881 2497 1548 2543; baseline 0 -12"><span class='ocrx_word' id='word_1_305' title='bbox 881 2499 1027 2531; x_wconf 81' lang='lat' dir='ltr'>cessaria</span> <span class='ocrx_word' id='word_1_306' title='bbox 1046 2524 1054 2538; x_wconf 90' lang='lat'>,</span> <span class='ocrx_word' id='word_1_307' title='bbox 1074 2499 1286 2543; x_wconf 87' lang='lat' dir='ltr'>probamus;</span> <span class='ocrx_word' id='word_1_308' title='bbox 1308 2497 1366 2530; x_wconf 87' lang='lat' dir='ltr'>sed</span> <span class='ocrx_word' id='word_1_309' title='bbox 1389 2498 1416 2530; x_wconf 90' lang='lat' dir='ltr'>si</span> <span class='ocrx_word' id='word_1_310' title='bbox 1436 2499 1548 2542; x_wconf 84' lang='lat' dir='ltr'>quoti-</span> 
     </span>
     <span class='ocr_line' id='line_1_53' title="bbox 881 2550 1555 2594; baseline -0.001 -10"><span class='ocrx_word' id='word_1_311' title='bbox 881 2551 936 2584; x_wconf 86' lang='lat' dir='ltr'>die</span> <span class='ocrx_word' id='word_1_312' title='bbox 955 2550 1076 2584; x_wconf 86' lang='lat' dir='ltr'>eadem</span> <span class='ocrx_word' id='word_1_313' title='bbox 1095 2551 1217 2583; x_wconf 80' lang='lat' dir='ltr'>fecisse</span> <span class='ocrx_word' id='word_1_314' title='bbox 1234 2557 1436 2594; x_wconf 80' lang='lat' dir='ltr'>reputamus</span> <span class='ocrx_word' id='word_1_315' title='bbox 1452 2574 1460 2589; x_wconf 94' lang='lat'>,</span> <span class='ocrx_word' id='word_1_316' title='bbox 1480 2558 1555 2583; x_wconf 85' lang='lat' dir='ltr'>tum</span> 
     </span>
     <span class='ocr_line' id='line_1_54' title="bbox 881 2601 1554 2648; baseline 0 -13"><span class='ocrx_word' id='word_1_317' title='bbox 881 2604 998 2637; x_wconf 85' lang='lat' dir='ltr'>inania</span> <span class='ocrx_word' id='word_1_318' title='bbox 1014 2605 1178 2648; x_wconf 76' lang='lat' dir='ltr'>etfrigida</span> <span class='ocrx_word' id='word_1_319' title='bbox 1192 2602 1250 2634; x_wconf 85' lang='lat' dir='ltr'>illa</span> <span class='ocrx_word' id='word_1_320' title='bbox 1267 2601 1365 2633; x_wconf 79' lang='lat' dir='ltr'>nobis</span> <span class='ocrx_word' id='word_1_321' title='bbox 1381 2601 1554 2644; x_wconf 79' lang='lat' dir='ltr'>videntur,</span> 
     </span>
     <span class='ocr_line' id='line_1_55' title="bbox 879 2654 1553 2701; baseline 0 -14"><span class='ocrx_word' id='word_1_322' title='bbox 879 2656 915 2689; x_wconf 87' lang='lat' dir='ltr'>h.</span> <span class='ocrx_word' id='word_1_323' title='bbox 938 2668 969 2688; x_wconf 87' lang='lat' dir='ltr'>e.</span> <span class='ocrx_word' id='word_1_324' title='bbox 991 2669 1029 2689; x_wconf 83' lang='lat' dir='ltr'>ea</span> <span class='ocrx_word' id='word_1_325' title='bbox 1048 2682 1056 2695; x_wconf 96' lang='lat'>‚</span> <span class='ocrx_word' id='word_1_326' title='bbox 1085 2655 1212 2701; x_wconf 89' lang='lat' dir='ltr'>quibus</span> <span class='ocrx_word' id='word_1_327' title='bbox 1236 2655 1324 2687; x_wconf 91' lang='lat' dir='ltr'>nihil</span> <span class='ocrx_word' id='word_1_328' title='bbox 1350 2654 1553 2700; x_wconf 79' lang='lat' dir='ltr'>proficitur,</span> 
     </span>
     <span class='ocr_line' id='line_1_56' title="bbox 880 2707 1553 2753; baseline -0.004 -12"><span class='ocrx_word' id='word_1_329' title='bbox 880 2721 986 2753; x_wconf 70' lang='lat' dir='ltr'>quum</span> <span class='ocrx_word' id='word_1_330' title='bbox 1006 2722 1065 2741; x_wconf 68' lang='lat' dir='ltr'>nce</span> <span class='ocrx_word' id='word_1_331' title='bbox 1081 2708 1231 2741; x_wconf 61' lang='lat' dir='ltr'>animum</span> <span class='ocrx_word' id='word_1_332' title='bbox 1251 2707 1373 2751; x_wconf 70' lang='lat' dir='ltr'>juvent</span> <span class='ocrx_word' id='word_1_333' title='bbox 1390 2732 1397 2745; x_wconf 78' lang='lat'><em>‚</em></span> <span class='ocrx_word' id='word_1_334' title='bbox 1418 2720 1479 2739; x_wconf 78' lang='lat' dir='ltr'>nce</span> <span class='ocrx_word' id='word_1_335' title='bbox 1500 2707 1553 2739; x_wconf 83' lang='lat' dir='ltr'>in-</span> 
     </span>
    </p>
   </div>
  </div>
 </body>
</html>
