1757 2880
443 88 532 129 AD
567 88 606 128 J.
648 86 695 127 Α.
732 81 1162 126 ERNESTIUM.
1387 95 1505 122 amit

100 185 233 209 omues
251 171 430 218 reliquos.
453 169 497 203 Et
518 167 628 202 facile
649 165 704 200 illi
727 165 800 200 fuit
817 164 999 212 probare,
1021 174 1042 197 a
1059 161 1184 196 calore
1205 169 1241 196 et
1261 169 1388 207 tepore
1410 161 1508 196 cele—

99 234 204 270 brari
220 233 345 276 Baias;
359 230 433 266 huc
448 230 569 265 facere
579 236 745 275 teporem
758 239 835 274 prae
848 235 1010 273 torpore,
1022 222 1119 258 illud
1131 234 1222 257 vero
1236 234 1314 260 non
1329 222 1509 256 ostendit.

153 293 358 336 LXXXII,
371 305 405 340 9.
419 290 520 326 Illud
532 289 695 331 aecidat)
711 286 815 335 quod
826 315 835 331 ,
851 300 871 322 a
883 288 1051 321 Cratero
1064 292 1100 319 et
1113 282 1278 319 Cellario
1290 279 1488 329 acceptum
1499 311 1509 326 ,

101 348 194 391 mihi
210 367 287 389 non
303 352 524 388 satisfacere
543 350 646 393 dixi,
668 356 791 383 mutat
809 349 847 383 iu
865 348 1029 383 insideat
1049 358 1093 381 ex
1112 345 1193 380 MS.
1214 344 1338 380 Guelf.
1364 352 1399 379 et
1418 356 1511 379 con-

98 417 243 466 jectura
262 413 462 450 Perizonii.
483 412 602 447 Aldus
619 418 653 446 et
672 409 758 454 alii,
777 410 929 445 insidat.
948 409 1084 443 Fateor
1103 415 1231 442 tamen
1246 433 1255 450 ‚
1279 404 1373 440 mihi
1386 404 1512 440 adhuc

101 478 250 527 placere
265 488 391 511 meum
415 476 529 517 insit;
546 481 607 517 ac,
626 480 695 508 etc.

148 538 364 579 LXXXVI,
378 537 415 571 6.
426 534 544 579 dedit,
556 542 595 569 ul
605 532 934 579 mantimafructus
945 529 993 578 (s.
1004 528 1144 564 fruitus
1158 527 1230 575 est)
1242 527 1419 574 suscepti,
1431 534 1514 568 etc„

104 612 239 647 nempe
256 598 427 633 maxima
443 595 572 645 jungit
588 608 674 631 cum
688 595 828 641 gloria.
848 591 1030 627 Nondum
1048 590 1242 632 adducor,
1262 595 1303 624 ut
1318 589 1398 624 haec
1417 600 1516 635 prae-

105 662 220 698 feram
247 660 281 696 ei
307 658 485 702 lectioni,
513 669 630 705 quam
654 669 672 691 c
700 657 756 691 Cl.
786 653 994 691 Scliwarzii
1018 652 1121 688 libro
1145 650 1260 687 edidi.
1287 651 1367 686 Nec.
1392 649 1514 686 facere

102 735 263 770 possum
277 749 286 765 ‚
305 728 348 755 ut
366 720 530 768 probem

157 786 225 821 XC
238 812 247 827 ‚
267 783 303 827 6,
325 782 530 818 lectionem
543 808 552 824 ‚
571 792 687 828 quam
709 785 980 828 repraesentat,
1000 778 1072 811 elsi
1093 777 1216 810 minus
1240 783 1275 810 et
1293 775 1410 810 bonos
1425 787 1516 822 pro»

107 858 251 881 movere
270 847 399 880 vellet.
421 842 652 879 Jactantiam
671 841 726 876 ait
746 840 806 875 vir
834 839 971 875 doctus
994 837 1252 873 admiratione
1283 836 1437 886 dignam
1454 864 1463 879 ‚
1489 838 1521 871 si

107 907 253 943 Plinius
276 918 313 941 se
333 913 369 941 et
398 905 577 953 collegam
597 904 713 938 bonos
729 902 832 937 viros
853 909 976 937 vocet.
1002 899 1108 946 Quid
1121 899 1237 935 audio
1251 899 1265 934 Ξ)
1279 901 1325 934 Et
1345 898 1519 934 voluitne

108 970 234 1004 Nerva
252 979 481 1014 promovere
496 966 619 1001 minus
636 965 779 999 honos?
792 964 847 998 vel
866 976 912 998 ne
930 961 1158 998 calumniari
1174 961 1325 1004 videar,
1342 960 1521 1008 potuitne

111 1030 184 1065 alio
204 1035 387 1076 respectu
408 1040 471 1062 eos
491 1038 743 1074 promovere,
768 1037 887 1071 quam
906 1033 948 1058 ιιῑ
963 1024 1107 1057 bonos?
1124 1029 1158 1057 et
1176 1034 1305 1057 nonne
1327 1022 1444 1055 bonos
1463 1018 1524 1055 vel

112 1092 201 1127 inde
219 1090 397 1139 collegit,
417 1089 525 1136 quod
544 1088 658 1122 invisi
678 1095 801 1122 essent
819 1086 919 1121 malo
938 1084 1132 1133 principi?
1150 1084 1313 1132 Egregia
1330 1083 1414 1117 laus
1430 1081 1526 1116 boni

110 1152 319 1202 principis,
339 1152 369 1186 si
391 1149 475 1186 solo
492 1149 601 1198 quasi
624 1148 751 1184 studio
774 1145 1066 1184 contradicendi
1087 1157 1157 1180 suo
1177 1143 1409 1179 antecessori
1430 1155 1524 1190 pro-

112 1221 261 1250 moveat
277 1211 467 1262 quosdam
481 1240 490 1256 ,
507 1224 586 1246 non
604 1219 645 1245 ut
664 1211 800 1251 bonos,
824 1208 889 1244 sed
907 1216 948 1243 ut
968 1206 1023 1242 illi
1044 1207 1204 1241 invisos.
1226 1204 1373 1240 Deinde
1395 1217 1517 1252 quor*

113 1289 194 1311 sum
212 1274 419 1310 referemus
441 1274 561 1317 illud,
591 1271 698 1320 quod
719 1270 847 1306 statim
869 1269 1046 1317 sequitur
1064 1268 1112 1303 de
1128 1274 1220 1303 voto
1244 1265 1416 1302 latendi?
1435 1267 1523 1301 Non

112 1334 235 1369 ausim
249 1347 318 1383 ego
335 1333 486 1380 jurare,
513 1333 681 1369 Plinium
704 1331 866 1367 totidem
891 1329 1049 1379 syllabis
1066 1328 1284 1377 scripsisse,
1308 1328 1415 1376 quod
1432 1340 1526 1363 con—-

109 1394 198 1442 jecit
218 1395 391 1443 Lipsius;
413 1395 479 1431 sed
500 1394 539 1429 in
559 1393 658 1429 hanc
678 1393 908 1429 sententiam
928 1393 959 1428 si
979 1391 1152 1440 scripsit,
1170 1389 1418 1426 incommode
1430 1389 1526 1424 scri—-

114 1457 232 1503 psisse
252 1457 313 1492 aio
331 1485 340 1501 ,
365 1469 480 1505 quam
497 1463 540 1491 ut
562 1455 679 1491 modo
698 1455 923 1490 restitutum
945 1460 1018 1489 est.
1039 1453 1127 1488 Non
1151 1452 1322 1494 irascor,
1342 1450 1395 1485 mi
1409 1450 1526 1486 caris-

117 1518 207 1554 sime
224 1518 394 1560 Ernesti,
417 1517 565 1566 optimo
584 1516 797 1552 Arntzenio
810 1544 820 1559 ,
839 1515 947 1563 quod
965 1522 1097 1550 tuetur
1117 1512 1377 1562 iutegritatem
1396 1512 1527 1555 Pliniij,

115 1580 252 1624 laudo,
274 1580 381 1629 quod
408 1593 487 1614 non
517 1578 663 1627 patitur
684 1591 755 1625 pro
779 1577 893 1613 Plinii
919 1575 1048 1611 verbis
1070 1573 1118 1610 ad
1146 1574 1416 1622 posteritatem
1446 1572 1532 1608 dari

117 1641 280 1689 cogitata
308 1643 366 1676 vel
397 1641 750 1677 eruditissimorum
779 1637 994 1677 hominum.
1013 1636 1089 1672 Sed
1116 1637 1286 1683 impuras
1310 1647 1468 1678 mames,
1494 1642 1532 1668 et

117 1703 246 1737 varios
259 1703 528 1737 sententiarum
542 1702 707 1748 gurgites
722 1700 884 1748 impingi
899 1698 991 1734 viris
1006 1697 1055 1733 de
1073 1696 1258 1733 sententia
1275 1696 1510 1744 scriptorum
1523 1724 1534 1733 ,

118 1771 278 1813 propter
297 1775 413 1811 quam
432 1763 550 1798 solam
569 1770 671 1797 totus
688 1762 750 1796 ille
763 1768 898 1796 noster
915 1766 1123 1809 apparatus
1138 1758 1294 1793 criticus
1311 1757 1530 1801 adhibetur.

121 1824 267 1872 optime
283 1823 448 1867 meritis,
466 1823 563 1859 illud
583 1822 719 1858 leniter
740 1829 841 1858 certe
854 1849 863 1864 ‚
882 1833 901 1856 e
918 1827 1070 1856 servata
1085 1820 1287 1855 literarum
1308 1826 1532 1855 nostrarum

120 1886 349 1922 verecundia
364 1913 372 1929 ‚
396 1883 782 1920 animadvertendum
803 1881 898 1917 mihi
918 1881 1137 1917 videbatur.
1157 1879 1271 1915 Ultra
1293 1880 1395 1924 fere,
1417 1892 1534 1927 quam

122 1942 192 1995 pro
210 1948 327 1997 hujus
347 1946 526 1983 editionis
546 1946 696 1981 ratione
713 1958 793 1980 non
813 1955 1016 1991 nunquam
1036 1948 1244 1989 provectus
1262 1953 1348 1975 sum
1363 1968 1372 1984 ‚
1402 1940 1534 1976 dulce—

123 2012 211 2047 dine
241 2019 365 2047 tecum
378 2037 388 2054 ‚
423 2013 447 2047 ὦ
474 2009 598 2054 φιλότης
611 2033 621 2048 ,
650 2015 693 2043 ut
723 2008 816 2043 alias
848 2019 980 2042 coram
1010 2004 1254 2049 solebamus,
1284 2003 1534 2051 disputandi,

125 2072 234 2118 cujus
256 2086 316 2108 me
338 2072 448 2120 quasi
470 2069 670 2119 praesentis
693 2068 878 2118 cogitatio
895 2095 904 2111 ,
929 2066 1037 2116 quod
1057 2065 1232 2101 futurum
1251 2064 1531 2112 praevidebam,

128 2134 373 2177 sustentavit,
394 2142 437 2168 ut
462 2146 541 2168 non
564 2132 677 2168 nimis
696 2129 871 2180 jucundo
893 2129 1047 2172 labore,
1069 2140 1152 2162 mea
1180 2125 1295 2175 quasi
1314 2124 1443 2160 vineta
1463 2138 1536 2160 cae—

128 2195 267 2237 (leudi,
290 2203 327 2230 et
355 2194 588 2230 retractandi
613 2206 654 2228 ea
670 2223 678 2236 ‚
706 2206 790 2241 quae
813 2205 930 2227 manu
951 2189 1088 2225 emissa
1111 2187 1345 2238 gaudebam,
1372 2186 1535 2222 alacrius-

127 2256 371 2303 defungerer.
399 2258 491 2300 Quae
515 2256 604 2290 alias
625 2255 664 2289 in
690 2254 764 2289 fine
795 2253 1048 2301 epistolarum
1072 2250 1150 2286 dici
1178 2250 1325 2291 solent,
1355 2248 1398 2283 iis
1426 2247 1537 2283 facile

128 2325 231 2353 caret
251 2315 417 2352 amicitia
437 2324 583 2351 nostra.
606 2317 743 2364 Itaque
765 2316 867 2357 vale,
884 2321 920 2350 et
937 2314 1012 2349 mei
1032 2311 1257 2348 memoriam
1275 2310 1538 2359 Lipsiensibus

129 2379 278 2422 amiciS,
299 2377 507 2427 prees-eslim
530 2379 695 2413 Patrono
718 2384 854 2413 nostro
873 2376 1015 2411 illustri
1034 2375 1251 2416 STiemzio,
1271 2371 1356 2406 viro
1376 2371 1537 2408 immor-

133 2439 256 2475 taliter
284 2440 331 2473 ‹le
355 2438 480 2488 patria
508 2450 576 2474 sua
605 2439 791 2480 merenti,
819 2436 1093 2473 commendare
1113 2448 1161 2471 ne
1180 2434 1323 2470 desine.
1347 2434 1429 2469 Ser.
1450 2434 1523 2471 Kal

133 2502 226 2536 &Imm
243 2513 497 2537 Muccxxxvui
512 2530 520 2539 ,
544 2500 746 2546 Gottingae.

1054 2553 1086 2585 J.
1107 2552 1161 2585 M.
1184 2551 1432 2583 Gemmas.
