1757 2880
635 99 1006 142 SCHAEFERI.
1440 121 1537 150 xvn

138 216 190 261 93
215 199 487 259 Voluptates
520 205 626 240 sunt
663 200 782 240 enim
812 198 929 242 Plin.
964 201 1186 261 Panegyr.
1218 202 1455 258 LXXXII,
1487 206 1513 249 8
1527 241 1538 261 ,

138 300 194 328 ex
221 290 346 326 certa
368 280 510 342 Lipsii
536 279 877 326 emendatione.
909 280 1152 326 Sufficient
1182 282 1292 328 haec.
1323 285 1393 329 Ad
1419 285 1541 332 hanc

137 381 354 411 normam
372 366 545 409 'vereor
573 380 633 409 ne
661 364 926 427 corrigendi
956 365 1048 410 sint
1078 365 1143 409 illi
1171 366 1290 423 loci,
1319 366 1403 412 ubi
1434 385 1543 432 par-

136 450 280 495 ticula
316 448 462 494 verbo
495 448 790 494 substantivo
820 451 1069 512 praeposita
1097 453 1333 514 reperitur
1359 472 1367 498 :
1397 455 1543 500 veluti

139 537 252 579 Caes.
276 533 334 579 de
353 537 398 578 B.
426 535 476 578 C.
499 537 566 588 ΙΙ,
591 534 673 587 323
700 535 794 578 Cic.
820 534 878 579 de
904 538 1032 579 Orat.
1060 537 1101 591 Ι,
1131 553 1216 598 29;
1242 540 1312 593 ΙΙ,
1343 537 1425 593 54ς
1451 543 1542 598 ΙΙΙ,

139 618 226 673 45,
256 618 368 662 Plin.
398 619 533 681 epist.
562 621 650 675 VI,
677 635 758 680 29,
793 619 834 664 3.
859 637 920 652 ·—
940 619 1069 664 Idem
1090 656 1101 674 ‚
1127 621 1322 683 opinor,
1356 621 1415 668 de
1446 624 1544 668 aliis

137 702 379 765 particulis
404 702 686 747 tenendum:
712 703 933 748 Liberam
954 714 1020 748 est
1043 715 1203 750 autem
1230 705 1345 751 Plin.
1377 710 1545 770 Paneg.

137 789 358 843 XXXVI,
383 786 433 843 53
453 790 567 833 Non
589 798 657 832 esc
672 798 828 832 aulem
851 791 1011 833 Senec.
1037 790 1169 851 epist.
1195 790 1279 845 82,
1309 808 1379 853 173
1395 795 1549 838 Nemo

139 881 206 916 est
234 888 343 934 ergo
377 871 492 916 Plin.
525 875 748 934 Panegyr.
783 875 945 929 XLIV,
981 872 1021 918 3.
1054 873 1289 918 Adhibita
1313 886 1382 920 est
1411 880 1550 937 igitur

140 955 232 1000 Cic.
261 954 319 1000 de
345 958 471 1000 Orat.
498 958 542 1009 I,
573 957 648 1010 42.

200 1041 346 1103 Epist.
372 1045 419 1095 Ι,
455 1040 531 1095 16,
561 1059 611 1097 2,
635 1041 740 1101 jure
782 1042 965 1104 praetuli
995 1052 1164 1088 acutce.
1200 1044 1446 1091 Secundus
1474 1063 1549 1093 re-

141 1125 294 1187 spexit
319 1125 527 1169 Tullium
548 1141 686 1170 suum
709 1125 768 1170 de
788 1136 904 1170 orat.
927 1130 993 1181 ΙΙ,
1024 1128 1064 1172 8.
1099 1129 1230 1185 Quid
1253 1141 1413 1176 autem
1437 1131 1549 1176 sab-

139 1207 288 1264 tilius‚
318 1226 464 1270 quam
494 1219 650 1253 acuta?
677 1209 947 1271 crebraeque
970 1214 1251 1256 sententiae?

202 1293 346 1354 Epist.
367 1295 430 1347 ΙΙ,
459 1290 528 1346 15,
549 1310 590 1347 2,
613 1292 808 1355 alioqui.
829 1294 904 1337 Sic
924 1293 1143 1356 alioquin
1160 1296 1260 1342 sine
1279 1310 1326 1342 et
1343 1300 1551 1343 occurrit

140 1377 224 1431 VI,
254 1374 336 1431 23,
371 1392 416 1431 13
443 1379 552 1432 VII,
585 1374 659 1432 31,
699 1394 742 1433 13
774 1381 835 1432 Χ,
866 1394 947 1434 2ο,
981 1395 1018 1433 1,
1047 1379 1130 1440 qui
1162 1379 1253 1425 loci
1290 1383 1551 1445 Gierigium

140 1458 332 1504 tandem
361 1458 656 1516 docuerunt,
682 1459 842 1506 fallere
871 1463 1083 1525 regulam
1105 1465 1491 1511 Schwarzianarn.

204 1542 347 1603 Epist.
367 1545 454 1597 ΙΙΙ,
482 1543 506 1586 5
522 1579 532 1595 ‚
558 1543 585 1588 8
601 1579 612 1598 ‚
633 1548 903 1605 parcissimi
917 1546 1087 1590 iterum
1110 1547 1323 1593 defendit
1341 1554 1376 1594 J.
1400 1553 1448 1595 A.
1470 1554 1548 1596 Er-

142 1625 317 1669 nestius
343 1626 392 1669 in
427 1626 565 1671 Clave
598 1628 813 1673 Ciceron.
845 1629 947 1674 Vid.
981 1631 1144 1676 vocab.
1167 1644 1385 1694 paratus.

205 1711 315 1753 Not.
343 1708 403 1753 ad
429 1726 502 1772 ep.
524 1712 613 1765 ΙΙΙ,
639 1711 689 1768 6,
713 1711 753 1757 3.
779 1714 989 1757 Tertium
1018 1716 1287 1777 exemplum
1316 1718 1550 1765 confusio-

143 1793 214 1836 nis
232 1808 400 1837 vocum
419 1792 518 1844 οἶνος
539 1803 584 1838 et
602 1798 720 1846 ὕπνος
741 1797 896 1857 reperi
918 1797 964 1840 in
986 1797 1238 1845 collatione
1261 1805 1550 1848 Porsoniana

143 1876 317 1922 codicis
346 1877 582 1923 Harleiani
610 1879 775 1941 Odyss.
807 1884 854 1925 B.
888 1881 1001 1944 395,
1034 1900 1138 1947 pag.
1171 1902 1221 1930 12
1242 1922 1252 1941 ‚
1281 1904 1319 1931 a.

204 1963 349 2025 Epist.
371 1967 459 2019 IV,
495 1981 532 2019 ι,
568 1982 591 2009 2
611 2001 622 2021 ,
649 1964 931 2026 adlz'gamus.
958 1967 1076 2012 Add.
1107 1972 1143 2012 J.
1174 1973 1247 2014 Fr.
1278 1974 1549 2018 Gronovius

145 2046 201 2089 ad
227 2050 389 2092 Senec.
416 2049 549 2110 epist.
578 2051 659 2110 94,
688 2065 789 2111 pag.
819 2050 922 2110 449.

207 2130 349 2191 Epist.
382 2135 459 2185 IV,
501 2132 576 2188 13,
613 2134 655 2178 8.
693 2135 848 2178 Locus
882 2133 958 2179 hic
995 2137 1165 2180 tentari
1197 2154 1294 2182 non
1329 2139 1545 2185 debebatvv

145 2213 316 2258 Similis
342 2215 390 2258 in
411 2217 675 2277 negationis
702 2234 792 2262 usu
819 2219 1051 2264 anomalia
1073 2224 1279 2266 occurrit
1300 2227 1356 2281 V,
1391 2241 1460 2286 ¹7⁷
1496 2224 1546 2282 6,

142 2295 225 2341 ubi
246 2296 336 2341 vid.
371 2313 474 2358 quae
500 2301 673 2344 notavi.

206 2381 348 2443 Epist.
381 2384 407 2436 [4
426 2417 437 2437 ,
465 2399 539 2443 27,
572 2383 616 2428 6.
656 2385 837 2429 Locum
868 2387 1177 2451 Euripideum
1207 2390 1432 2453 Sophocli
1469 2393 1548 2436 tri-

142 2464 246 2510 buit
283 2465 547 2528 insciteque
591 2468 929 2531 interpretatur
969 2475 1197 2521 Devarius
1234 2475 1293 2521 de
1334 2478 1546 2539 particul.

146 2564 251 2612 pag.
281 2548 395 2611 349,
424 2567 491 2612 sq.
519 2550 592 2597 ed.
622 2556 810 2599 Reusm.

1327 2658 1359 2697 Β
