1742 2989
152 298 193 328 16

156 874 198 906 18

218 203 309 257 364

623 202 672 243 (3.
709 198 933 242 PLINII
967 198 1092 240 LIB.
1129 199 1213 241 VI.

217 284 496 328 nuntiabant.
536 279 738 326 Paullum
771 278 954 331 reluxit3
979 278 1096 338 quod
1129 295 1218 321 non
1254 277 1344 321 dies
1375 279 1523 335 nobis,
1551 280 1624 324 sed

219 357 494 401 adventantis
529 355 641 415 ignis
675 352 886 396 indicium
922 351 1150 395 videbatur

1180 369 1188 395 :
1223 360 1264 394 et
1300 353 1413 412 ignis
1447 352 1624 413 quidem

219 430 392 491 longius
416 428 610 488 substitit
635 445 643 470 :
670 426 860 470 tenebrae
885 441 1059 479 rursm,
1085 425 1193 468 cinis
1220 442 1369 468 rursus
1395 426 1558 470 multus
1583 437 1626 470 et

219 504 373 563 gravis.
396 504 526 545 Hunc
546 499 785 544 identidem
809 497 1091 558 adsurgentes
1114 498 1440 541 excutiebamus
1459 498 1627 558 :operti

156 595 166 614 ι
219 576 406 636 alioqui,
427 585 559 636 atque
581 575 711 617 etiam
736 571 861 616 oblisi
885 570 1078 631 pondere
1103 586 1307 614 essemus.
1333 572 1509 614 Possem
1537 569 1626 631 glo-

220 650 347 703 riari⁷
376 666 465 692 non
493 648 707 708 gemitum
737 644 872 699 mihi,
905 661 994 687 non
1025 659 1177 686 vocem
1205 660 1362 703 parum
1395 643 1551 686 fortem
1583 643 1627 685 in

220 724 353 766 tantis
385 721 589 783 periculis
623 719 855 773 excidisse,
887 718 968 760 nisi
1000 733 1069 760 ine
1100 733 1200 760 cum
1226 717 1452 771 omnibus,
1479 716 1629 759 omnia

222 813 394 840 mecum
418 797 562 856 perire
579 829 589 849 ‚
611 795 794 847 misero,
819 807 977 851 magno
1004 799 1150 833 tamen
1174 788 1452 833 mortalitatis
1475 788 1629 833 solatio

223 869 514 914 credidissem.
538 867 734 911 Tandem
765 865 834 909 illa
861 863 1001 924 caligo
1030 872 1209 907 tenuata
1236 863 1358 922 quasi
1387 862 1431 904 in
1460 861 1630 905 fumum

224 943 484 987 nebulamve
515 941 697 985 decessit

225 1078 322 1110 verit.
340 1075 425 1109 Vid.
448 1073 614 1119 Heusing.
641 1070 810 1105 Emendd⁴
835 1070 870 1102 II
885 1096 893 1111 ,

230 1131 289 1172 13,
308 1142 388 1175 pag.
411 1130 489 1162 315.
511 1127 555 1160 G.
575 1124 666 1158 Add.
688 1123 830 1158 Gesneri
852 1121 896 1155 ad

228 1184 257 1216 J.
275 1184 315 1215 A.
334 1181 529 1214 Ernestium
552 1177 714 1225 epistola.
734 1197 779 1201 ——
799 1177 894 1208 Rom.

228 1254 243 1263 «ι
258 1235 413 1268 Aderant
423 1259 432 1273 ‚
450 1233 509 1279 qui
524 1232 650 1265 Miseni
666 1229 753 1263 illud
770 1228 877 1261 ruisse
888 1251 896 1267 ,

227 1287 315 1321 illud
328 1287 483 1321 ardere.»
491 1286 545 1320 Sic
560 1293 591 1318 et
601 1283 680 1317 Ald.
697 1282 778 1316 satis
789 1282 876 1314 bene
889 1291 895 1312 :

229 1342 325 1374 Cort.
340 1349 373 1374 et
387 1339 530 1386 quidam
545 1339 603 1371 alii
614 1363 622 1378 ‚
639 1337 834 1380 illudfnisse.
846 1335 899 1366 An

232 1402 416 1439 utrumque
448 1392 583 1437 scripsit
614 1387 768 1423 Plinius?
799 1405 809 1416 e
829 1386 900 1427 Qui

229 1447 356 1480 Miseni
368 1446 492 1486 fuisse,
508 1444 596 1477 illud
607 1443 716 1476 ruisse
727 1467 735 1481 ‚
752 1439 837 1473 illud
850 1451 901 1471 ar-

231 1500 313 1533 dere
325 1525 333 1539 ,
348 1500 435 1532 salso
447 1523 455 1538 ,
469 1497 529 1531 secl
539 1495 758 1530 credentibus
769 1492 902 1525 nuntia-

232 1553 330 1585 bant.
348 1569 362 1580 »
380 1553 424 1584 At
449 1563 569 1584 omnes
596 1548 720 1581 Miseni
745 1547 879 1579 fuerant
892 1568 901 1583 ,

233 1617 353 1637 omncs
362 1604 477 1650 paullo
485 1611 564 1636 ante
572 1601 697 1648 pariter
705 1599 784 1632 inde
794 1610 904 1643 egres-

235 1658 262 1690 si
282 1665 379 1690 erant
395 1683 402 1697 ‚
425 1665 461 1689 ut
483 1669 552 1689 non
578 1667 665 1700 opus
688 1654 750 1692 sit,
771 1651 903 1696 aliquos

236 1712 460 1754 Misenifuz'sse
474 1709 553 1742 dici.
571 1708 604 1742 Si
618 1707 678 1753 qui
694 1705 822 1738 diutius
834 1715 906 1735 mo-

234 1763 300 1796 rati
327 1763 374 1795 ibi
404 1775 496 1795 nunc
527 1761 668 1794 demum
697 1757 879 1791 veniebant
895 1780 904 1794 ‚

236 1828 307 1849 non
323 1816 386 1848 hos
406 1815 514 1860 magis
531 1814 609 1847 falsi
628 1811 776 1845 rumoris
790 1817 908 1842 aucto-

238 1881 291 1901 res
306 1868 409 1901 fuisse
423 1867 588 1901 credibile
601 1874 670 1905 est,
682 1876 786 1910 quam
802 1862 885 1895 alios
897 1886 907 1902 ‚

238 1922 316 1966 qui,
331 1933 406 1966 quae
420 1933 488 1953 non
500 1919 676 1958 viderant,
693 1915 910 1961 suspicaban-

240 1982 309 2007 tur.
322 1977 499 2007 Illudvero
518 1986 589 2006 non
610 1971 654 2004 ad
665 1971 839 2004 Misenum
857 1980 909 2001 re-

241 2026 314 2060 fero
327 2052 334 2066 ‚
355 2026 413 2059 sed
431 2027 477 2059 ita
495 2025 651 2070 intelligo
666 2050 674 2064 ‚
692 2031 727 2056 ut
741 2021 909 2056 vicarium

241 2080 284 2112 sit
304 2079 531 2119 substantivi,
547 2077 641 2123 quod
659 2089 730 2110 non
750 2074 910 2108 nomina-

240 2139 316 2165 tur:
330 2132 431 2177 quale
442 2141 489 2166 est
503 2130 596 2177 apud
610 2143 688 2169 nos,
703 2132 760 2161 das
775 2129 842 2159 und
852 2129 911 2158 das

246 2188 337 2216 Hans
349 2210 356 2225 ,
370 2185 462 2230 apud
474 2185 594 2217 Gallos
606 2209 614 2222 ‚
632 2186 675 2215 tel
693 2192 723 2213 et
740 2181 910 2223 telpczluis.

243 2238 319 2270 Liv.
334 2237 394 2270 lib.
413 2239 429 2269 I
442 2263 450 2277 ‚
469 2251 545 2283 cap.
558 2237 640 2268 VII.
665 2253 677 2264 ιι
690 2235 724 2268 Si
744 2246 806 2279 ego
824 2233 913 2278 inju-

244 2298 292 2323 ste
308 2290 481 2336 impieque
496 2291 571 2323 illos
590 2289 748 2322 homines
769 2286 913 2330 illasque

243 2356 298 2377 res
329 2342 448 2377 dedier
478 2343 600 2376 nuntio
628 2340 747 2386 populi
769 2341 808 2371 R.
831 2337 915 2370 mihi

244 2408 403 2441 exposco.
420 2414 431 2425 »
461 2397 495 2430 Si
526 2396 592 2428 hoc
622 2393 815 2438 exemplum
845 2403 914 2423 non

244 2450 357 2494 placet
368 2475 376 2490 ‚
397 2448 478 2481 audi
495 2448 608 2493 ipsum
623 2446 708 2478 Plin.
726 2445 786 2476 lib.
804 2444 819 2475 I
834 2469 842 2483 ‚
857 2455 912 2487 ep.

245 2514 281 2545 9,
296 2520 307 2531 a
321 2502 383 2535 Ille
395 2514 447 2533 mc
461 2500 505 2533 ad
519 2497 725 2544 signandum
736 2504 916 2529 testamen-

247 2563 339 2594 tum,
358 2554 414 2586 ille
440 2554 475 2585 in
494 2551 757 2585 advocationem
774 2574 782 2588 ‚
804 2548 861 2579 ille
880 2548 916 2580 in

246 2608 428 2640 consilium
443 2606 588 2651 rogavit.
601 2622 613 2632 u
632 2602 728 2635 Ideni
745 2602 915 2646 Panegyr.

248 2674 323 2705 cap.
346 2660 410 2699 IV,
439 2676 452 2687 «
464 2658 596 2691 Enituit
614 2654 734 2701 aliquis
754 2653 788 2685 in
806 2653 896 2685 bello
909 2679 917 2693 ‚

250 2712 309 2746 seed
332 2711 497 2745 obsolevit
520 2711 553 2743 in
570 2721 655 2755 pace
675 2720 682 2740 z
700 2707 806 2740 alium
820 2713 897 2750 toga
910 2731 917 2743 ‚

735 957 743 983 :
779 955 879 982 mox
913 937 1004 981 dies
1032 953 1158 993 vere,
1184 935 1246 980 sol
1278 936 1409 979 etiam
1448 933 1633 987 effulsit,

962 1067 1021 1101 sed
1041 1080 1110 1101 non
1132 1075 1164 1101 et
1186 1079 1283 1100 arma
1306 1067 1535 1100 honestarunt
1557 1077 1564 1097 :
1583 1077 1635 1098 re-

961 1121 1150 1154 verentiam
1162 1120 1218 1153 ille
1228 1128 1371 1158 terrore,
1382 1120 1469 1152 alius
1480 1130 1633 1151 amorem

962 1174 1179 1207 humanitate
1195 1174 1344 1218 captavit
1360 1184 1367 1205 :
1382 1172 1439 1205 ille
1458 1171 1635 1217 quaesitam

964 1226 1059 1259 domi
1074 1226 1219 1271 gloriam
1233 1226 1268 1258 in
1281 1225 1423 1271 publico
1436 1249 1444 1264 ,
1458 1224 1516 1257 hic
1526 1224 1562 1257 in
1574 1236 1637 1268 pu-

963 1279 1056 1312 blico
1076 1287 1210 1324 partam
1227 1277 1322 1311 domi
1339 1276 1526 1323 perdidit.»
1546 1274 1637 1308 Vide

964 1333 1138 1366 Schwarz.
1159 1331 1204 1365 ad
1227 1331 1377 1364 Tursell.
1398 1329 1442 1363 de
1460 1329 1583 1375 partic.
1603 1339 1634 1360 c.

966 1386 1081 1428 CV‚§
1107 1390 1167 1426 14,
1183 1396 1261 1430 pag.
1285 1385 1364 1427 390.
1385 1383 1429 1416 H.
1447 1403 1493 1408 —-
1507 1382 1635 1415 Seneca

966 1438 1065 1483 epist.
1077 1438 1121 1481 93
1133 1462 1142 1478 ‚
1156 1437 1231 1470 init.
1253 1454 1265 1465 α
1276 1437 1392 1477 Quare
1402 1435 1459 1467 ille
1472 1435 1508 1467 in
1523 1432 1641 1467 medio

966 1503 1070 1524 cursu
1097 1497 1217 1536 raptus
1249 1488 1320 1522 est?
1347 1500 1455 1533 quare
1482 1486 1539 1519 ille
1567 1498 1636 1518 non

966 1542 1122 1589 rapitur?
1133 1559 1146 1570 »
1161 1543 1196 1576 S.

1018 1598 1070 1628 16.
1083 1597 1233 1627 Paullum
1255 1595 1384 1625 reluxit.
1400 1593 1498 1624 Rom.
1519 1593 1634 1622 Paulu-

969 1651 1033 1681 lum
1045 1650 1174 1680 reluxit.
1188 1644 1320 1679 Deinde
1337 1656 1344 1677 :
1365 1644 1551 1676 «Tenebrae
1567 1655 1639 1676 rur-

970 1714 1027 1734 sus
1038 1726 1046 1742 ,
1067 1701 1153 1733 cinis
1165 1699 1295 1732 multus
1310 1705 1341 1730 et
1361 1697 1487 1742 gravis.
1501 1712 1514 1725 n
1526 1695 1570 1728 H.

1015 1774 1060 1779 —
1077 1754 1187 1796 Operti
1194 1753 1319 1794 alioqui
1326 1776 1335 1789 ,
1349 1750 1519 1784 etc.R0m.
1536 1752 1643 1791 Operti

972 1808 1097 1849 alioqui
1114 1816 1211 1848 atque
1234 1806 1272 1835 de
1293 1805 1371 1834 coelo
1393 1803 1488 1834 oblisi
1499 1803 1644 1845 pondere

973 1872 1116 1891 essemus.
1136 1858 1179 1890 H.

1025 1924 1077 1956 17.
1092 1913 1227 1949 Illisero,
1244 1922 1362 1953 magno
1382 1918 1504 1940 tamen.
1521 1932 1528 1939 .
1545 1908 1644 1938 ‚sola-

975 1967 1032 1997 tio.
1052 1965 1147 2009 Saepe
1160 1955 1362 1996 'admodum
1383 1960 1443 1992 illo
1463 1959 1570 1992 utitur
1590 1957 1645 1990 Ci-

975 2030 1054 2051 cero
1067 2042 1076 2057 ‚
1103 2028 1213 2063 quum
1242 2022 1343 2059 negat
1373 2012 1425 2046 vel
1448 2011 1645 2057 periculum

976 2070 1087 2103 amico
1107 2070 1253 2108 instare,
1278 2065 1373 2112 quod
1395 2077 1467 2097 non
1491 2063 1533 2096 sit
1557 2075 1648 2095 com-

976 2135 1082 2157 mune
1098 2121 1261 2154 omnibus
1273 2144 1281 2158 ,
1292 2119 1346 2152 vel
1361 2124 1553 2163 separatam
1566 2128 1584 2148 a
1596 2127 1647 2148 re-

977 2176 1081 2222 liquis
1096 2175 1271 2207 fortunam
1290 2171 1395 2204 alicui
1406 2167 1646 2215 expetendam.

978 2227 1069 2261 Vide
1094 2226 1190 2260 verbi
1216 2237 1338 2257 caussa
1365 2223 1494 2268 primas
1519 2221 1647 2266 aliquot

978 2282 1058 2314 libri
1089 2279 1184 2313 sexti.
1219 2278 1329 2323 Igitur
1355 2276 1485 2309 Plinius
1515 2274 1582 2306 hac
1615 2284 1649 2304 sc

980 2332 1157 2367 communi
1172 2329 1410 2375 desperatione
1432 2327 1533 2373 quasi
1558 2324 1648 2358 obri-

981 2387 1092 2433 guisse
1103 2413 1111 2427 ‚
1126 2397 1198 2417 non
1214 2395 1273 2429 spe
1289 2382 1404 2428 aliqua
1424 2386 1649 2415 sustentasse,

982 2440 1119 2472 fatetur.
1141 2437 1185 2470 G.

1032 2493 1084 2525 18.
1101 2492 1277 2534 Inficmum
1301 2489 1484 2519 nebulamve
1510 2483 1649 2514 decessit.

981 2547 1080 2578 Rom.
1105 2545 1281 2586 Infitmnm
1297 2541 1481 2572 nebulamve.
1500 2535 1651 2566 discessil.

983 2598 1027 2631 H.
1044 2597 1190 2630 Praefero
1205 2594 1353 2626 discessit.
1369 2591 1403 2623 S.
1418 2609 1462 2613 —
1474 2591 1554 2619 Mooe
1568 2588 1633 2617 dies
1643 2610 1649 2615 .

984 2659 1048 2684 ete.
1063 2651 1161 2682 Rom.
1182 2650 1264 2679 Maz-
1280 2647 1345 2676 dies
1356 2669 1366 2681 ,
1391 2644 1440 2673 sol
1461 2642 1567 2672 etiam.
1583 2639 1647 2671 Nm.

985 2717 1078 2736 verus
1096 2713 1159 2734 nec
1172 2712 1247 2732 vere
1256 2696 1394 2741 legitur.
1408 2694 1450 2725 H.
