1742 2989
182 179 237 221 18
609 172 658 214 C.
695 170 915 213 PLlNH
951 169 1075 212 LlB.
1112 170 1145 211 I.

176 257 305 311 terii,
344 253 463 316 quod
501 253 682 296 minime
727 249 1080 312 praetereundum
1118 249 1222 302 fuit,
1259 248 1474 308 accepisse
1514 264 1583 291 me

176 338 374 391 caryotas
405 327 615 388 optimas,
640 342 735 386 quae
769 340 888 367 nunc
931 322 1022 367 ficis
1057 333 1100 366 et
1134 320 1289 365 boletis
1325 319 1580 364 certandum

174 403 350 447 habent.
370 400 491 446 Vale.

172 532 299 567 sednlae
313 530 535 564 librariorum
549 553 558 568 ,
573 527 698 573 quihus
713 524 846 571 aliquid

174 585 218 619 ad
234 584 398 618 orationis
414 582 648 627 integritatem
669 579 785 612 deesse
802 577 848 610 vi-

174 637 313 671 deretur
327 663 336 677 ,
355 637 436 670 talia
457 633 692 681 provocabula
714 632 847 664 invexe-

173 699 269 724 runt.
284 689 366 722 Vid.
386 689 480 721 infra
497 686 636 721 Cortius
652 685 696 718 ad
711 697 764 730 ep.
788 696 826 727 19
839 709 848 724 ,

177 755 214 783 23
230 743 407 775 Drakenb.
425 740 469 773 ad
480 740 554 773 Liv.
570 741 600 779 Ι,
620 739 676 779 23,
692 738 708 772 5
723 736 850 778 ;Vech-

174 809 249 828 ner.
262 794 432 828 Hellenol.
449 806 482 839 p.
503 805 565 826 120
580 805 652 837 seq.
668 803 746 823 cum
762 790 851 823 notis

174 848 393 893 Heusiiigeri.
413 847 448 880 S.
466 867 511 870 —
527 849 694 888 Caryotas.
711 843 848 876 Graeco-

173 914 251 934 rum
287 904 419 947 φοίνικες
452 900 608 944 καρυωτοὶ
623 925 632 939 ,
655 897 697 930 de
727 898 852 943 quibus

174 967 207 987 v.
221 953 363 987 Diodor.
378 953 447 987 Sic.
463 953 497 984 II
512 977 520 991 ,
537 952 577 985 53
592 963 600 991 ;
618 950 734 996 ibique
748 951 853 985 VVes-

175 1007 298 1051 seling.
314 1019 348 1051 p.
373 1006 449 1039 165.
465 1006 499 1039 S.
517 1025 563 1029 —
582 1007 665 1036 Ficis
682 1014 712 1036 ec
728 1005 850 1036 boletis.

173 1059 227 1093 Sic
251 1067 343 1092 recte
371 1057 499 1097 edidit,
520 1066 554 1090 et
570 1057 694 1096 scribi,
721 1055 848 1088 omissa

174 1124 264 1149 cum,
291 1110 410 1144 docuit
439 1110 588 1143 Cortius.
618 1110 668 1141 De
699 1108 848 1141 formula

174 1166 363 1196 certandum
384 1165 502 1195 habent
521 1161 593 1194 vid.
621 1160 700 1194 Iud.
728 1161 771 1193 G.
804 1181 848 1185 .—

174 1217 273 1249 Rom.
304 1229 375 1259 quse
400 1229 483 1247 nunc
503 1228 573 1246 cum
591 1216 668 1259 ficis
689 1224 718 1245 et
739 1215 849 1245 boletis

174 1271 361 1300 certandum
378 1272 514 1306 abeunt,
533 1267 655 1300 vitiose
673 1266 706 1298 in
728 1265 848 1298 ultimo

175 1322 292 1354 verbo.
318 1319 598 1365 praepositionem
619 1332 689 1350 cum
709 1318 848 1352 Cortius

176 1374 279 1406 unius
300 1372 446 1405 Medicei
475 1371 678 1405 auctoritate
705 1370 847 1409 delevit,

177 1438 284 1471 quam
317 1425 437 1470 saepius
471 1424 601 1456 Plinius
636 1423 759 1470 adjecit
779 1448 787 1463 ,
823 1422 849 1455 si

195 1599 314 1609 ιἰιιΛπ
321 1596 903 1610 aummmmuzmxmsmvw

911 537 1021 557 unum
1036 524 1151 556 locum
1168 522 1330 568 excipias,
1343 521 1510 561 lil).VIII,
1528 532 1582 566 ep.

913 578 955 618 8,
983 586 1030 617 43
1059 576 1117 609 ubi
1143 575 1248 615 dixit,
1279 578 1366 618 rigor
1397 587 1491 617 aquae
1521 586 1586 604 cer-

915 632 1028 663 taverit
1052 631 1182 662 nivibus.
1201 628 1265 660 Hic
1284 635 1361 673 post
1382 639 1466 659 nunc
1484 625 1585 659 facile

916 683 1074 717 excidere
1092 682 1213 728 potuit.
1239 684 1313 713 Cum
1323 682 1401 726 ficis
1426 689 1456 711 et
1474 681 1584 711 boletis

916 738 1101 768 certandum
1134 737 1253 766 liabent
1287 745 1389 766 nemo
1423 731 1585 777 explicat.

916 790 1075 823 Fortasse
1094 787 1162 820 hoc
1185 786 1267 819 dicit
1289 798 1296 819 2
1320 785 1586 831 periclitantur,

915 855 960 876 ne
975 841 1031 875 fici
1048 849 1079 874 et
1096 840 1223 880 boleti,
1240 851 1325 885 quos
1340 850 1406 884 pro
1424 837 1490 870 illis
1512 835 1589 868 red-

917 895 962 928 do
977 920 986 935 ,
1002 907 1037 927 se
1054 895 1163 926 multo
1179 892 1348 938 gratiores
1364 892 1428 923 tibi
1447 890 1524 923 sint.
1542 887 1587 920 H.

916 969 962 972 —
973 948 1118 980 Temere
1128 953 1229 991 negat
1239 944 1426 988 Gierigius,
1437 941 1587 975 Plinium

917 1001 1025 1033 verbo
1036 1010 1158 1031 certare
1168 998 1323 1031 dativum
1331 998 1492 1042 jungere.
1502 993 1590 1027 Cau-

914 1052 980 1084 tius
988 1051 1238 1096 Heusingerus,
1248 1050 1309 1095 qui
1319 1049 1396 1082 loco
1411 1048 1469 1081 illo
1480 1046 1588 1080 altero

910 1104 981 1149 jam
1000 1104 1034 1135 in
1055 1103 1143 1135 notis
1159 1102 1202 1135 ad
1217 1102 1392 1135 Vechner.
1414 1098 1586 1132 Hellenol.

914 1169 950 1202 p.
979 1157 1066 1195 3⁴36,
1088 1167 1170 1188 usus
1196 1155 1319 1187 fuerat.
1346 1174 1392 1178 -
1417 1154 1533 1195 Fungis
1553 1151 1588 1183 in

915 1215 1064 1254 excerpt.
1094 1208 1286 1240 Brummer.
1313 1206 1424 1252 glossa
1450 1203 1590 1238 videtur

916 1262 1010 1295 vocis
1032 1263 1153 1293 boletis.
1183 1280 1228 1284 —
1255 1261 1447 1292 certandum
1473 1259 1592 1288 habent

913 1328 984 1348 non
1003 1322 1051 1347 est
1069 1339 1077 1353 ,
1096 1321 1229 1346 certare
1245 1318 1410 1358 possunt,
1431 1308 1491 1343 sed
1513 1320 1585 1341 cer-

914 1377 986 1401 tare
1006 1367 1131 1400 debent
1149 1392 1157 1406 ‚
1188 1373 1220 1398 et
1239 1364 1339 1411 quasi
1361 1364 1394 1395 in
1415 1370 1588 1395 certamen

914 1421 1068 1454 veniunt.
1091 1420 1125 1453 S.

795 1741 971 1796 VIII.

182 1918 277 1955 Petit
294 1917 601 1954 emendationem
618 1915 800 1951 orationis
817 1916 856 1950 in
872 1913 996 1963 patria
1012 1911 1168 1957 habitae,
1186 1923 1304 1960 quum
1322 1908 1592 1945 bibliothecam

235 1981 418 2025 dicasset,
448 1989 485 2016 et
514 1981 691 2016 alimenta
721 1978 893 2028 ingenuis
923 1976 1151 2013 decrevisset
1180 1990 1187 2010 :
1215 1973 1262 2010 de
1292 1973 1397 2021 cujus
1426 1972 1592 2008 editione

236 2045 432 2081 sollicitius
465 2044 651 2092 disquirit.
677 2046 848 2092 Apparet
876 2042 1035 2077 multum
1068 2053 1166 2076 curae
1196 2051 1281 2074 eum
1306 2037 1394 2073 huic
1425 2036 1592 2086 epistolae

236 2109 484 2159 impendisse,
519 2123 603 2145 cum
638 2109 675 2144 in
712 2107 838 2144 verbis
871 2105 1077 2155 deligendis
1106 2102 1411 2151 vinciendisque,
1441 2110 1520 2136 tum
1555 2101 1591 2136 in

239 2174 433 2210 sententiis
457 2172 652 2209 nectendis
672 2180 707 2208 et
727 2170 972 2221 explicandis.
996 2172 1064 2205 En.

298 2325 338 2353 C.
379 2323 617 2352 PLINIUS
652 2322 906 2351 POMPEIO
942 2318 1269 2349 SATURNINO
1305 2317 1411 2346 SUO
1446 2316 1478 2344 S.

242 2447 689 2487 ‹PEROPPORTUNF
720 2440 826 2482 mihi
853 2437 1031 2482 redditae
1061 2446 1161 2481 sunt
1194 2435 1327 2479 literae
1360 2443 1466 2486 tuae,
1492 2432 1592 2492 qui-

187 2517 268 2559 bus
296 2515 544 2576 flagitabas,
570 2524 620 2557 ut
648 2512 724 2556 tibi
756 2512 919 2572 aliquid
948 2528 998 2554 ex
1025 2510 1197 2570 scriptis
1221 2509 1327 2552 meis
1351 2507 1590 2557 mitterem,

188 2605 324 2648 quum
356 2605 436 2648 ego
467 2587 508 2630 id
537 2588 678 2646 ipsum
712 2585 1006 2628 destinassem.
1038 2582 1253 2627 Addidisti
1281 2596 1384 2641 ergo
1408 2578 1590 2622 calcaria

190 2670 343 2720 sponte
375 2661 597 2713 currenti,
619 2659 869 2719 pariterque
899 2668 942 2702 et
967 2658 1045 2701 tibi
1071 2657 1241 2700 veniam
1273 2652 1500 2698 recusandi
1527 2650 1591 2694 la·
