1742 2989
607 203 959 247 EPISTOLA
993 206 1088 248 III.

1459 223 1545 268 '207

147 281 365 341 profluere
380 314 391 334 ‚
412 289 454 323 et
476 296 571 341 quae
598 282 750 325 scribis
766 316 777 334 ‚
805 282 1024 344 complere
1051 301 1153 345 apes
1173 284 1351 328 floribus
1382 296 1424 330 et
1452 304 1550 330 nec—

148 363 239 397 tare
271 353 486 397 videntur.
515 356 582 397 Ita
607 363 725 397 certe
753 371 846 398 sum
874 355 1066 401 adfectus
1091 359 1206 419 ipse,
1238 361 1549 418 quum'Graeca

147 427 462 486 epigrammata
482 435 580 479 tua,
601 443 740 487 quum
768 428 933 473 iambos
954 431 1152 490 proxime
1178 430 1378 492 legerem.
1400 432 1548 488 Quan—
1574 438 1588 463 «²

149 507 242 541 tum
266 498 324 541 ibi
350 498 653 552 humanitatis,
677 499 936 545 venustatis!
967 519 1098 563 quam
1125 503 1267 547 dulcia
1295 503 1365 547 illa
1387 503 1394 548 l
1420 521 1550 564 quam

148 568 348 630 antiqua!
387 586 518 630 quam
552 569 726 632 arguta!
769 590 900 633 quam
935 574 1071 619 recta!
1105 575 1423 620 Callimachum
1458 594 1549 631 me,

148 642 214 686 vel
240 642 487 698 Herodem,
513 643 580 687 vel
606 645 640 688 si
672 646 778 705 quid
805 647 871 691 his
902 647 1081 704 melius,
1106 659 1254 694 tenere
1286 651 1515 694 credebam
1541 669 1549 695 :

146 769 229 803 λιτος
255 765 388 810 γλυκίων
424 766 488 810 ῥέεν
523 763 622 799 αὐδή.
651 764 695 798 G.
712 786 758 790 -—
774 770 818 799 Et

147 825 284 848 nectare.
314 816 368 848 Al.
391 819 540 855 Neccere,
558 818 612 850 vel
636 820 814 857 innectere,

149 868 255 900 verba
270 867 415 901 floribus
433 876 466 901 et
485 869 580 902 sertis
596 869 656 903 illa
675 870 818 915 quidem

148 920 331 954 commoda
358 928 391 954 et
415 923 602 967 conjuncta
616 948 624 961 ‚
656 923 717 956 sed
749 936 818 956 non

148 973 252 1005 nimis
280 982 360 1019 apta
385 974 474 1007 forte
502 974 636 1019 apibus.
663 976 707 1008 Et
730 977 819 1009 male

149 1037 230 1058 sane
247 1025 338 1059 hauc
359 1039 517 1059 caussam
546 1027 634 1072 egit,
655 1028 717 1072 qui
736 1029 818 1061 Ovi-

149 1077 292 1111 dianum
309 1081 466 1110 innectere
482 1088 624 1121 tempora
643 1082 732 1111 sertis
750 1080 820 1114 huc

150 1129 343 1163 advocavit.
359 1131 473 1176 Majus
484 1130 682 1175 praesidium
692 1132 749 1165 illa
762 1132 821 1165 ha-

151 1183 208 1214 het
222 1182 320 1228 Virg.
343 1183 468 1228 Georg.
487 1184 552 1223 IV,
576 1183 639 1216 250
653 1209 661 1224 ‚
682 1187 821 1228 Comple-

151 1237 289 1277 bmthue
314 1237 410 1278 foros
421 1261 430 1274 ,
472 1246 503 1267 ct
531 1235 673 1269 floribus
705 1239 821 1269 horrea

150 1296 271 1319 texenc.
287 1287 390 1320 Unde
404 1288 606 1320 Ambrosius
619 1292 822 1334 Intextaflo-

150 1341 236 1370 ribus
256 1341 371 1371 horrea
388 1339 455 1372 illis
479 1340 614 1373 tribuit.
633 1341 751 1382 Quum
768 1350 820 1375 ta-

152 1403 233 1424 men
244 1393 417 1436 poeticum
428 1392 513 1424 illud
523 1393 565 1424 sit
577 1417 585 1432 ‚
600 1401 631 1425 et
642 1403 772 1425 nectare
780 1394 822 1427 sit

151 1443 269 1489 ipsum
286 1457 425 1490 quoque
444 1445 480 1477 in
498 1445 597 1477 bonis
617 1445 715 1478 libris
727 1473 736 1488 ‚
754 1446 821 1479 hoc

151 1497 300 1541 praetuli.
310 1497 446 1535 G.-Ec,
457 1500 654 1540 quaeswibis,
666 1502 822 1541 complere

151 1561 226 1591 apes
226 1551 306 1593 flori
308 1553 362 1582 bus
370 1560 400 1582 et
406 1552 562 1582 innectere
568 1553 730 1589 videntur,
742 1563 821 1584 cum

151 1601 323 1634 Cortianis
336 1602 547 1648 quibusdam
560 1604 657 1636 Rom.
672 1604 746 1636 Hoc
760 1605 821 1638 etsi

151 1653 260 1698 poetis
290 1655 494 1688 familiarius
523 1664 594 1695 est,
625 1656 683 1689 hic
707 1664 820 1690 tamen

151 1706 288 1739 tolerari
299 1716 410 1752 potest
421 1734 429 1749 ,
442 1708 499 1740 ubi
512 1707 554 1741 de
564 1708 733 1742 industria
743 1722 823 1755 poe-

152 1765 265 1791 tarum
281 1772 473 1792 sermonem
491 1761 644 1794 imitatur
658 1787 666 1802 ‚
681 1770 719 1793 ut
736 1774 821 1807 saepc

152 1811 234 1843 alibi
255 1819 288 1844 et
315 1812 462 1845 maxime
487 1812 664 1853 lih.VIII‚
689 1826 744 1859 ep.
765 1816 820 1847 26.

155 1865 401 1909 Complereflor.
413 1864 617 1897 suavitatem
631 1865 799 1910 significat
812 1891 821 1906 ‚

153 1927 228 1959 quae
240 1917 282 1948 ab
296 1916 434 1962 ingenio
449 1925 516 1956 est;
531 1920 687 1949 innectere
700 1926 820 1958 artem,

152 1979 228 2013 quae
249 1968 426 2013 ingenium
441 1969 671 2003 commendat.
687 1969 731 2002 H.

200 2025 234 2060 4.
253 2024 482 2054 Humanitatis.
501 2023 639 2069 Leporis
655 2048 662 2062 ,
685 2023 823 2055 urbani-

152 2073 230 2105 tatis
247 2098 256 2113 ,
280 2086 356 2120 quae
387 2075 456 2108 sale
489 2083 521 2108 et
560 2076 690 2108 facetiis
722 2076 822 2108 etiam

154 2125 360 2160 ostenditur.
391 2128 454 2161 Illa
490 2140 578 2174 saepe
604 2129 820 2174 junguntur,

154 2185 191 2209 ut
205 2178 299 2223 apud
315 2180 387 2213 Cic.
403 2180 446 2213 de
462 2181 559 2213 Orat.
582 2182 656 2221 ΙΙΙ,
675 2185 692 2213 8
714 2188 746 2213 ct
765 2182 800 2213 ΙΙ
812 2206 820 2221 ,

155 2231 197 2273 67
208 2241 216 2269 ;
229 2230 274 2262 cf.
290 2231 350 2263 lib.
367 2233 382 2264 I
393 2257 401 2271 ‚
416 2245 448 2276 7.
466 2233 555 2266 Hinc
569 2240 601 2266 et
616 2235 822 2265 humanitatis

154 2284 222 2319 sal,
246 2282 345 2327 epist.
368 2283 412 2316 ad
429 2285 499 2317 Au.
514 2286 549 2325 I,
572 2285 624 2319 13.
646 2285 822 2330 Copiosius

155 2333 249 2366 hunc
265 2346 403 2368 omnem
417 2335 460 2369 de
475 2336 690 2370 humanitate
706 2338 821 2370 locum

155 2387 378 2419 tractavimus
400 2387 434 2419 in
452 2389 534 2421 Lex.
554 2389 704 2422 technol.
722 2391 819 2423 Rhet.

157 2436 216 2470 lat.
247 2451 274 2471 s.
305 2452 339 2472 v.
374 2442 566 2473 humanitas.
595 2443 635 2474 E.
654 2462 699 2466 —
720 2446 823 2483 Quam

157 2491 264 2522 dulcia
291 2493 371 2523 illa!
392 2505 489 2534 quam
514 2497 661 2525 amantia
686 2495 741 2527 liic
771 2495 823 2527 in-

158 2551 274 2575 serunt
289 2544 366 2577 libri
379 2544 546 2590 plerique,
561 2546 653 2591 quod
667 2547 826 2591 expunxit

159 2595 279 2628 merito
291 2597 439 2629 Cortius.
451 2597 542 2629 G.—
554 2602 656 2640 Quam
669 2601 804 2641 antiqua
813 2604 825 2631 J

160 2646 289 2680 Desunt
303 2649 337 2681 in
354 2650 450 2682 Rom.
469 2649 513 2682 Η.

207 2719 250 2723 —-
265 2703 492 2733 Callimachum
510 2715 574 2739 me,
592 2706 645 2734 wel
655 2706 822 2735 Herodem.

882 763 983 797 Rom.
1007 767 1261 804 Callimachum,
1290 769 1347 798 ‘vel
1370 769 1551 805 Herodem,

883 816 954 849 sine
968 829 1025 849 me.
1042 817 1083 849 H.
1097 838 1143 842 —
1154 820 1321 851 Herodem.
1335 819 1400 851 Vix
1413 819 1554 864 patiun-

883 875 938 900 tur
951 876 1144 913 temporum
1157 870 1307 903 rationes
1321 895 1329 910 ‚
1349 878 1385 903 ut
1397 871 1555 904 Herodes

884 921 939 953 ille
952 921 1077 954 nobilis
1091 923 1154 954 sub
1165 921 1319 955 Adriano
1330 930 1362 954 et
1372 924 1555 957 Antoninis

885 973 1036 1018 sophista
1057 975 1285 1019 intelligatur,
1304 975 1345 1008 de
1366 977 1465 1022 cujus
1480 977 1556 1009 reli-

884 1026 973 1071 quiis
993 1027 1046 1060 Cl.
1066 1027 1252 1060 Salmasius
1268 1052 1276 1067 ‚
1292 1026 1335 1060 de
1352 1029 1421 1061 vita
1437 1037 1551 1062 autem

886 1087 918 1111 et
949 1088 1143 1124 temporum
1170 1080 1361 1113 rationibus
1394 1082 1552 1115 Olearius

886 1131 930 1164 ad
948 1132 1171 1165 Philostratos
1188 1132 1426 1166 immortaliter
1441 1134 1553 1167 meriti

886 1191 977 1216 sunt.
995 1184 1104 1228 Igitur
1115 1184 1168 1216 vel
1184 1185 1323 1217 alterius
1337 1185 1475 1230 majoris
1491 1186 1557 1219 He·

886 1236 979 1269 rodis
1000 1237 1201 1270 memoriam
1216 1237 1438 1270 intercedisse
1454 1251 1556 1284 opor-

887 1295 955 1328 tet,
981 1289 1034 1321 vel
1062 1288 1118 1322 hic
1142 1289 1241 1322 Iocus
1265 1291 1461 1334 corruptela
1485 1304 1556 1324 non

885 1349 996 1373 vacat.
1031 1343 1173 1373 Phileten
1207 1343 1444 1387 suspicabatur
1475 1345 1556 1376 Bar-

886 1392 978 1426 thius
993 1420 1001 1435 ,
1023 1393 1234 1427 Callimacho
1253 1394 1336 1427 alias
1356 1396 1457 1428 etiam
1475 1396 1555 1440 jun-

887 1446 920 1490 gi
942 1445 1079 1478 solitum
1094 1472 1102 1487 ,
1130 1449 1374 1479 Eratosthenem
1405 1448 1554 1480 Cortius.

887 1497 975 1530 Mihi
1000 1498 1044 1530 N.
1072 1499 1112 1530 L.
1141 1498 1185 1531 G.
1205 1519 1250 1523 —
1275 1500 1354 1532 Non
1381 1499 1556 1533 Herodem

887 1550 1037 1582 Atticum
1050 1577 1058 1592 ,
1079 1550 1270 1596 sophistam
1284 1579 1292 1593 ,
1310 1551 1369 1585 sed
1383 1553 1555 1587 Herodem

887 1602 1174 1648 iambographum
1194 1603 1230 1636 h.
1252 1604 1274 1636 l.
1303 1605 1469 1651 intelligi,
1490 1607 1557 1651 pri-

887 1668 963 1689 mus
991 1655 1241 1689 demonstravit
1266 1657 1493 1692 Ruhnkenius
1520 1659 1556 1691 in

887 1708 1016 1741 Histor.
1053 1708 1138 1741 Crit.
1172 1710 1270 1742 Orat.
1302 1711 1426 1743 Rutilio
1457 1712 1557 1756 Lupo

887 1761 1067 1806 praemissae
1079 1774 1111 1805 p.
1123 1773 1182 1805 99,
1194 1774 1297 1806 quem
1308 1762 1420 1794 locum
1429 1788 1437 1802 ‚
1448 1775 1557 1807 quum

888 1814 930 1846 sit
947 1815 1185 1846 commentarii
1201 1815 1327 1853 instar,
1342 1814 1424 1859 ipsis
1438 1815 1556 1848 Ruhn-

887 1865 980 1898 kenii
1002 1866 1114 1898 verbis
1141 1867 1209 1899 huc
1230 1868 1422 1900 transcribo
1445 1880 1453 1900 :
1476 1870 1557 1901 «In-

888 1924 1050 1962 terpretes
1074 1919 1180 1951 multa
1199 1918 1242 1951 ad
1265 1918 1359 1951 hunc
1380 1919 1480 1952 Plinii
1507 1921 1556 1953 lo-

888 1982 966 2002 cum
977 1970 1168 2003 moliuntur
1178 1996 1186 2011 ‚
1196 1971 1344 2017 satisque
1355 1972 1540 2005 ostendunt
1549 2000 1557 2010 ,

891 2034 925 2055 se
936 2022 978 2055 de
991 2021 1128 2055 Herode
1140 2023 1389 2069 iambographo
1404 2024 1556 2058 nefando

888 2074 1028 2119 quidem
1065 2075 1253 2120 quicquain
1287 2076 1472 2110 audivisse.
1505 2079 1554 2111 Ex

888 2129 961 2172 ejus
986 2127 1198 2161 Choliambis
1227 2129 1420 2174 fragmenta
1442 2143 1556 2175 super-

888 2188 966 2212 sunt
991 2179 1083 2224 apud
1107 2181 1297 2214 Zenobium
1312 2183 1361 2214 VI
1375 2207 1384 2222 ,
1405 2195 1465 2222 10;
1483 2184 1556 2216 Sto-

887 2233 996 2265 baeum
1013 2232 1048 2265 S.
1066 2233 1196 2273 LXXI,
1216 2246 1251 2280 p.
1272 2235 1338 2278 439
1355 2247 1363 2274 ;
1383 2236 1529 2268 LXXVI
1546 2263 1554 2276 ,

886 2297 920 2330 p.
948 2283 1033 2324 4533
1052 2286 1166 2318 XCVI
1181 2311 1189 2326 ,
1208 2299 1244 2332 p.
1270 2286 1356 2327 5303
1379 2288 1530 2320 CXVIII
1545 2315 1554 2329 ‚

886 2350 921 2382 p.
942 2338 1023 2380 5913
1038 2345 1069 2370 et
1083 2338 1272 2371 Maximum
1293 2340 1336 2372 T.
1353 2341 1385 2372 II
1397 2365 1405 2379 ‚
1420 2353 1455 2385 p.
1473 2340 1553 2372 636.

887 2391 1019 2423 Nomen
1033 2392 1105 2436 ejus
1117 2391 1199 2424 abiit
1214 2392 1246 2423 in
1262 2392 1377 2424 notius
1389 2391 1554 2424 Herodoti

888 2441 979 2487 apud
1004 2443 1200 2488 Etymolog.
1224 2444 1272 2475 M.
1307 2457 1341 2489 p.
1376 2453 1455 2483 411,
1486 2449 1523 2484 λι
1543 2469 1552 2483 ,

889 2497 1016 2541 Ζήτριον
1039 2494 1096 2529 διὰ
1119 2502 1173 2530 τοῦ
1193 2500 1207 2530 ἶ
1226 2500 1470 2542 musenius-tw.
1499 2498 1552 2530 21¹:

888 2549 979 2594 παρά
998 2543 1162 2595 ἷίροὸότῳ.
1185 2544 1242 2594 Ᾰγ’
1260 2552 1353 2583 αὐτόν
1375 2551 1416 2588 εἷς
1441 2552 1474 2583 τὸ
1499 2551 1552 2588 'Ci-

890 2615 984 2647 τριεν.
1003 2604 1069 2635 ἐστι
1086 2600 1124 2635 δὲ
1140 2601 1354 2648 χωλιαμὲικὸν
1375 2605 1408 2636 τὸ
1427 2605 1552 2647 μέτρον,

888 2653 929 2684 In
961 2652 1126 2687 mendoso
1149 2650 1301 2699 Ηρεὸότῳ
1327 2654 1475 2686 ha‘rebat
1497 2654 1551 2686 Cl.

890 2706 1143 2751 WVesscliugius
1159 2707 1245 2738 Diss.
1263 2706 1426 2739 ilerodot.
1442 2719 1474 2752 p.
1497 2719 1550 2747 29.
