1742 2989
555 192 899 237 EPISTOLA
937 194 1002 235 II.
1452 196 1478 241 3

80 295 205 333 vum,
228 292 368 337 nuper
389 291 535 318 meum
549 308 559 328 ‚
578 273 730 333 figuris
754 273 965 316 duntaxat
992 275 1200 318 orationis

1232 292 1240 318 :
1269 293 1369 331 nam
1394 279 1481 322 vim

80 361 302 395 tantorum
324 350 519 392 virorum
542 347 690 407 pauci,
710 361 817 405 quos
833 363 980 406 aequus
1003 350 1186 402 amavit,
1200 348 1377 410 adsequi
1392 368 1485 411 pos-

85 488 111 516 T
109 486 213 516 entavt'
238 485 320 515 enim
347 484 468 514 imitari
490 480 727 512 Demosthenem
742 502 749 515 ‚

80 549 200 579 semper
213 546 300 567 tuum
309 561 317 574 ‚
334 547 436 578 nuper
448 546 549 565 meum
561 558 568 570 ‚
588 534 753 563 duntaxat

101 590 189 633 guris
202 590 368 621 orationis,
378 587 515 619 Tertius
533 597 614 630 ergo
627 585 751 616 Roma-

80 653 145 673 nus
155 640 211 674 hic
221 641 313 674 testis
321 648 473 673 veterem
482 638 663 671 lectionem
674 647 754 668 con-

82 692 217 733 firmat,
237 706 343 739 quam
366 701 480 738 aperte
503 696 729 734 corrumpunt
743 713 752 728 ,

86 746 146 790 qui
174 749 302 778 Calvum
328 758 428 788 nuper
456 758 558 776 meum
588 742 754 776 scribunt.

79 801 181 832 Recte
210 799 314 831 etiam
342 800 507 830 duntaxat
536 809 615 829 cum
644 794 754 827 Paris.

81 851 199 886 codice
229 853 396 898 praeponit
414 876 422 890 ,
452 858 489 883 ut
521 860 657 894 semper
684 847 756 879 fere

81 904 310 937 Plinius.Vid.
326 905 386 937 lib.
403 904 470 943 III,
487 916 521 946 9,
541 905 602 941 263
618 900 677 932 lib.
690 899 755 937 IV,

81 970 117 1001 9,
135 969 154 1001 7
170 969 178 997 3
194 957 255 990 lib.
270 958 317 997 V,
340 970 395 996 21,
419 961 458 997 43
475 956 533 988 lib.
554 956 624 994 IX,
641 956 695 992 16,
717 962 756 989 23

82 1025 137 1059 ep.
154 1014 208 1053 13,
225 1018 264 1054 43
280 1025 334 1058 ep.
357 1012 414 1052 34,
434 1021 465 1049 13
482 1009 541 1041 lib.
559 1008 604 1048 X,
623 1008 684 1045 13;
702 1016 755 1048 ep.

82 1069 147 1108 64,
173 1076 212 1107 4;
235 1080 290 1112 ep.
316 1067 399 1103 113,
419 1078 451 1097 2.
472 1064 516 1096 H.
536 1083 581 1087 —
602 1063 754 1116 Calvum,

84 1133 185 1162 nuper
208 1132 323 1151 meum.
353 1117 512 1156 Iudicat,
550 1127 584 1147 se
612 1125 682 1145 non
708 1118 755 1142 ita

84 1171 218 1216 pridem
228 1171 353 1204 imitari
362 1170 510 1203 Calvum
520 1166 661 1212 coepisse
668 1189 676 1204 ,
686 1163 759 1195 lau-

85 1225 214 1271 datque
232 1226 417 1258 Arrianum
431 1249 439 1264 ,
461 1230 667 1269 perpetuum
692 1221 761 1253 De-

87 1279 277 1312 mosthenis
295 1277 469 1312 aemulum.
485 1277 535 1308 De
557 1282 705 1317 utroque
723 1272 759 1304 in

87 1331 208 1364 Indice
235 1332 365 1377 agitur.
392 1330 555 1363 Ceterum
584 1327 655 1358 fere
684 1331 733 1357 est
750 1348 759 1363 ,

87 1392 124 1417 ut
134 1384 312 1429 praeferam
324 1383 508 1416 lectionem
521 1392 540 1412 a
550 1378 669 1412 Cortio
684 1389 761 1422 pro-

87 1436 192 1469 latam
211 1436 453 1480 firmatamque
473 1445 491 1466 e
511 1432 607 1466 MSS.
631 1431 762 1462 Tentavi

88 1491 170 1521 enim
209 1491 329 1521 imitari
362 1488 602 1520 Demosthenem
640 1494 762 1525 semper

88 1552 176 1573 tuum
188 1568 196 1579 ,
214 1555 314 1585 nuper
328 1553 446 1577 meum,
464 1539 582 1585 figuris
599 1539 764 1568 duntaxat

89 1597 244 1626 orationis
256 1609 266 1627 :
280 1607 356 1626 nam
370 1595 438 1625 vim
452 1600 576 1624 tantam
594 1590 762 1621 verborum

85 1650 202 1689 pauci,
223 1661 300 1690 quos
313 1659 421 1690 (equus
436 1645 574 1681 amavit,
590 1643 763 1684 sequipes-

92 1709 172 1731 sunt.
195 1699 261 1733 Sed
280 1698 376 1745 quod
398 1710 469 1731 non
493 1701 633 1741 apparet
646 1718 655 1733 ,
676 1705 763 1738 quo-

92 1751 197 1785 modo
211 1754 340 1784 Calvum
350 1777 359 1789 ,
379 1751 404 1783 si
418 1761 488 1782 non
501 1747 603 1780 fuerit
617 1746 653 1778 in
667 1744 763 1777 libris

93 1804 257 1850 antiquis,
268 1802 442 1836 intrudere
457 1800 581 1845 aliquis
594 1797 742 1844 potuerit
753 1808 762 1837 ;

92 1856 192 1890 facile
218 1864 339 1889 contra
360 1862 409 1887 est
430 1865 553 1886 vocem
575 1861 765 1897 quamcun-

93 1921 160 1953 que
177 1907 332 1941 excidere
349 1919 355 1939 :
377 1905 461 1940 nihil
478 1916 581 1938 ausus
597 1916 673 1936 sum
692 1914 766 1934 mu-

93 1969 178 1995 tare.
201 1960 245 1994 G.
274 1981 319 1985 ——
344 1958 576 1992 Audaciorem
607 1955 765 1989 criticum

94 2013 151 2047 hic
171 2014 266 2047 locus
290 2020 410 2059 postea
433 2018 555 2044 nactus
583 2016 632 2042 est
650 2008 766 2052 Wag-

94 2078 240 2106 nerum,
268 2066 429 2098 Conrect.
454 2062 603 2096 Merseb.
632 2060 764 2093 dissert.

99 2121 182 2163 1781
205 2117 307 2151 edita.
326 2119 359 2150 Is
378 2117 484 2162 igitur
497 2141 506 2156 ‚
529 2127 610 2148 cum
635 2115 765 2146 Calvum

96 2171 131 2203 in
149 2170 185 2203 h.
205 2171 229 2202 l.
251 2171 333 2203 ferri
350 2182 421 2202 non
440 2180 539 2215 posse
559 2166 690 2211 aliquot
711 2178 766 2198 ar-

96 2222 267 2269 gumentis
297 2221 469 2254 docuisset
485 2246 493 2261 ‚
522 2233 587 2266 pro
618 2231 657 2251 ea
682 2229 766 2250 voce

97 2288 243 2321 graecam
258 2277 421 2320 ἐγκέλπιον
440 2271 659 2306 inserendam
673 2297 682 2311 ‚
696 2283 768 2304 orn-

97 2326 369 2372 nemquelocum
379 2326 425 2358 ita
434 2325 620 2371 legendum
631 2325 764 2357 statuit:

102 2382 233 2412 Tentavi
257 2381 339 2410 enim
365 2380 486 2410 imitari
503 2381 765 2416 Demosthenem,

99 2435 261 2479 ἐγκόλπιῡν
281 2443 401 2473 semper
419 2440 505 2462 tuum
516 2456 524 2468 ,
537 2444 637 2473 nuper
649 2444 767 2468 meum,

90 2486 209 2530 figuris
226 2486 390 2516 duntaxat
407 2484 562 2514 orationis
582 2496 592 2514 .·
609 2495 684 2513 nam
703 2484 771 2514 ‘vim

100 2547 225 2569 tantam
242 2538 412 2568 verborum
426 2536 545 2577 pauci,
568 2547 645 2576 quos
663 2547 771 2577 (equus

101 2591 236 2626 amavit,
253 2590 387 2629 adsequi
399 2596 542 2629 possunt.
553 2585 694 2618 Nullam
709 2597 772 2630 ego

100 2640 304 2672 sententiam
317 2638 408 2671 dico.
425 2637 489 2671 Illa
503 2650 572 2670 una
590 2639 640 2669 vis
658 2639 772 2668 verbo-

103 2704 173 2723 rum
184 2716 193 2729 ,
210 2703 315 2737 quam
334 2690 514 2724 lectionem
532 2688 590 2722 illa
607 2688 700 2721 crisis
716 2700 772 2721 ne-

816 478 1000 510 cessariam
1029 481 1113 513 facit
1130 506 1138 520 ‚
1171 493 1224 514 me
1254 481 1343 515 male
1368 482 1484 516 habet.

820 532 888 560 Vim
911 531 1134 567 Demostheni
1158 535 1322 567 tributam
1344 537 1413 568 scio
1428 561 1436 576 ‚
1456 545 1488 569 et

818 582 993 629 intelligo,
1017 586 1076 619 sed
1104 600 1165 620 cur
1189 591 1357 620 verborum
1368 595 1384 620 st
1403 590 1488 622 Nul-

818 634 896 668 lane
921 638 1160 673 Demosthenis
1185 641 1219 673 in
1245 642 1420 675 sententiis
1440 644 1490 675 vis

820 689 914 721 erat?
928 691 1003 725 Iino
1019 706 1102 727 vero
1118 694 1262 727 maxime
1282 694 1315 727 in
1334 695 1387 729 his
1407 703 1439 728 et
1454 697 1489 729 in

822 743 916 774 omni
936 757 1004 778 non
1027 753 1096 780 tam
1115 749 1298 780 verborum
1318 761 1423 794 quam
1441 762 1492 782 re-

820 807 897 827 rum
923 809 1172 846 sensorumque
1197 801 1412 834 tractatione.
1434 802 1489 835 Cf.

820 855 894 882 not.
909 861 980 895 seq.
998 852 1038 885 E.

853 905 972 934 —Vim
983 914 1143 936 tantorum
1154 908 1310 938 virorum.
1321 906 1493 951 Cogitent‚

822 953 881 997 qui
906 953 977 987 haec
1005 956 1146 1002 legunt,
1167 971 1306 991 omnem
1332 958 1494 991 virtutem

823 1007 1008 1040 oratoriam
1025 1034 1034 1048 ‚
1054 1022 1130 1054 quae
1160 1011 1359 1044 inventione
1377 1035 1386 1050 ‚
1416 1023 1496 1044 acu·

823 1057 938 1098 mine,
972 1061 1112 1105 spiritu,
1144 1071 1176 1096 et
1202 1064 1417 1096 vehementia
1446 1063 1496 1096 di-

823 1110 923 1142 cendi
942 1114 1138 1148 continetur
1151 1140 1159 1155 ‚
1180 1125 1212 1149 et
1229 1116 1378 1148 maxime
1396 1127 1497 1160 argu—

823 1164 1012 1197 mentando
1029 1191 1037 1205 ‚
1057 1167 1300 1211 persuadendo
1316 1194 1324 1208 ,
1342 1181 1496 1201 commo-

823 1214 1014 1262 vendisque
1033 1219 1156 1252 animis
1177 1233 1210 1253 se
1232 1221 1367 1254 exserit.
1385 1222 1437 1253 Ab
1456 1232 1497 1253 ea

823 1267 941 1303 differt
978 1271 1124 1305 facultas
1167 1273 1353 1319 eloquendi
1375 1299 1383 1313 ,
1420 1285 1497 1318 quae

822 1323 971 1356 maxime
988 1322 1106 1368 figuris
1125 1326 1291 1358 orationis
1304 1351 1312 1366 ,
1330 1334 1363 1359 et
1382 1326 1498 1358 elocu-

822 1376 926 1409 tionis
960 1375 1142 1409 virtutibus
1175 1378 1339 1411 cernitur.
1374 1379 1414 1411 E.
1453 1398 1499 1402 —

823 1429 920 1462 Rom.
936 1430 1023 1459 Nam
1038 1431 1106 1460 vim
1120 1439 1244 1461 tantam
1256 1433 1426 1463 verborum
1442 1432 1498 1473 qui

818 1489 975 1524 possunt?
988 1483 1029 1515 In
1040 1483 1177 1529 vulgata
1191 1483 1336 1517 lectione
1346 1484 1499 1530 primum

823 1535 909 1568 nihil
929 1535 1125 1581 significant
1144 1537 1249 1570 verba
1268 1547 1431 1569 tantorum
1448 1550 1499 1568 vz-

825 1602 953 1626 rorum,
981 1601 1091 1635 eaque
1117 1589 1184 1629 ita,
1213 1597 1251 1622 ut
1280 1590 1314 1622 in
1340 1591 1497 1623 Romana

826 1649 889 1681 est,
897 1643 968 1687 jam
979 1642 1115 1675 Cortius
1130 1654 1147 1674 e
1159 1642 1317 1675 Mediceo
1332 1642 1497 1675 correxit:

826 1702 1001 1740 postrema
1036 1708 1120 1728 vero
1159 1695 1273 1741 glossa
1308 1696 1469 1729 laborant
1490 1722 1498 1735 ‚

821 1750 932 1790 pauci,
943 1761 1020 1789 quos
1028 1761 1137 1791 [equus
1147 1751 1277 1787 amavit,
1288 1749 1502 1791 adsequipos-

827 1810 908 1831 sunt.
926 1800 1054 1833 Mirum
1077 1808 1126 1833 est
1141 1825 1149 1839 ‚
1166 1813 1271 1845 quam
1294 1801 1328 1833 in
1348 1800 1400 1834 his
1418 1801 1501 1834 libri

828 1853 962 1886 varient
994 1864 1002 1884 :
1031 1853 1093 1885 uni
1123 1853 1278 1886 Mediceo
1311 1853 1501 1897 plurimum

828 1905 947 1937 tribuit
982 1905 1120 1938 Cortius
1135 1930 1143 1945 ‚
1178 1905 1213 1937 in
1249 1918 1318 1950 quo
1349 1907 1475 1950 reperit
1492 1918 1499 1939 ε

829 1970 905 1989 nam
919 1960 985 1989 vim
999 1967 1065 1990 tam
1078 1958 1298 2002 (compendio
1313 1958 1501 2003 scripturae,

830 2021 892 2054 pro
912 2015 1061 2051 tantam)
1088 2013 1259 2042 verborum
1280 2014 1396 2053 pauci,
1425 2025 1505 2054 quos

831 2075 939 2104 oequus
958 2065 1092 2101 amavit,
1115 2065 1171 2105 qui
1185 2073 1326 2105 possunt.
1345 2063 1409 2097 Sed
1429 2063 1502 2097 Me·

832 2113 950 2147 diceus
977 2128 1094 2149 veram
1123 2115 1265 2161 quidem
1291 2116 1473 2148 lectionem
1494 2141 1503 2157 ‚

833 2166 891 2199 sed
911 2180 987 2201 eam
1013 2167 1124 2213 glossa
1147 2175 1324 2200 oneratam
1338 2194 1346 2208 ,
1368 2176 1502 2201 servat:

833 2220 935 2253 ceteri
955 2228 1137 2265 utramque
1156 2229 1397 2265 corruperunt.
1419 2222 1505 2254 Cor-

834 2271 900 2305 tius
924 2272 1064 2318 quidem
1086 2285 1277 2317 pronomen
1300 2276 1356 2315 qui
1379 2274 1413 2305 in
1434 2273 1505 2306 Me·

834 2323 932 2357 diceo
943 2337 982 2357 ex
992 2327 1188 2370 seqm'putat
1200 2337 1272 2358 esse
1285 2333 1502 2358 truncatum:

837 2376 896 2409 sed
910 2376 977 2409 hoc
992 2377 1106 2410 minus
1119 2378 1289 2423 significat
1301 2403 1308 2417 ,
1326 2391 1430 2422 qnam
1448 2381 1506 2410 ad-

836 2432 940 2471 sequi,
960 2428 1054 2474 quod
1067 2429 1103 2462 in
1117 2431 1239 2462 ceteris
1253 2437 1302 2462 est
1317 2442 1325 2469 ;
1342 2443 1404 2463 nec
1420 2443 1506 2476 saepc

836 2481 964 2514 Plinius
973 2482 1175 2526 Virgilianis
1189 2482 1342 2515 versibus
1360 2495 1421 2526 pro
1437 2484 1505 2516 suis·

838 2534 944 2567 utitur
957 2561 966 2575 ,
983 2534 1077 2580 quod
1092 2543 1141 2568 ter
1157 2535 1301 2567 fortasse
1319 2534 1397 2567 fecit
1414 2560 1422 2575 ‚
1443 2535 1503 2568 lib.

838 2586 907 2626 VI,
924 2599 976 2631 ep.
1001 2600 1054 2626 20,
1073 2594 1105 2620 et
1122 2587 1184 2626 333
1204 2587 1264 2618 lib.
1286 2587 1354 2625 IX,
1373 2600 1426 2632 ep.
1453 2591 1505 2621 153.

837 2638 958 2684 Itaque
975 2640 1135 2672 omnibus
1152 2639 1299 2684 vulgatis
1317 2641 1504 2673 Romanam

836 2691 1018 2725 lectionem
1031 2693 1175 2738 praefero
1192 2704 1198 2724 :
1215 2705 1289 2724 nam
1303 2693 1369 2724 ‘vim
1384 2703 1507 2726 tantam

1264 2764 1276 2793 1
1298 2784 1304 2791 .
