1742 2989
580 184 923 228 EPISTOLA
957 184 1008 227 v.
1460 201 1490 245 9

92 267 324 327 excipiunt.
347 265 467 309 Idem
489 264 668 308 fortasse
694 266 864 308 eveniet
892 265 991 319 tibi,
1012 265 1045 307 si
1072 264 1248 325 quando
1274 265 1318 307 in
1342 275 1489 330 nostra
1515 269 1534 302 3

91 340 327 385 diverteris.
345 338 477 396 Quod
499 337 625 381 velim
646 337 776 382 facias
794 354 803 381 :
820 339 1032 398 primum,
1056 346 1104 379 ut
1130 336 1310 397 perinde
1332 339 1490 381 nostris

90 413 243 467 rebus,
264 428 314 456 ac
345 428 423 455 nos
452 412 558 465 tuis,
589 411 826 472 perfruaris
854 429 861 454 :
893 409 1070 465 deinde,
1098 420 1145 453 ut
1174 411 1259 453 mei
1288 412 1490 471 expergi-

90 494 246 529 cantur
275 484 537 545 aliquando,
565 486 639 545 qui
675 501 744 527 me
779 501 928 528 secure
959 500 1009 528 ac
1046 500 1184 544 prope
1218 483 1492 545 negligenter

89 568 473 620 exspectant:nam
492 559 664 602 mitium
684 557 963 601 dominorum
984 557 1102 618 apud
1116 573 1261 600 servos
1283 558 1374 618 ipsa
1394 573 1491 601 con—
1514 572 1534 607 4

88 631 317 676 suetudine
346 641 487 676 metus
518 630 721 675 exolescit
751 648 760 673 :
793 630 1059 674 novitatibus
1086 631 1352 683 excitantur,
1383 646 1489 690 pro-

86 704 268 764 barique
297 703 484 748 dominis
519 720 597 765 per
631 703 736 747 alios
765 704 903 766 magis
942 720 1073 765 quam
1112 720 1190 764 per
1221 705 1335 764 ipsos
1366 703 1490 747 labo-

86 786 197 820 rant.
216 777 336 820 Vale.

83 911 128 916 —-
149 897 187 923 In
218 896 406 926 Carsulano.
436 895 533 926 Rom.
561 896 591 925 in
620 896 750 925 Carseo-

84 946 158 976 lano
171 970 181 983 ,
213 953 250 977 ut
278 945 312 978 in
336 946 545 991 quibusdam
572 947 752 979 Catanaeus

82 995 174 1040 legit.
195 997 238 1030 H.

127 1069 173 1073 —-
191 1053 244 1081 Ex
267 1052 403 1093 epistolis
424 1052 511 1082 meis.
530 1050 752 1095 Significatne

81 1099 164 1134 alias
175 1114 193 1134 a
208 1115 243 1135 se
257 1103 416 1148 epistolas
427 1102 555 1136 editas?
566 1104 666 1136 Certe
677 1114 752 1148 pro-

83 1163 182 1187 vocat
198 1155 241 1188 ad
254 1169 329 1188 eam
341 1181 349 1196 ,
361 1169 466 1202 quam
483 1157 564 1189 olim
582 1156 753 1200 scripserit

81 1205 126 1239 ad
146 1220 296 1240 socrum.
316 1207 359 1240 G.

129 1260 162 1292 3.
178 1262 357 1292 Diverceris.
372 1259 545 1304 Gierigius
560 1261 726 1291 deverteris
738 1275 751 1297 ;

80 1319 113 1343 et
127 1312 174 1344 sic
188 1311 365 1345 Ernestius
379 1311 533 1344 editurus
547 1318 631 1344 erat.
646 1312 747 1344 Bene.

79 1364 246 1408 Perpetua
272 1364 398 1396 horum
418 1364 602 1396 verborum
626 1364 749 1396 confu-

79 1416 229 1449 si0.Vid.
251 1416 514 1449 Drakenborch.
530 1415 575 1449 ad
595 1416 667 1448 Liv.
686 1416 746 1449 lib.

79 1468 95 1500 I
110 1493 118 1508 ,
137 1470 175 1502 51
192 1494 200 1508 ,
220 1469 252 1502 8.
270 1469 304 1502 S.

125 1526 157 1562 4.
178 1522 292 1562 Quam
319 1524 401 1554 mitis
430 1522 592 1555 dominus
618 1521 748 1555 Plinius

77 1573 181 1606 suerit
194 1599 202 1613 ‚
224 1582 366 1620 apparet
385 1589 465 1609 cum
490 1574 631 1610 aliunde
643 1599 652 1615 ‚
669 1582 743 1607 tum

77 1638 116 1658 ex
131 1627 177 1666 V,
199 1639 254 1673 ep.
280 1639 332 1671 19.
356 1649 401 1653 --
430 1632 615 1670 Novitates,
640 1629 743 1670 novi,

818 893 1004 926 insolentes
1023 905 1134 926 casus.
1156 893 1221 926 En.
1243 914 1288 918 -
1313 896 1376 924 Per
1393 895 1487 936 ipsos.

818 947 872 979 Sic
900 946 1021 991 optimi
1046 946 1123 979 libri
1153 958 1160 979 ι
1190 946 1346 991 intelligo
1376 953 1487 979 autem

818 1001 975 1031 dominos.
998 1003 1061 1030 Per
1078 1012 1111 1031 se
1132 1001 1216 1042 ipsos
1238 999 1391 1032 fecerunt
1404 1023 1412 1039 ,
1431 1000 1488 1044 qui

818 1051 862 1084 ad
884 1064 986 1083 seruos
1006 1051 1173 1084 referrent
1191 1076 1199 1090 ,
1220 1050 1315 1096 quod
1339 1051 1442 1084 etiam
1464 1051 1488 1082 si

818 1117 946 1149 ponas,
961 1112 1077 1137 tamen
1094 1103 1180 1136 illud
1194 1117 1226 1136 se
1245 1104 1358 1137 minus
1373 1116 1489 1137 neces-

819 1157 947 1189 sarium
962 1165 1024 1189 est.
1039 1157 1083 1190 G.
1100 1177 1144 1181 --
1160 1158 1257 1189 Rom.
1275 1170 1370 1200 quam
1383 1169 1444 1199 per
1459 1171 1490 1188 sc

819 1211 900 1252 ipsi,
920 1222 990 1242 non
1014 1212 1117 1252 ipsos,
1147 1218 1184 1241 ut
1211 1209 1324 1242 multi.
1353 1209 1488 1242 Malunt

817 1261 968 1295 dominis
994 1275 1056 1307 per
1081 1262 1167 1295 alios
1194 1263 1356 1306 probari,
1382 1274 1487 1307 quam

816 1314 878 1359 ipsi
898 1327 958 1359 per
978 1326 1026 1346 se.
1058 1313 1102 1346 H.
1132 1334 1177 1338 ——
1202 1316 1303 1347 Recte
1324 1315 1490 1360 interpre-

816 1375 907 1400 tatur
939 1365 1174 1411 Heusingerus
1193 1379 1202 1407 ;
1234 1367 1340 1414 idque
1374 1368 1489 1414 ipsum

816 1418 984 1464 significat
1004 1419 1143 1464 vulgata
1156 1446 1163 1457 ,
1183 1433 1279 1463 quam
1301 1434 1362 1463 per
1385 1423 1486 1464 ipsos,

814 1484 889 1517 quae
903 1471 1003 1504 lectio
1016 1483 1088 1504 non
1100 1471 1331 1505 sollicitanda.
1341 1473 1488 1505 Selibra-

815 1525 879 1565 rii,
895 1532 931 1557 ut
947 1524 1030 1557 locis
1047 1524 1121 1557 aliis
1138 1550 1147 1565 ‚
1163 1524 1379 1558 invexerunt.
1398 1524 1481 1558 Vid.

813 1578 927 1611 Drake
936 1577 1076 1611 .1borch.
1090 1577 1135 1610 ad
1145 1578 1221 1610 Liv.
1235 1578 1370 1611 Praefat.
1382 1578 1415 1617 3,
1426 1579 1486 1610 ubiz

812 1639 844 1663 et
861 1630 902 1664 de
916 1631 982 1663 hoc
997 1630 1097 1664 Plinii
1112 1630 1200 1663 loco.
1217 1631 1250 1664 S.

85 1748 1167 1764 ἋπΜιιἊι-ιιιιαιιςἋιινιννιινιπιιπι-ι-ιιπκητνιςιωιιιωινι
1174 1751 1473 1764 tumusmtvuv-

743 1861 812 1915 V.

285 1983 412 2017 Mores
433 1981 615 2018 subdolos
636 1984 688 2018 M.
709 1983 844 2031 Reguli
863 1983 1059 2019 caussidici
1081 1981 1255 2020 ostendit.

234 2102 272 2129 C.
310 2102 542 2131 PLINIUS
576 2103 829 2132 VOCONIO
866 2104 1107 2133 ROMANO

1142 2105 1246 2133 SUO
1284 2105 1318 2133 S.

138 2203 414 2247 Vm1sT1NE
439 2220 704 2264 quemquam
729 2206 882 2248 Marco
907 2205 1078 2265 Regulo
1105 2206 1368 2249 timidiorem
1393 2208 1476 2250 hu-

74 2273 375 2335 milioremque
404 2286 500 2336 post
526 2278 768 2321 Domitiani
799 2277 1017 2321 mortem?
1044 2279 1125 2322 sub
1154 2296 1246 2339 quo
1275 2296 1362 2322 non
1394 2282 1479 2323 mi—

74 2364 180 2391 nora
207 2347 369 2408 flagitia
394 2351 693 2406 commiserat,
714 2367 845 2411 quam
868 2351 946 2395 sub
961 2353 1159 2404 Nerone,
1181 2352 1255 2394 sed
1281 2354 1475 2397 tectiora.

118 2463 163 2495 V.
185 2475 214 2495 1.
234 2467 281 2496 M.
298 2466 445 2507 Aquilius
465 2467 598 2507 Regulus
616 2466 743 2498 caussi-

73 2513 168 2548 dicus
180 2540 188 2554 ‚
206 2516 258 2549 vir
277 2517 387 2549 malus
400 2541 408 2556 ,
427 2523 457 2549 et
479 2516 616 2550 dicendi
632 2518 742 2564 impe-

73 2567 156 2600 ritus
175 2569 245 2610 (IV
261 2594 270 2609 ,
291 2581 345 2615 ep.
369 2572 432 2614 7),
453 2582 543 2602 uuus
565 2582 582 2602 e
602 2571 740 2603 famosis

71 2619 136 2652 illis
153 2619 362 2654 delatoribus
373 2647 382 2661 ‚
398 2622 456 2667 qui
475 2622 537 2654 sub
553 2623 689 2656 Nerone
708 2632 739 2656 et

72 2671 271 2707 Domitiano
295 2674 412 2707 multis
436 2674 519 2708 viris
546 2675 646 2708 honis·
674 2677 738 2709 exi-

809 2466 894 2498 tium
906 2467 1091 2501 attulerant
1101 2493 1110 2507 ‚
1123 2468 1223 2500 etiam
1233 2467 1381 2500 Plinium
1393 2469 1474 2501 olim

808 2518 844 2550 in
861 2517 993 2564 judicio
1013 2519 1182 2553 insidiosae
1200 2520 1476 2566 interrogationis

807 2570 938 2616 laqueis
949 2571 1126 2605 involvere
1139 2572 1295 2604 voluerat
1309 2598 1317 2611 ‚
1333 2573 1477 2618 ejusque

806 2624 994 2658 amicorum
1021 2625 1174 2671 pericula
1203 2626 1345 2658 foverat.
1370 2626 1472 2659 Hune

805 2689 884 2721 ergo
922 2678 1043 2711 Noster
1075 2670 1166 2725 jii‘sto
1200 2679 1464 2723 prosequebatur
