1742 2989
179 186 235 228 52
612 186 659 226 (j.
696 183 925 226 PJJINll
962 184 1084 227 [ΑΒ.
1123 186 1151 226 Ι,

177 274 359 326 sponte,
382 263 500 324 quod
523 262 719 306 dolorem
739 279 883 306 meum
909 263 1131 309 exulcerat
1154 280 1163 308 :
1185 274 1249 308 est
1274 265 1390 308 enim
1417 264 1585 308 luctuo-

177 340 395 383 sissimum
425 353 563 398 genus
591 337 765 390 mortis,
793 353 888 397 quae
917 354 1006 380 non
1039 353 1089 380 ex
1122 347 1303 393 natura,
1333 354 1412 381 nec
1443 337 1584 381 fatalis

135 434 150 454 2
178 413 351 456 videtur
384 429 393 455 :

432 427 533 454 nam
573 420 812 470 utcumque
843 411 887 453 in
920 410 1026 465 illis,
1053 411 1128 471 qui
1160 411 1315 454 morbo
1344 411 1583 465 finiuntur,

178 501 387 547 magnum
428 501 481 527 ex
518 484 609 543 ipsa
645 484 899 527 necessitate
936 483 1139 528 solatium
1174 494 1258 539 est3
1288 485 1332 527 in
1365 485 1415 528 iis
1451 501 1583 538 vero,

178 577 287 621 quos
306 559 510 603 arcessita
530 574 648 601 mors
667 556 831 612 aufert,
849 556 921 601 hic
942 556 1193 601 insanabilis
1214 556 1338 600 dolor
1358 567 1422 601 est
1437 592 1448 612 ,
1466 556 1586 617 quod

132 651 151 683 3
178 632 420 678 creduntur
441 631 634 691 potuisse
659 629 734 673 diu
758 630 915 674 vivere.
943 629 1182 675 Corellium
1211 630 1389 691 quidem
1415 645 1585 673 summa

176 789 291 823 adhuc
305 786 349 821 ad
363 799 426 820 nos
440 784 634 833 pertinent?
646 785 697 817 An
711 785 847 831 jactura

176 841 344 876 damnum
358 866 367 881 ‚
384 839 478 885 quod
500 839 645 871 facimus
661 836 705 870 ad
722 836 849 871 evitan-

175 895 260 928 dum
282 895 393 941 majus
409 892 422 925 P
440 892 483 925 G.
504 912 550 916 —
568 891 746 924 Ernestius
761 916 770 929 ‚
792 903 849 936 pa-

175 954 273 981 truus
286 959 383 980 meus
395 971 403 986 ,
422 946 505 978 olim
521 943 721 977 laudaverat
737 943 845 989 Epist.

178 1002 234 1042 II,
262 1014 273 1033 1
296 1025 304 1040 ,
335 1011 394 1037 10,
421 1006 459 1031 ut
488 997 676 1037 evinceret,
696 996 847 1028 Plinium

167 1057 336 1097 jacturam
354 1051 431 1084 ideo
450 1049 600 1083 noluisse
612 1074 620 1089 ,
643 1048 737 1095 quod
761 1049 850 1081 viro-

174 1119 252 1138 rum
262 1117 470 1150 magnorum
485 1103 651 1136 memoria
667 1114 848 1146 nunquam

174 1157 368 1192 intercidat.
392 1157 567 1190 Gesnerus
587 1162 685 1188 acute
707 1165 849 1200 respon-

177 1210 279 1245 debat
297 1237 306 1252 ,
326 1223 359 1244 se
379 1210 538 1244 dubitare
554 1234 561 1248 ,
584 1216 702 1240 utrum
729 1220 849 1240 conso-

174 1264 270 1298 landi
283 1270 525 1309 argumentum
539 1261 638 1294 initio
653 1273 783 1306 ponere
791 1273 850 1293 vo-

175 1316 276 1350 luerit
292 1342 300 1356 ,
319 1324 353 1349 et
371 1323 487 1348 tamen
506 1314 541 1346 in
560 1313 657 1346 luctu
677 1312 846 1346 desinere.

175 1370 390 1404 Novissimus
408 1367 539 1406 editor,
555 1366 728 1411 Gierigius
742 1366 788 1398 V.
805 1366 845 1398 C.

177 1423 238 1456 illa
254 1422 369 1455 omnia
382 1419 516 1466 repetiit
528 1444 537 1459 ,
554 1418 640 1451 nihil
657 1417 788 1450 addens
805 1417 848 1450 de

177 1489 240 1510 suo
257 1476 323 1509 nisi
337 1475 410 1507 haec
429 1486 436 1507 ι
460 1490 473 1502 «
491 1480 551 1505 aut
565 1471 670 1516 igitur
683 1496 691 1511 ,
709 1470 821 1515 inquit
838 1496 846 1510 ,

177 1528 311 1562 nodum
330 1527 365 1560 in
383 1527 495 1571 scirpo
513 1524 689 1570 quaesivit,
708 1530 767 1556 aut
784 1536 848 1568 ego

177 1589 329 1614 mentem
349 1581 422 1626 ejus
446 1591 515 1612 non
544 1590 721 1622 assequor.
743 1593 756 1605 ιι
777 1576 849 1609 Erit

175 1634 281 1680 igitur
292 1633 422 1666 Plinius
436 1633 470 1664 in
481 1631 549 1663 hoc
564 1630 639 1663 loco
655 1637 714 1662 aut
729 1629 851 1662 obscu-

176 1699 249 1727 rus,
258 1694 316 1720 aut
325 1686 470 1730 ineptus.
481 1684 649 1717 Neutrum
657 1695 721 1727 ego
728 1681 847 1715 credo:

177 1747 319 1773 acutum
335 1746 367 1771 et
384 1745 569 1771 venustum
586 1736 713 1780 ubique
733 1734 851 1779 depre-

177 1792 296 1827 hendi.
320 1791 415 1834 Quid
439 1789 542 1836 ergo?
562 1801 685 1833 nempe
710 1800 850 1820 necesse

177 1854 247 1886 est,
266 1854 421 1890 tempore
442 1842 543 1876 Plinii
560 1841 728 1874 vocabulo
748 1844 851 1884 jaccu-

178 1913 222 1932 1·ae
251 1898 432 1932 adhaesisse
469 1896 645 1928 notionem
673 1906 740 1926 non
770 1892 850 1926 satis

178 1951 319 1997 dignam
340 1959 372 1983 et
391 1950 596 1987 lionestam3
619 1959 726 1992 quare
741 1958 849 1992 quum

179 2004 287 2037 Plinio
310 2015 401 2036 nunc
420 2001 597 2035 excidisset
617 2013 656 2033 ea
673 2013 740 2033 vox
761 2000 795 2032 in
813 2012 849 2033 re

180 2057 275 2102 gravi
302 2064 334 2089 et
359 2066 485 2099 magna
504 2079 512 2093 ‚
540 2054 611 2098 ipse
639 2066 674 2086 se
704 2053 849 2097 castigat

179 2117 356 2154 propterea
372 2115 403 2140 et
417 2107 574 2152 corrigit,
592 2106 698 2150 magis
713 2113 826 2138 auten}
840 2131 848 2145 ‚

181 2169 216 2194 ut
234 2169 414 2194 venustum
432 2159 539 2192 veluti
556 2158 681 2191 flexum
697 2183 705 2198 ‚
726 2165 758 2190 ct
775 2159 849 2190 lau-

179 2213 232 2246 dis
246 2213 538 2260 opportunitatem
557 2210 666 2244 oratio
684 2211 826 2256 recipiat
838 2236 846 2251 ‚

178 2278 283 2311 quam
298 2266 483 2298 utrationis
494 2276 625 2309 gramm
632 2263 724 2296 atica*
736 2263 850 2296 admo-

180 2332 263 2352 nere
285 2320 448 2351 lectorem
470 2317 563 2349 velit.
580 2317 708 2349 Fronto
728 2316 851 2349 Gram-

179 2372 323 2406 maticus
342 2370 423 2404 dicit
438 2396 446 2410 ‚
459 2373 626 2414 jacturam
643 2382 735 2409 esse,
755 2368 850 2413 quod

176 2425 302 2469 jacitur
324 2436 363 2457 ex
385 2435 489 2455 onere
512 2422 622 2454 navis.
650 2423 726 2453 Jam
756 2421 849 2454 locus

181 2485 229 2509 est
239 2475 526 2510 Pseudo-Sallust.
547 2473 590 2507 ad
611 2475 694 2507 Caes.
714 2474 775 2506 Or.
791 2475 824 2506 II
840 2499 848 2513 ‚

181 2541 257 2573 cap.
279 2530 333 2563 55.
353 2531 394 2561 L.
416 2527 630 2566 Postumius,
654 2534 685 2559 et
714 2527 761 2558 M.
790 2527 849 2559 Fa-

181 2582 302 2613 vonius
313 2605 321 2620 ,
337 2581 421 2612 mihi
435 2579 593 2613 videntur
603 2579 701 2624 quasi
719 2591 849 2623 magna·

182 2634 276 2666 navis
303 2644 513 2677 supervacua
538 2644 610 2664 esse
639 2643 645 2663 :
674 2631 731 2663 ubi
766 2631 849 2663 salvi

181 2698 364 2731 pervenere
384 2711 390 2724 2
414 2686 488 2718 usui
517 2693 595 2717 sunt
620 2696 626 2716 t
648 2685 674 2716 si
691 2682 773 2728 ‹fui-'l
794 2683 850 2717 ad-

915 785 1000 818 versi
1014 794 1172 818 coortum
1183 793 1252 825 est,
1268 788 1308 817 de
1319 787 1379 817 illis
1384 787 1584 828 potissimum

907 840 1106 885 jacan-ufic,
1123 842 1201 882 quia
1207 841 1307 882 pretii
1314 840 1438 870 minimi
1448 847 1530 870 sunt.
1539 838 1579 870 E.

912 912 957 916 --
967 892 1159 925 Probabilis
1171 891 1373 938 disputatio.
1387 891 1457 924 Nec
1470 898 1585 923 tamen

912 952 1020 989 puto,
1039 945 1132 978 illam
1158 946 1250 978 vocis
1270 946 1405 988 jactura
1430 943 1501 976 vim
1525 942 1586 975 aevi

913 996 1058 1031 Pliniani
1076 999 1253 1045 propriam
1270 1024 1278 1038 ‚
1300 997 1358 1030 sed
1378 996 1522 1030 omnino
1541 996 1587 1028 la-

912 1049 1056 1084 tinitatis
1071 1052 1187 1085 fuisse.
1203 1051 1378 1097 Sulpicius
1393 1049 1436 1083 acl
1450 1049 1587 1081 Cicero-

913 1115 992 1136 nem
1011 1104 1139 1150 (Epist.
1158 1105 1223 1144 IV,
1245 1105 1277 1144 5,
1294 1117 1329 1150 p.
1349 1105 1406 1146 89,
1424 1100 1505 1134 edit.
1527 1101 1588 1133 Er-

912 1159 1017 1201 nest.)
1034 1169 1041 1189 :
1065 1174 1077 1185 «
1088 1156 1196 1190 Modo
1211 1169 1282 1190 uno
1294 1164 1447 1200 tempore
1460 1161 1510 1186 tot
1524 1153 1587 1186 viri

913 1209 1094 1243 clarissimi
1108 1209 1312 1242 interierunt
1330 1220 1336 1241 :
1361 1233 1368 1240 .
1384 1234 1391 1240 .
1408 1233 1414 1239 .
1433 1208 1468 1240 in
1484 1207 1586 1241 unius

913 1263 1124 1296 mulierculae
1139 1262 1291 1295 animula
1307 1262 1333 1294 si
1344 1263 1481 1307 jactura
1497 1260 1585 1292 facta

913 1324 963 1349 est
981 1342 988 1356 ‚
1027 1323 1123 1349 tanto
1156 1328 1260 1360 opere
1291 1311 1551 1347 commoveris?
1571 1328 1584 1340 n

913 1368 1021 1401 Vides
1035 1393 1043 1407 ,
1061 1376 1097 1400 ut
1121 1370 1263 1399 interitus
1283 1369 1428 1398 virorum
1453 1367 1586 1396 clarissi-

912 1424 1062 1453 simorum
1085 1427 1282 1465 opponatur
1298 1421 1439 1462 jacturce
1463 1419 1586 1448 mulier-

912 1476 1004 1506 culae.
1021 1474 1243 1518 Quamquam
1260 1485 1332 1504 non
1351 1482 1440 1515 nego
1455 1495 1464 1509 ‚
1481 1484 1585 1504 κατα·

911 1532 1090 1572 χρηστικῶς
1102 1526 1204 1559 etiam
1215 1525 1258 1558 dc
1272 1524 1366 1570 gravi
1380 1523 1507 1556 damno
1517 1522 1585 1556 dici

912 1580 1075 1624 potuisse.
1091 1579 1125 1613 S.
1140 1599 1186 1603 —-
1201 1580 1351 1610 Corellius
1365 1580 1472 1621 Rufus.
1485 1577 1583 1608 Rom.

916 1635 1055 1665 Corelius
1069 1634 1178 1676 Rufus,
1192 1638 1229 1663 ut
1242 1637 1359 1674 postea
1373 1635 1583 1661 constanter.

913 1685 957 1718 H.
972 1705 1018 1710 ——
1032 1689 1084 1717 E.r
1098 1695 1228 1717 natura.
1241 1684 1318 1715 Nou
1331 1682 1499 1715 assentior
1508 1680 1586 1713 Gie-

913 1739 1002 1784 rigio
1028 1741 1114 1770 venit
1133 1735 1295 1770 excidisse
1314 1734 1462 1780 putanti.
1486 1734 1519 1767 S.
1541 1755 1585 1759 —

914 1794 1051 1824 Fatalis.
1072 1793 1195 1823 Fatalis
1221 1801 1313 1821 mors
1336 1788 1391 1820 hic
1414 1800 1485 1820 non
1508 1787 1586 1819 sim-

914 1843 1046 1888 pliciter
1063 1870 1072 1884 ‚
1102 1851 1138 1875 ut
1170 1842 1253 1875 alias
1270 1867 1278 1881 ‚
1310 1839 1479 1873 naturalis
1508 1847 1557 1873 est
1576 1852 1585 1879 3

915 1897 959 1928 ab
982 1896 1049 1928 hac
1076 1896 1168 1928 enim
1196 1893 1374 1938 distinguit
1407 1904 1414 1924 :
1442 1891 1501 1925 sed
1524 1904 1563 1924 ea
1575 1916 1584 1930 ,

914 1961 1021 1995 quam
1040 1949 1213 1992 effugere,
1236 1947 1295 1993 qui
1316 1945 1463 1977 moritur
1481 1969 1489 1983 ,
1514 1956 1584 1975 non

914 2001 1065 2047 potuisse
1084 1999 1238 2038 videtur,
1260 1999 1336 2031 licet
1358 1997 1521 2036 voluerit,
1548 2005 1586 2029 ut

914 2062 993 2087 sunt
1016 2054 1121 2086 ruinae
1133 2077 1141 2091 ‚
1169 2050 1277 2084 caedes
1307 2051 1350 2083 ab
1379 2048 1585 2081 insidiatori-

913 2107 977 2139 bus
989 2132 997 2146 ,
1014 2104 1236 2149 naufragium
1248 2128 1256 2143 ‚
1276 2111 1340 2135 etc.
1358 2102 1490 2135 Scimus
1504 2103 1586 2135 alio—

913 2160 1115 2204 quinfatum
1131 2156 1175 2190 ad
1188 2155 1383 2190 naturalem
1397 2154 1584 2200 praesertim

915 2219 1061 2244 mortem
1087 2208 1209 2242 referri
1239 2220 1245 2240 2
1280 2221 1342 2240 nec
1367 2207 1578 2240 vehementel

914 2263 1165 2296 intercesserim
1184 2287 1191 2301 ‚
1221 2260 1246 2293 si
1281 2261 1357 2305 quis
1390 2271 1585 2306 synonyma

915 2317 1016 2362 plane
1034 2316 1090 2347 hic
1110 2316 1212 2348 etiam
1233 2326 1305 2346 esse
1322 2313 1402 2345 velit
1419 2320 1583 2350 mortem,

916 2380 991 2413 quae
1006 2382 1047 2400 ea·
1061 2378 1180 2400 natura
1198 2374 1265 2406 est,
1281 2367 1472 2410 etfatalem.
1486 2364 1585 2396 Certe

915 2420 961 2453 ita
979 2419 1185 2453 sumitVell.
1205 2420 1258 2458 II,
1274 2424 1293 2459 4
1305 2444 1314 2458 ,
1332 2421 1365 2451 6.
1386 2417 1429 2449 G.

963 2487 993 2505 2.
1006 2473 1361 2517 Quinzorbofiniuntm:
1373 2472 1446 2501 Fati
1458 2479 1580 2500 novam

915 2526 1125 2559 mentionem
1150 2537 1219 2557 non
1248 2524 1329 2556 facit
1360 2534 1367 2553 :
1395 2522 1463 2553 sive
1491 2520 1582 2561 qnod

916 2579 1021 2611 satius
1036 2578 1176 2617 habuit,
1194 2588 1299 2609 unuin
1316 2584 1421 2620 genus
1437 2571 1581 2612 referre,

915 2630 1080 2676 cuiplane
1092 2629 1200 2662 simile
1211 2629 1251 2660 sit
1261 2627 1408 2659 alterum
1419 2636 1426 2656 ι
1439 2624 1581 2667 sivejltm

915 2691 948 2717 nt
960 2684 1170 2727 morbofiniri
1182 2694 1242 2727 pro
1256 2677 1378 2712 iisdem
1392 2676 1524 2711 habuit.
1537 2676 1580 2709 G.
