1742 2989
560 228 905 270 EPISTULA
941 229 1073 270 XIV.

1435 231 1517 274 113

119 311 202 353 lmc
215 310 600 368 (zrtgficiumperll't.
613 327 632 348 »
645 307 776 364 Quod
791 307 951 368 alioqui
966 308 1108 368 perire
1124 308 1373 368 incipiebat,
1383 328 1519 370 quum

121 383 295 442 periisse
315 381 422 426 Afro
442 381 686 435 videretur3
714 397 831 424 nunc
855 397 956 424 vero
980 397 1120 441 prope
1140 380 1337 425 funditus
1357 376 1520 427 exstin-

121 465 238 498 ctum
268 464 311 498 et
340 469 537 497 eversum
572 462 648 496 est.
682 453 822 496 Pudet
849 453 1033 507 referre,
1069 470 1190 513 quae,
1217 470 1347 514 quam
1384 455 1518 499 fracta

120 527 476 588 pronuntiatione
504 525 730 581 dicantur3
761 526 946 586 quibus,
972 541 1102 586 quam
1135 527 1294 570 teneris
1318 525 1520 571 clamori-

121 600 201 643 bus
226 600 507 659 excipiantur.
533 598 710 641 Plausus
736 608 906 642 tantum
924 633 936 654 ,
957 615 1007 642 ac
1025 600 1170 659 potius
1188 599 1277 643 sola
1297 600 1492 662 cymbala
1511 638 1521 657 a
1574 615 1588 626 '¹

121 684 163 716 et
188 683 394 733 tympana
422 671 504 715 illis
524 672 702 715 canticis
728 671 884 716 desunt
905 689 914 717 :
937 671 1127 716 ululatus
1148 673 1322 734 quidem
1345 674 1361 735 (
1381 691 1522 735 neque

125 805 162 826 12
177 818 184 832 ‚
201 807 215 833 7
226 818 234 832 ,
251 801 283 825 et
306 791 430 825 omittit
450 792 551 824 etiam
562 793 662 824 Rom.
675 792 734 824 lib.
749 793 764 823 Ι
776 817 784 831 ‚

120 847 215 891 epist.
231 847 248 879 5
265 870 272 884 ‚
289 858 340 878 10.
356 846 457 877 Recte
471 856 610 889 quoque
623 844 786 876 inciditur

119 898 154 930 in
170 898 222 930 his
239 909 246 930 ε
262 908 293 928 et
305 907 379 940 post
397 899 553 928 szlencium
568 898 660 939 acepit
678 910 688 928 .·
703 899 786 928 idem

121 953 230 987 tertio,
249 949 394 982 subaudi
400 950 497 992 sbrie,
515 957 551 981 nt
565 949 740 988 reticeret,
755 956 787 980 et

120 1010 197 1048 post
210 1003 380 1036 silentium
394 1015 512 1034 rursus
522 1002 700 1046 inciperet.
710 1002 788 1034 Pos-

121 1063 268 1088 tremum
282 1066 366 1093 tunc,
380 1067 442 1100 pro
457 1065 521 1087 tam
535 1054 675 1087 librario
688 1055 789 1087 relin-

121 1120 203 1153 quo.
228 1108 272 1140 H.
285 1128 330 1132 —-—-
343 1108 413 1140 Cur
426 1107 568 1140 librario
592 1107 790 1152 relinquen-

122 1160 205 1192 dum
226 1160 397 1193 censuerit
414 1160 647 1205 Heusingerus
663 1185 670 1199 ‚
692 1159 791 1192 docet

122 1213 205 1246 Hor.
224 1213 359 1245 Tursel.
376 1212 417 1244 de
431 1212 556 1245 Partic.
573 1225 603 1244 c.
620 1212 791 1251 CCLXX,

124 1266 196 1298 init.
208 1265 359 1297 Plurima
367 1265 709 1297 confusionisharum
718 1276 793 1309 par-

122 1317 306 1350 ticularum
325 1317 478 1362 exempla
499 1316 667 1362 congessit
684 1317 789 1349 Drak.

125 1369 166 1402 ad
185 1371 260 1402 Liv.
278 1371 330 1409 II,
353 1382 412 1409 12,
433 1371 450 1412 §
469 1372 521 1402 15.
540 1370 573 1402 S.

174 1435 185 1453 1
198 1435 226 1454 1.
246 1427 314 1453 Hoc
332 1424 504 1467 artificium
517 1424 624 1464 periit.
643 1421 793 1454 Licinius

124 1474 260 1507 efficere
280 1481 412 1519 potest,
434 1481 471 1506 ut
492 1474 554 1506 sibi
582 1473 792 1519 plaudatur,

126 1527 251 1560 frustra
266 1534 334 1567 est,
352 1535 389 1559 ut
404 1526 528 1571 aliquis
541 1527 642 1559 bonis
656 1526 794 1559 dicendi

125 1580 254 1612 artibus
280 1579 324 1612 ad
344 1579 491 1624 gloriam
512 1587 544 1611 et
564 1580 694 1612 famam
716 1592 796 1612 con-

124 1631 254 1666 tendat.
265 1633 324 1665 Est
334 1631 519 1677 indignatio
527 1632 700 1665 similis-illi
709 1633 797 1665 Mar-

125 1685 212 1717 tialis
222 1686 270 1718 IX
283 1711 290 1725 ,
302 1686 343 1730 75
352 1711 359 1717 .
370 1683 514 1718 «Scinde
523 1684 615 1718 leves
623 1685 774 1718 calamos
787 1711 795 1725 ,

125 1745 156 1769 et
169 1738 288 1782 frange
298 1737 422 1769 Thalia
436 1736 569 1769 libellos
582 1762 590 1777 ,
606 1737 633 1769 si
647 1736 730 1770 dare
745 1751 798 1770 su-

127 1790 191 1822 tori
201 1790 335 1822 calceus
345 1790 407 1822 ista
418 1796 543 1834 potest.
557 1806 569 1817 u
582 1790 636 1822 Sic
645 1790 797 1822 virorum

127 1841 363 1875 fortitudinem
385 1842 524 1886 periisse
551 1841 710 1874 dicebant
735 1856 799 1874 nu-

128 1908 189 1940 per
208 1903 284 1940 post
301 1895 457 1927 inventas
475 1893 698 1927 bombardas.
715 1895 758 1926 G.

179 1961 189 1980 1
200 1962 230 1980 9..
248 1950 342 1989 Quod
352 1949 486 1989 alioqui.
504 1947 617 1978 Locus
630 1972 638 1987 ‚
654 1954 691 1979 ut
706 1959 799 1980 nunc

128 2000 273 2045 legitur,
290 1998 385 2032 haud
404 1999 508 2031 dubie
525 2007 706 2044 corruptus
721 2025 728 2039 ‚
745 1999 800 2031 cui

128 2052 262 2085 medela
282 2051 467 2098 quaerenda
488 2058 548 2083 est.
571 2052 609 2084 1⁴3.
631 2073 675 2076 ——
695 2052 748 2084 Sic
767 2060 799 2084 et

129 2106 211 2138 olim
224 2105 365 2137 Bai-thio
378 2130 386 2144 ‚
407 2113 438 2136 et
455 2116 564 2148 nuper
583 2104 736 2148 Gierigio
754 2105 800 2136 vi—

130 2170 203 2189 sum
216 2157 290 2190 fuit.
304 2157 382 2190 SIne
395 2168 528 2189 caussa.
541 2156 797 2201 Interpretare:

130 2211 296 2242 Caeterum
305 2210 370 2242 hoc
378 2208 757 2254 perireincipiebat‚ete.
767 2211 799 2243 S.

177 2266 348 2293 —Frllcca
357 2263 636 2304 pronuntiatione.
652 2262 751 2294 Blolli
767 2270 799 2295 et

132 2314 327 2346 effeminata
345 2338 353 2353 ‚
371 2314 423 2346 vel
442 2314 577 2358 puerili.
596 2315 672 2347 Huc
698 2316 799 2360 perti-

131 2374 212 2399 nent
240 2366 343 2399 etiam
369 2368 467 2397 teneri
482 2367 648 2400 clamores
663 2392 671 2407 ,
691 2375 727 2400 ut
748 2369 800 2400 in-

131 2418 322 2463 telligamus
342 2417 520 2463 plausores
539 2431 674 2464 pueros.
694 2420 737 2453 G.
754 2441 801 2445 ——-

131 2475 247 2502 Fracta
266 2473 534 2513 pronunciatione
547 2496 555 2510 ‚
582 2471 649 2504 hoc
669 2481 717 2504 est
749 2473 798 2505 ef-

135 2523 295 2556 feminata
314 2548 322 2563 ‚
344 2523 438 2555 molli
455 2548 463 2563 ‚
487 2531 518 2555 et
547 2524 680 2557 scenica
695 2550 703 2564 ‚
723 2537 798 2569 qute

134 2576 227 2618 gravi
239 2600 247 2615 ‚
262 2575 353 2608 virili
366 2600 373 2615 ‚
385 2584 416 2609 et
431 2574 608 2621 dignitatis
619 2577 728 2620 plenae.
741 2589 801 2622 op-

135 2627 243 2671 posita
270 2635 330 2661 est.
361 2627 414 2660 Ad
439 2640 512 2660 eam
540 2630 639 2659 teneri
663 2640 800 2674 quoque

135 2681 285 2711 clamores
305 2679 498 2724 pertinent,
520 2692 605 2724 quos
624 2692 701 2712 ‘nox’
726 2694 801 2712 cmv-

136 2731 197 2760 lt'ca
220 2729 301 2763 dicit
319 2732 365 2765 ob
389 2731 658 2765 modulationem
688 2732 799 2769 illam,

328 2791 366 2830 J.

852 804 927 837 quae
938 792 1080 825 mollitie
1092 805 1153 826 sua
1162 793 1316 838 proxime
1325 793 1368 826 ad
1383 802 1522 827 cantum

853 844 998 877 accedit.
1029 847 1160 891 Nempe
1186 855 1319 877 cantare
1343 848 1521 892 proprium

854 904 928 929 erat
941 897 1149 930 histrionum
1167 909 1174 930 :
1197 898 1309 931 omnis
1325 907 1439 932 autem
1454 913 1525 931 1110-

853 949 983 982 dulatio
1013 949 1147 983 scenica
1172 951 1207 983 in
1235 958 1370 984 oratore
1402 952 1525 985 vitiosa

852 1002 971 1034 haberi
991 1003 1134 1035 solebat.
1153 1004 1273 1048 Itaque
1288 1003 1436 1044 Quintil.
1453 1005 1503 1037 XI
1517 1029 1525 1045 ,

857 1068 870 1087 1
880 1080 888 1094 ‚
899 1056 955 1088 56:
967 1052 1124 1087 &Canem-e
1135 1055 1336 1101 simpliciter
1347 1055 1525 1098 dicuntur,

854 1108 913 1153 qui
929 1108 963 1140 in
979 1107 1037 1140 illo
1053 1107 1299 1141 modulationis
1315 1121 1440 1153 genere
1457 1123 1526 1143 mo-

855 1160 937 1193 dum
952 1159 1120 1193 excedunt
1133 1172 1141 1200 ;
1153 1178 1166 1188 »
1182 1168 1213 1193 et
1228 1173 1303 1205 cap.
1321 1161 1387 1201 ΙΙΙ,
1401 1163 1458 1203 57,
1476 1166 1527 1194 vi—

856 1215 932 1244 tium
948 1215 1119 1247 cantandi.
1138 1220 1170 1245 et
1188 1215 1365 1245 modulatio
1383 1217 1505 1246 scenica
1516 1241 1524 1252 ‚

857 1265 1082 1310 synonymice
1095 1274 1424 1300 commemorantur.
1434 1267 1472 1299 Ε.
1483 1288 1528 1292 —

858 1318 1002 1350 Fallitur
1032 1330 1111 1349 cum
1140 1317 1292 1363 Gierigio
1325 1319 1502 1351 Ernestius
1519 1344 1527 1358 ,

858 1369 1023 1402 clamores
1042 1369 1115 1401 illos
1131 1382 1210 1402 cum
1228 1370 1369 1403 canticis
1383 1371 1530 1404 confun-

858 1421 955 1454 dens.
976 1423 1088 1453 11111110
1108 1421 1277 1455 clamores
1297 1424 1397 1465 (mox
1416 1423 1529 1457 ulula-

858 1482 933 1513 tus)
954 1482 1033 1506 sunt
1056 1473 1254 1507 auditorum
1270 1499 1279 1514 ‚
1300 1475 1432 1508 cantica
1452 1489 1530 1508 ora-

862 1535 988 1560 torum.
1011 1528 1044 1560 S.

910 1580 961 1613 13.
987 1582 1122 1612 Plausus
1147 1589 1282 1612 lantum.
1311 1580 1452 1627 Proprie
1483 1581 1533 1614 (11-

861 1640 934 1665 ctus
949 1657 957 1671 ,
980 1631 1040 1676 qui
1068 1632 1107 1664 fit
1139 1632 1325 1678 complosis
1357 1635 1530 1668 manibus.

861 1684 927 1718 Sed
944 1697 988 1717 ne
1004 1684 1097 1717 hunc
1115 1684 1255 1730 quidem
1268 1686 1372 1731 plane
1391 1688 1509 1720 abesse
1522 1714 1530 1727 ,

861 1737 991 1770 indicat
1002 1736 1088 1769 iilud
1102 1740 1257 1780 acpocius
1268 1763 1277 1775 ,
1294 1738 1385 1782 quod
1399 1739 1433 1772 in
1449 1741 1534 1785 opti-

862 1791 927 1822 mis
942 1789 1037 1822 libris
1051 1790 1185 1822 invenit
1203 1790 1342 1823 Cortius
1357 1816 1365 1831 ,
1384 1793 1473 1825 male
1489 1794 1532 1825 ab

864 1842 937 1876 aliis
958 1841 1135 1874 omissum.
1161 1841 1204 1875 G.
1224 1863 1270 1866 —
1289 1843 1430 1876 Confert
1455 1844 1533 1877 illos

864 1894 1081 1927 laudantium
1104 1893 1285 1926 indecoros
1305 1897 1467 1941 strepitus
1485 1922 1494 1936 ‚
1514 1910 1534 1930 a

865 1947 990 1992 quihus
1006 1958 1107 1978 verus
1121 1946 1261 1990 plausus
1275 1948 1406 1980 abesset
1417 1974 1425 1988 ‚
1443 1950 1535 1982 clan-

866 2000 1006 2044 goribus
1017 2001 1231 2040 cimbalorum
1247 2007 1278 2031 et
1292 2010 1513 2043 {wnpanorum
1525 2030 1531 2037 .

865 2064 939 2097 quae
971 2051 1251 2083 effeminatorum
1275 2053 1353 2085 Deae
1378 2053 1535 2100 Phrygiae

865 2104 1083 2137 sacerdotum
1095 2129 1104 2144 ‚
1119 2104 1438 2152 Bacchantiumque
1459 2121 1536 2141 mu-

864 2158 986 2190 lierum
1001 2156 1226 2189 instrumenta
1238 2166 1347 2190 erant.
1364 2159 1418 2192 Cf.
1430 2161 1538 2201 Quin-

865 2210 914 2242 til.
947 2210 994 2249 V,
1018 2209 1079 2248 13,
1107 2221 1167 2252 17,
1193 2210 1250 2241 ubi
1285 2220 1436 2253 (rmpczmz
1470 2214 1537 2246 (⁴10-

869 2262 1016 2309 quentiae
1027 2287 1036 2301 ‚
1052 2261 1118 2294 hoc
1139 2270 1208 2302 est,
1225 2263 1345 2295 molles
1361 2271 1392 2296 et
1412 2265 1536 2298 inertes

866 2314 1134 2349 declamationes
1149 2340 1157 2354 ,
1185 2317 1298 2351 armis,
1326 2315 1393 2349 hoc
1414 2326 1463 2349 est
1485 2319 1536 2350 vi-

865 2368 941 2408 rili,
954 2367 1069 2412 gravi,
1082 2368 1300 2412 robustaeque
1312 2368 1515 2413 eloquentiae
1529 2395 1537 2409 ,

866 2419 1021 2466 opponit.
1047 2420 1086 2452 E.
1111 2440 1156 2444 —
1175 2420 1251 2452 Huc
1277 2428 1405 2465 spectat
1433 2423 1537 2455 etiam

867 2476 1016 2510 ululatus,
1028 2472 1225 2505 Graecorum
1242 2475 1383 2519 ὀλολυγὴ,
1397 2486 1423 2506 S.
1436 2477 1539 2510 ὀλολυ-

864 2528 955 2572 γμός“
974 2537 1049 2571 quae
1071 2538 1173 2558 voces
1194 2525 1273 2558 item
1295 2525 1339 2558 ad
1359 2539 1537 2560 sacrorum

866 2578 1078 2611 caerimonias
1099 2579 1283 2623 pertinent.
1301 2577 1383 2610 Vid.
1405 2580 1536 2625 Spanh.

866 2629 908 2663 ad
933 2631 1136 2663 Callimacli.
1165 2645 1199 2676 p.
1230 2633 1308 2671 ΕΜ,
1333 2643 1408 2676 sqq.
1439 2632 1473 2665 S.
1494 2653 1537 2657 --ψ

869 2685 934 2715 Illis
961 2685 1105 2715 canticis.
1137 2683 1283 2724 Quintil.
1314 2684 1347 2715 Π
1359 2708 1367 2724 ,
1399 2685 1417 2717 3
1433 2710 1440 2724 ,
1472 2686 1536 2730 57ς

873 2752 884 2763 α
904 2734 1148 2780 Quodcunque
1176 2735 1293 2768 vitinni
1324 2737 1430 2780 inagis
1457 2738 1539 2769 tule-

1320 2795 1344 2835 ts'

1552 343 1587 360 12
