1742 2989
219 181 314 233 [110

617 180 666 223 C.
703 179 927 223 PLINII
960 179 1082 222 LIB.
1118 180 1233 223 Vll.

218 262 414 325 paternis
431 262 729 321 maternisque
751 279 758 304 :
782 260 848 304 his
866 261 983 304 enim
1002 260 1154 305 cedere
1167 277 1221 304 ne
1236 259 1434 304 Corelliae
1449 261 1626 322 quidem

174 345 194 375 6
219 351 411 397 possum.
426 335 568 395 Igitur
582 350 719 394 quum
735 333 1100 377 obvenissetmihi
1112 333 1349 389 hereditas,
1363 335 1407 377 in
1422 350 1507 394 qua
1522 351 1627 395 prae-

220 409 292 452 dia
322 409 402 452 ista
419 444 430 464 ‚
458 409 610 467 scripsi
642 407 681 450 ei
714 406 884 450 venalia
910 407 1073 450 futura.
1100 410 1190 451 Has
1215 406 1419 468 epistolas
1444 410 1628 451 Hermes

220 481 346 539 tulit,
366 482 664 542 exigentique,
685 490 733 524 ut
753 481 899 524 statim
922 481 1171 541 portionem
1191 498 1333 524 meam
1357 480 1438 524 sibi
1460 479 1628 524 addice-

220 565 308 611 ret,
326 555 484 616 paruit.
498 554 655 610 Vides,
671 570 802 614 quam
820 562 962 597 ratum
974 553 1136 598 habere
1149 552 1350 607 debeam,
1365 552 1486 613 quod
1500 551 1630 596 liber-

176 645 195 678 7
221 637 291 672 tus
303 644 426 671 meus
440 627 547 672 meis
563 626 757 671 moribus
773 626 932 688 gessit?
951 627 1182 686 Superest,
1198 635 1246 669 ut
1257 625 1492 670 coheredes
1505 641 1629 686 aequo

221 701 370 745 animo
397 701 561 757 ferant,
587 701 821 762 separatim
847 717 916 743 me
940 699 1209 755 vendidisse,
1235 699 1354 760 quod
1380 699 1486 742 mihi
1511 698 1631 742 licuit

222 775 404 818 omnino
425 774 626 817 vendere.
651 775 744 817 Nec
766 790 868 817 vero
891 782 1111 834 coguntur
1132 774 1294 817 imitari
1316 789 1461 817 meum
1482 788 1631 816 exem-

176 855 196 888 8
221 847 356 909 plum.
373 850 472 893 Non
485 848 603 891 enim
620 846 702 890 illis
716 846 865 891 eadem
881 864 981 891 cum
997 845 1185 891 Corellia
1201 846 1300 906 jura
1314 856 1429 890 sunt.
1444 847 1632 888 Possunt

221 938 327 983 ergo
352 921 512 966 intueri
540 920 776 965 utilitatem
802 937 946 976 suam,
970 938 1051 981 pro
1073 938 1160 982 qua
1184 921 1292 964 mihi
1318 919 1401 963 fuit
1423 919 1629 962 amicitia.

221 994 346 1039 Vale.

219 1127 363 1160 nomine
397 1126 596 1172 praesedisse
626 1126 717 1160 ludis
745 1125 897 1159 ostendit

220 1179 276 1212 hic
293 1179 430 1213 Cortius
453 1192 491 1212 ex
509 1180 651 1214 Sueton.
677 1180 765 1225 Aug.
786 1179 895 1220 XLV,

220 1240 253 1265 et
275 1232 402 1266 Claud.
426 1233 515 1273 VII;
539 1233 577 1266 it.
602 1233 732 1265 Neron.
754 1233 840 1273 XII,
865 1240 897 1266 et

220 1284 376 1319 laudavit
391 1286 568 1332 Cuperum
581 1286 683 1319 Obss.
700 1285 763 1325 IV,
782 1286 835 1319 13.
850 1285 894 1318 G.

268 1340 301 1371 6.
316 1340 395 1371 Meis
405 1341 557 1371 moribus.
573 1339 643 1380 Qui
657 1340 895 1384 conjecturam

220 1392 349 1425 faceret
373 1404 412 1425 ex
436 1392 590 1424 moribus
609 1391 693 1424 meis
707 1416 715 1432 ,
734 1390 819 1436 quid
844 1391 896 1423 fa-

222 1452 341 1477 cturus
367 1445 427 1477 tali
446 1445 481 1476 in
504 1457 541 1477 re
561 1456 670 1477 essem
693 1454 898 1490 :quumque

222 1497 341 1537 sciret,
362 1510 416 1529 me
434 1498 500 1530 hoc
520 1510 590 1530 non
609 1505 814 1542 negaturum
831 1497 898 1529 Co-

221 1550 326 1582 relliae
338 1575 346 1590 ‚
374 1550 453 1583 fecit
467 1575 475 1589 ‚
505 1549 600 1594 quod
624 1550 774 1595 petebat.
805 1549 897 1581 Juris

222 1601 381 1636 doctores
391 1615 431 1636 ex
443 1616 594 1635 consensu
602 1612 798 1645 praeSllHlp[O
815 1601 898 1634 talia

222 1653 348 1688 docent
358 1655 446 1689 fieri.
458 1656 501 1688 G.
516 1676 560 1681 ——
572 1659 652 1688 Meis
663 1658 810 1687 moribus.
823 1654 897 1687 Hoc

224 1715 272 1740 est
283 1733 292 1748 ‚
306 1708 353 1740 ita
366 1733 374 1749 ‚
392 1716 428 1741 ut
442 1708 599 1741 Corelliae
610 1707 737 1753 praedia
752 1708 810 1740 illa
825 1719 895 1739 non

222 1759 328 1793 modo
350 1761 485 1801 statim,
504 1760 565 1794 sed
587 1760 688 1793 etiam
701 1785 709 1800 ,
730 1758 824 1805 quod
847 1759 897 1791 in-

221 1814 342 1858 primis
354 1814 551 1847 Plinianum
563 1840 571 1854 ,
587 1826 648 1859 pro
662 1812 810 1847 Secundi
823 1824 899 1857 por-

224 1866 314 1899 tione
326 1867 383 1900 vili
396 1866 650 1901 addicerentur.
665 1866 836 1899 Caeterum
849 1865 899 1897 in-

224 1926 350 1953 tererat
381 1920 534 1954 Corelliae
548 1945 557 1961 ,
582 1920 674 1954 hanc
705 1918 899 1965 portionem

962 1127 1027 1159 sibi
1053 1127 1165 1160 statim
1190 1124 1328 1164 addici,
1350 1137 1395 1157 ne
1417 1124 1505 1157 forte
1531 1122 1634 1156 cohe-

961 1179 1060 1212 redes
1090 1178 1267 1224 negotium
1297 1190 1377 1211 cum
1407 1176 1475 1210 alio
1497 1177 1634 1209 interim

963 1240 1119 1277 emptore
1134 1231 1372 1276 transigerent.
1387 1230 1421 1263 S.

1009 1286 1042 1318 8.
1059 1287 1183 1316 Eadem
1199 1297 1267 1315 cum
1285 1285 1438 1321 Corellia,
1454 1288 1519 1315 etc.
1539 1280 1636 1326 Opus

962 1337 1100 1371 videtur
1126 1337 1183 1370 hic
1210 1348 1374 1375 monere,
1400 1347 1443 1367 ne
1475 1334 1551 1379 quis
1577 1335 1634 1370 τὴν

962 1404 1032 1422 cum
1051 1390 1174 1436 jungat
1197 1387 1395 1433 pronomini
1414 1389 1539 1418 eadem.
1559 1389 1637 1417 Sunt

963 1445 1042 1475 milti
1056 1445 1137 1486 jura
1153 1454 1223 1473 cum
1244 1442 1359 1471 marito
1377 1441 1451 1485 jam
1469 1438 1585 1482 dixit§
1601 1446 1635 1478 4,

963 1507 1086 1539 nempe
1105 1492 1275 1527 amicitiae.
1288 1492 1332 1525 G.

1003 1551 1114 1578 —Pro
1123 1541 1637 1589 quamilzzficitamicitia.Quanti

965 1601 1021 1633 alii
1033 1600 1213 1633 utilitatem
1225 1598 1370 1637 faciunt,
1386 1596 1471 1629 tanti
1484 1608 1547 1640 ego
1557 1594 1638 1627 ami-

965 1653 1078 1686 citiam
1092 1677 1100 1691 ‚
1119 1659 1155 1684 ut
1168 1663 1300 1696 magnae
1320 1649 1406 1682 mihi
1420 1648 1574 1680 utilitatis
1588 1647 1637 1679 in-

966 1714 1035 1738 star
1049 1706 1109 1745 sit,
1127 1704 1276 1737 amicum
1289 1728 1297 1743 ‚
1310 1710 1341 1735 et
1356 1702 1479 1736 veteris
1492 1701 1638 1734 benevo-

962 1759 1074 1792 lentiae
1088 1770 1277 1791 memorem
1293 1757 1397 1789 etiam
1411 1768 1490 1789 cum
1504 1756 1638 1800 jactura

963 1812 1012 1845 rei
1033 1811 1216 1844 familiaris
1241 1809 1364 1843 videri.
1385 1806 1567 1853 Jungenda
1589 1813 1639 1838 est

964 1865 1047 1898 huic
1069 1864 1219 1909 epistolae
1239 1870 1362 1910 quarta
1383 1860 1518 1895 decima
1533 1860 1638 1905 hujus

966 1918 1056 1951 libri.
1073 1917 1116 1951 G.
