1742 2989
556 218 905 262 EPISTULA
948 220 1066 261 XII.

1456 214 1514 261 533

114 302 249 356 ratio,
270 317 366 361 quae
387 299 657 360 sapientibus
683 315 764 359 pro
793 300 1048 343 necessitate
1073 307 1158 352 est,
1183 298 1237 341 ad
1266 298 1348 344 boc,
1372 299 1518 341 consi-

114 374 220 418 lium
250 371 484 434 compulit,
511 387 778 433 quamquam
803 372 1014 433 plurimas
1044 370 1217 414 vivendi
1244 387 1414 415 caussas
1437 371 1518 414 ha-

113 448 313 503 bentem,
336 447 549 508 optimam
575 446 888 488 conscientiam
905 481 916 500 ,
937 445 1149 506 optimam
1174 443 1334 488 famam
1351 479 1362 498 ‚
1386 445 1520 487 maxi-

114 537 231 564 mam
261 519 591 574 auctoritatem;
620 527 830 579 praeterea
862 518 1018 572 filiam,
1054 535 1260 573 uxorem,
1289 528 1522 579 nepotem,

113 609 308 648 sorores,
348 593 550 653 interque
587 600 652 635 tot
689 592 901 652 pignora,
930 607 1056 635 veros
1094 592 1269 635 amicos.
1305 591 1392 635 Sed
1433 580 1522 635 tam
1548 606 1566 641 4

115 665 269 727 longa,
310 676 399 710 tam
443 667 596 726 iniqua
643 665 893 708 valetudine
938 664 1299 719 conflictabatur,
1337 675 1386 708 ut
1433 665 1525 708 haec

116 750 238 784 tanta
264 741 404 801 pretia
429 739 604 783 vivendi
630 740 783 783 mortis
804 739 1048 782 rationibus
1069 739 1366 782 vincerentur.
1377 739 1526 782 Tertio

115 824 158 857 et
177 815 397 858 tricesimo
418 831 535 858 anno
557 812 631 875 (ut
654 814 799 875 ipsum
823 813 1136 875 praedicantem
1160 812 1420 873 audiebam)
1447 829 1528 873 pe-

115 887 221 932 dum
247 887 396 932 dolore
423 898 652 949 correptus
678 897 754 931 est.
779 889 952 931 Patrius
975 888 1046 931 hic
1075 886 1136 930 illi

1162 904 1172 931 :
1201 903 1304 930 nam
1331 886 1527 948 plerum-

116 979 201 1022 que
232 963 374 1006 morbi
408 979 584 1023 quoque
621 979 700 1023 per
742 962 1034 1006 successiones
1068 960 1304 1022 quasdam,
1336 970 1387 1004 ut
1423 960 1530 1009 alia.

117 1035 364 1080 traduntur.
403 1039 533 1081 Hunc
574 1036 866 1090 abstinentia,
901 1035 1162 1090 sanctitate,
1199 1034 1346 1096 quoad
1381 1033 1530 1077 viridis

116 1120 245 1167 zetas,
276 1111 382 1154 vicit
412 1119 456 1154 et
486 1110 641 1170 fregit3
667 1110 902 1154 novissime
933 1126 1034 1153 cum
1063 1117 1288 1152 senectute
1326 1107 1532 1168 ingrave-

164 1249 195 1279 3.
210 1248 370 1289 Optimam
386 1248 623 1278 conscientiam.
635 1247 675 1278 In
687 1247 785 1279 Rom.

116 1299 244 1332 omissa
263 1307 356 1332 sunt.
376 1299 421 1331 H.
443 1319 488 1324 -
510 1298 728 1344 Negligentia
747 1299 788 1331 li-

116 1351 223 1384 brarii
242 1352 331 1395 (nisi
349 1351 457 1397 ipsius
479 1351 666 1397 typothetae
686 1351 789 1396 culpa

117 1407 209 1449 est),
228 1407 327 1451 cujus
348 1403 440 1436 oculi
460 1416 478 1436 a
498 1404 613 1448 priore
635 1406 789 1446 optimam

117 1456 162 1489 ad
182 1457 354 1503 posterius
381 1456 595 1489 aberrarent.
617 1456 708 1489 Fons
732 1455 789 1489 hic

116 1508 325 1542 mendorum
336 1509 546 1541 uberrimus.
556 1510 790 1552 S.-—Pi37zora.

116 1564 256 1606 Pignera
288 1563 383 1595 Cort.
411 1574 522 1595 casce.
541 1562 669 1607 Tetigit
700 1563 791 1595 Lau-

116 1614 319 1660 renbergius
352 1614 535 1660 Antiquar.
563 1628 599 1660 p.
631 1617 709 1648 206.
735 1615 790 1648 Cf.

117 1667 256 1701 Nolten.
277 1667 394 1701 Lexic.
413 1668 596 1700 Antibarb.
617 1668 685 1701 col.
712 1669 789 1709 137.

117 1718 272 1753 Ridicule
284 1721 377 1754 Beda
391 1719 434 1753 de
447 1720 710 1766 Orthographia
724 1721 790 1754 col.

121 1773 206 1813 2341
224 1797 233 1813 ,
248 1772 303 1806 ed.
320 1773 461 1806 Putsch.
480 1785 487 1806 :
503 1776 653 1817 Pignera,
668 1787 793 1806 rerum:

119 1828 431 1871 Pignora,filioram
445 1836 475 1857 et
486 1825 791 1870 ajj'ectiorzum.Vid.

119 1878 214 1911 Cort.
244 1878 424 1912 Dissertat.
453 1878 496 1911 de
518 1891 583 1911 usu
611 1879 793 1924 orthogra-

118 1931 206 1976 phiae
225 1931 338 1964 latinae
357 1944 434 1977 cap.
455 1932 532 1972 ΠΙ,
552 1932 626 1974 §.8
639 1956 647 1971 ,
670 1944 705 1977 p.
725 1932 766 1964 82
782 1957 791 1972 ‚

120 1984 175 2018 ed.
193 1985 329 2018 Harles.
351 1985 386 2018 S.

168 2046 198 2075 4.
225 2040 334 2070 Precia
358 2040 500 2070 vivendi.
522 2039 585 2070 Res
602 2037 667 2070 illae
686 2063 694 2077 ‚
712 2051 794 2083 pro-

120 2098 194 2136 pter
207 2102 292 2135 quas
307 2102 419 2136 operae
433 2090 583 2135 pretium
599 2091 641 2123 sit
657 2091 772 2123 vivere
783 2116 792 2132 ,

120 2151 159 2176 ut
184 2143 393 2176 conscientia
407 2168 417 2184 ‚
442 2144 537 2176 fama
549 2168 558 2185 ‚
585 2143 771 2176 auctoritas
783 2168 792 2184 ‚

121 2203 153 2228 ct
169 2208 256 2240 quas
273 2196 357 2228 alias
374 2195 516 2229 vivendi
534 2209 673 2229 caussas
688 2196 794 2241 paulo

121 2256 223 2281 antea
245 2257 589 2282 commemoraverat.
618 2250 659 2282 E.
683 2271 727 2274 —
755 2254 796 2281 lic

123 2301 224 2341 ipfflm
241 2303 473 2341 praedicantem
492 2304 675 2334 audiebam.
693 2303 792 2334 Rom.

123 2362 159 2383 ut
181 2354 282 2395 ipsam
306 2355 498 2390 audiebam,
524 2354 639 2387 medio
662 2355 768 2387 verbo
786 2379 794 2394 ‚

117 2407 351 2448 praedicantem
363 2431 371 2445 ‚
390 2405 540 2438 excluso.
557 2406 601 2439 H.
618 2407 796 2439 —Exclu-

159 2535 169 2545 ⁶
187 2536 227 2560 Ita
246 2536 295 2569 leg.
314 2545 372 2561 cum
393 2537 496 2570 Toupio
516 2543 541 2561 et
559 2536 625 2561 aliis.
648 2538 714 2562 Male
728 2537 803 2570 vulgo
820 2529 864 2572 οἷς
877 2561 885 2575 ,
902 2538 1053 2564 confusione
1072 2540 1205 2565 literarum
1221 2548 1259 2565 sat
1275 2541 1420 2574 frequenti,
1440 2542 1472 2565 de
1491 2552 1542 2575 qua

123 2587 256 2612 Porsonus
270 2589 301 2612 ad
314 2588 432 2621 Euripid.
446 2589 512 2613 Med.
522 2598 546 2612 v.
558 2590 597 2618 44.
614 2589 688 2613 Locis
701 2599 714 2612 a
727 2590 784 2613 viro
797 2591 888 2614 eximio
898 2594 1012 2617 tractatis
1025 2593 1127 2617 accedat
1134 2592 1297 2618 Herodoteus
1311 2593 1356 2619 lib.
1369 2594 1431 2625 VII,
1441 2605 1459 2620 c.
1477 2596 1524 2620 156
1535 2614 1542 2624 ‚

124 2640 168 2663 uhi
187 2646 254 2664 certa
270 2640 449 2665 emendatione
470 2642 559 2674 scripsi

321 2792 359 2831 J.

854 1244 941 1279 dunt
954 1253 986 1277 et
1001 1245 1058 1278 alii
1074 1244 1163 1277 libri.
1176 1244 1283 1277 Male.
1298 1245 1333 1277 S.
1344 1265 1390 1268 -κ
1402 1246 1533 1276 Patrius

855 1300 906 1330 hic
937 1300 993 1330 illi.
1017 1296 1167 1330 Videtur
1200 1297 1313 1329 tacitae
1346 1296 1532 1341 suspicioni

855 1362 1053 1389 occurrere,
1064 1363 1172 1395 quum
1185 1349 1342 1395 podagra
1358 1357 1390 1382 et
1405 1350 1533 1382 similes

855 1404 967 1436 morbi
981 1403 1255 1448 intemperantiae
1270 1415 1359 1448 saepe
1373 1403 1534 1435 circaVc-

856 1468 972 1489 nerem
996 1463 1027 1488 et
1046 1455 1226 1488 Bacchum
1248 1455 1348 1501 quasi
1368 1455 1533 1488 satellites

857 1509 937 1542 sint.
955 1510 1006 1541 Ne
1023 1508 1107 1554 quid
1125 1508 1229 1554 igitur
1247 1508 1290 1541 de
1308 1508 1460 1541 Corellio
1480 1521 1534 1541 co-

856 1563 1004 1608 gitemus
1013 1560 1198 1608 ejusmodi,
1208 1561 1359 1606 patrium
1371 1562 1534 1595 morbum

858 1628 930 1649 esse
946 1622 1080 1648 narrat.
1101 1615 1145 1648 G.

907 1672 936 1701 5.
949 1671 1137 1701 Sanctitate.
1149 1669 1326 1702 Castitate.
1339 1670 1395 1704 Sic
1407 1669 1535 1702 Graecis

859 1721 985 1754 dicitur
999 1724 1104 1768 ἁγνὸς,
1117 1724 1209 1769 ἁγνὸς
1221 1724 1349 1769 γάμων,
1361 1724 1534 1769 ἁγνολεχῆς

859 1774 1058 1818 (Ruhnken.
1073 1774 1116 1807 ad
1126 1775 1295 1807 Timaeum
1308 1800 1317 1815 ‚
1329 1788 1363 1820 p.
1381 1776 1458 1808 133.
1472 1776 1534 1817 a..)

859 1827 1045 1873 AEschylus
1060 1826 1226 1860 dramatis
1241 1828 1381 1874 satyrici
1396 1828 1536 1861 licentia

860 1879 954 1925 apud
969 1880 1117 1913 Lucian.
1130 1881 1172 1914 T.
1188 1881 1223 1913 ΙΙ
1237 1906 1246 1921 ,
1262 1894 1296 1926 p.
1316 1882 1380 1922 457
1403 1887 1534 1928 εμηρῶν

861 1948 895 1968 τε
912 1938 975 1967 τῶν
992 1939 1055 1967 σῶν
1074 1934 1207 1974 εὐσεὲἢς
1224 1936 1344 1980 ὁμιλία.
1359 1934 1439 1967 coll.
1455 1934 1537 1967 Por-

860 1998 946 2018 sono
966 1984 1011 2018 ad
1030 1986 1191 2031 Euripid.
1218 1986 1313 2019 Med.
1330 2000 1365 2020 v.
1392 1988 1472 2031 750.
1499 1987 1534 2020 S.

861 2059 906 2063 -—-
927 2041 1048 2080 Quoad
1057 2041 1174 2071 ‘m'riclis
1190 2050 1280 2072 cetas-
1297 2040 1387 2073 Nota
1401 2039 1536 2072 Horatii

859 2103 925 2124 vox
953 2102 960 2123 ε
989 2094 1064 2123 dum
1090 2094 1200 2124 virent
1220 2106 1329 2136 genua
1339 2119 1348 2131 ,
1377 2105 1538 2138 expressa

858 2143 918 2176 illa
936 2156 976 2176 ex
994 2144 1200 2178 Theocritea
1220 2145 1313 2192 Idyl.
1335 2146 1434 2185 XIV,
1463 2158 1504 2187 70
1527 2157 1534 2177 :

861 2193 930 2238 εἶς’)
956 2199 1031 2244 γόνυ
1058 2200 1191 2245 χλωρόν.
1215 2198 1300 2231 Vid.
1327 2199 1536 2232 Valckenar.

860 2251 971 2295 Epist.
984 2249 1028 2282 ad
1039 2251 1089 2283 M.
1102 2252 1299 2292 Roevermn,
1310 2264 1345 2297 p.
1361 2253 1535 2297 24.Toup.

861 2303 945 2335 Cur.
955 2302 1046 2335 Post.
1062 2303 1097 2335 in
1107 2302 1257 2337 Theocr.
1271 2317 1305 2349 p.
1323 2307 1364 2337 26
1377 2329 1385 2345 ,
1398 2305 1536 2337 Mitsch.

862 2353 907 2387 ad
920 2354 1095 2389 Horat.T.
1110 2357 1145 2388 II
1160 2381 1168 2396 ‚
1186 2369 1220 2401 p.
1239 2358 1318 2401 587.
1331 2358 1365 2390 S.
1381 2378 1426 2381 -—
1438 2356 1538 2390 Adde

863 2410 963 2452 μέλεα
978 2409 1093 2456 χλοερὰ
1107 2409 1239 2442 Theoe.
1256 2410 1391 2442 XXVII
1403 2435 1411 2450 ‚
1427 2413 1484 2443 66.

583 2651 588 2664 τ
609 2637 662 2670 καὶ
684 2638 760 2671 ἔσαν
781 2639 807 2671 οἱ
829 2639 941 2673 πάντα.
963 2642 995 2674 αἱ
1010 2641 1221 2686 Συρήκουσαι.
1243 2646 1286 2671 Sic
1310 2647 1413 2672 Lucian.
1428 2648 1456 2672 Τ.
1480 2648 1540 2674 ΙΙΙ.

127 2702 152 2724 p.
171 2693 236 2724 469,
253 2689 305 2723 καὶ
330 2690 355 2722 οἱ
377 2691 490 2723 πάντα.
508 2688 687 2733 Κομὲοἱὲος
704 2688 754 2726 ἦν.
776 2695 804 2719 In
820 2696 885 2722 hanc
902 2693 1102 2739 παρέκῖασιν
1117 2717 1127 2734 ,
1147 2699 1219 2732 cujus
1236 2699 1306 2722 venia

126 2742 246 2773 leviores,
262 2754 301 2768 mc·
318 2746 419 2770 deflexit
439 2746 652 2772 Mitschertichins
667 2749 697 2771 ad
715 2748 832 2773 Hor-'nitu

1311 2708 1334 2722 m
1358 2700 1424 2733 aequi
1445 2699 1540 2721 dabunt

835 2759 850 2773 n
865 2750 1002 2774 Theocrito
1021 2752 1102 2775 minus
1121 2758 1251 2784 perspecte
1266 2757 1348 2774 utens.
1362 2752 1389 2774 S.

1321 2796 1344 2816 9

1321 2816 1346 2840 d

1557 1050 1575 1080 <a
