1757 2880
277 158 366 236 o.
429 159 809 239 PLINII
871 159 1395 284 CAECILII-

634 368 1002 421 SECUNDI

150 544 1489 659 EPISTOLARUM

486 801 752 857 LIBER
799 801 1152 858 PRIMUS.

790 1101 835 1155 Ι.

117 1226 283 1276 Septicio
309 1225 562 1275 Epistolarum
587 1238 683 1273 opus
699 1254 708 1271 ,
735 1225 902 1274 ejusdem
929 1226 1084 1262 hortatu
1109 1227 1334 1274 collectum,
1362 1229 1523 1266 dedicat.

170 1286 386 1336 Repetituin
403 1285 511 1321 amici
525 1285 742 1331 consilium,
763 1286 987 1335 obsequium
1006 1301 1133 1333 suum,
1148 1289 1307 1326 instituti
1321 1291 1526 1337 rationem,

168 1356 299 1384 votum
324 1347 475 1395 utrique
498 1359 717 1392 commune,
742 1360 884 1383 novum
913 1347 1076 1397 denique
1102 1349 1331 1398 promissum
1353 1352 1523 1402 exponit.

168 1411 213 1445 In
233 1420 378 1444 summa
396 1407 582 1444 brevitate
595 1409 801 1455 perspicue
820 1408 967 1458 singula
984 1410 1163 1459 exprimit
1185 1420 1222 1447 et
1233 1415 1366 1460 plene.
1386 1416 1454 1450 En.

260 1543 296 1572 c.
335 1543 550 1572 PLINIUS
585 1543 856 1572 SECUNDUS
892 1544 1134 1575 SEPTICIO
1160 1531 1178 1550 '⁴‘
1215 1548 1312 1577 suo
1347 1548 1379 1577 s.

121 1633 500 1712 FREQUENTER
530 1660 731 1704 hortatus
760 1677 826 1715 es,
855 1671 903 1705 ut
934 1662 1168 1722 epistolas,
1196 1666 1228 1707 si
1257 1682 1364 1725 quas
1393 1667 1526 1727 paulo

121 1734 363 1777 accuratius
392 1733 677 1793 scripsissem,
707 1733 958 1794 colligerem
988 1735 1360 1798 publicaremque.
1382 1740 1530 1784 Colle-

121 1808 185 1867 gi,
214 1823 302 1849 non
337 1815 507 1849 servato
533 1808 742 1866 temporis
774 1806 954 1860 ordine3
981 1824 1124 1867 neque
1153 1811 1268 1852 enirn
1302 1810 1529 1856 historiam

120 1879 437 1939 componebam
455 1916 465 1934 ,
499 1879 571 1922 sed
601 1889 648 1922 ut
673 1896 855 1940 quaeque
882 1880 927 1922 in
958 1896 1113 1924 manus
1139 1892 1332 1927 venerat.
1363 1886 1527 1945 Super·
1557 1916 1562 1923 ·

120 1962 203 2006 est,
221 1961 269 1994 ut
291 1968 371 1996 nec
394 1961 435 1994 te
457 1951 650 2005 consilii,
673 1969 753 1996 nec
770 1969 839 1996 me
858 1952 1068 2012 poeniteat
1090 1953 1299 2015 obsequii.
1322 1958 1387 2000 Ita
1411 1958 1530 2001 enim

122 2023 217 2077 fiet,
251 2034 300 2068 ut
337 2041 407 2068 eas
425 2060 435 2078 ,
462 2042 557 2086 quae
584 2026 727 2069 adhuc
766 2025 974 2086 neglectae
998 2028 1170 2087 jacent,
1204 2030 1425 2089 requiram
1449 2048 1458 2075 :
1487 2041 1530 2075 et

122 2098 155 2139 si
188 2113 294 2156 quas
321 2097 550 2152 addidero,
570 2114 659 2141 non
688 2100 974 2159 supprimam.
992 2098 1117 2143 Vale.

168 2216 197 2248 I.
209 2217 223 2231 *
234 2216 398 2261 Septicius
408 2217 543 2258 Clarus,
553 2218 658 2251 frater
674 2218 791 2250 Erucii

124 2267 235 2307 Clari,
255 2268 346 2301 Sexti
363 2269 479 2302 Erucii
500 2270 711 2310 avunculus,
731 2271 791 2316 qui

124 2332 243 2353 omnes
263 2320 415 2354 Plinium
435 2322 591 2354 certatim
611 2323 788 2356 amabant.

122 2372 247 2405 Putant
268 2384 340 2404 esse
362 2372 521 2425 eqdem
547 2387 650 2419 quem
669 2374 792 2408 Adria-

124 2436 187 2456 nus
213 2424 414 2469 praefectum
433 2425 512 2458 fecit
530 2428 690 2471 praetorio
704 2452 712 2467 ‚
733 2427 791 2460 fed

124 2483 155 2509 et
174 2488 252 2509 mox
272 2477 421 2522 privavit
438 2490 477 2510 ea
491 2477 670 2523 dignitate.
697 2479 759 2511 En.

176 2541 204 2561 1.
221 2531 255 2560 Si
279 2542 357 2572 quas
370 2533 472 2572 paulo
493 2534 685 2563 accuratius.
703 2531 794 2564 Bene

125 2587 263 2613 tuentur
290 2581 369 2614 VV.
403 2582 476 2614 DD.
508 2585 535 2614 si
559 2596 651 2625 quas.
680 2582 792 2616 Codd.

124 2632 224 2664 Bodl.
260 2641 291 2665 et
323 2633 489 2678 Excerpta
519 2634 674 2667 Brutum.
706 2636 793 2668 male

323 2692 352 2732 Ῑ.

856 2232 946 2261 quas.
967 2219 1018 2252 Ita
1038 2220 1152 2252 Latini
1172 2220 1215 2253 ad
1234 2222 1435 2255 Graecoruin
1456 2237 1529 2256 mo-

855 2283 929 2303 rein
947 2296 955 2310 ,
975 2284 1124 2317 quorum
1144 2273 1178 2306 in
1200 2274 1296 2307 libris
1314 2278 1342 2310 εἴ
1370 2291 1416 2315 τις
1437 2277 1531 2310 simi-

856 2324 933 2356 liter
947 2324 984 2356 in
1001 2327 1032 2364 ὅς
1047 2340 1092 2365 τις
1110 2338 1196 2372 saepe
1211 2326 1436 2373 depravatum
1451 2330 1528 2363 fuit.

857 2377 890 2410 S.
909 2397 951 2401 -
967 2378 1007 2410 In
1022 2379 1120 2411 Rom.
1137 2379 1260 2423 legitur
1276 2392 1283 2411 :
1299 2382 1327 2411 si
1338 2394 1418 2422 quas
1428 2386 1531 2424 paulo

858 2442 935 2460 cura
951 2432 1073 2473 majore
1087 2432 1170 2473 (uon
1189 2434 1346 2470 curatius,
1363 2440 1398 2464 ut
1416 2437 1532 2480 vulgo)

858 2483 1056 2524 scripsissem,
1068 2490 1104 2514 ut
1117 2484 1257 2516 Col‘fius
1268 2483 1386 2517 edidit.
1399 2487 1532 2521 -—Mox

860 2533 894 2565 iu
917 2534 1036 2567 eadem
1059 2547 1065 2567 ε
1093 2538 1150 2566 secl
1167 2546 1201 2567 ut
1219 2549 1352 2578 qnoeque
1368 2539 1399 2568 in
1419 2552 1529 2571 mamm

859 2597 1017 2618 venerant
1028 2612 1035 2624 ,
1049 2594 1086 2619 ut
1104 2587 1231 2620 Bartliii
1251 2587 1368 2621 codex.
1384 2589 1429 2622 H.

911 2651 940 2670 2.
961 2642 1000 2670 Ut
1013 2652 1079 2672 eas.
1098 2639 1216 2672 Malim
1230 2649 1264 2671 ut
1277 2647 1309 2673 et
1324 2655 1387 2673 eas.
1403 2642 1436 2675 S.

1320 2713 1328 2739 l
