1742 2989
627 201 970 245 EPISTOLA
1005 196 1088 245 [X.
1444 206 1537 261 405

132 280 426 341 splendorque
452 279 709 336 verborum,
737 283 862 343 copia
891 283 1155 344 figurarum,
1177 287 1238 329 vis
1266 287 1537 347 explicandi,

131 364 342 415 praeterea
364 354 609 398 imitatione
631 357 898 416 optimorum
916 357 1071 400 similia
1090 358 1338 403 inveniendi
1361 361 1540 417 facultas

129 437 334 486 paratur:
374 426 502 470 simul
530 445 626 488 quae
653 429 865 490 legentem
895 430 1167 486 fefellissent,
1205 434 1539 479 transferentem

129 499 280 560 fugere
293 516 382 542 non
399 511 599 559 possunt.
618 502 915 563 Intelligentia
933 519 985 546 ex
1001 504 1084 547 hoc
1099 515 1141 547 et
1157 506 1371 565 judicium
1389 508 1540 568 adqui-

130 573 255 616 ritur.
284 572 405 616 Nihil
429 573 645 630 obfuerit,
671 592 766 635 quse
788 576 942 636 legeris
963 576 1198 632 hactenus,
1226 589 1273 622 ut
1294 596 1383 622 rem
1406 597 1538 641 argu-
1566 592 1584 624 3

128 656 413 706 mentumque
429 657 598 703 teneas,
620 649 742 708 quasi
761 648 965 692 aemulum
985 650 1194 703 scribere,
1214 650 1421 712 lectisque
1437 669 1538 696 con-

127 718 262 775 ferre,
290 735 339 762 ac
363 719 514 763 sedulo
536 721 777 780 pensitare,
806 722 911 782 quid
934 732 1002 778 tu,
1028 723 1133 783 quid
1151 723 1221 767 ille
1241 726 1535 771 commodius:

126 811 285 854 magna
301 795 558 856 gratulatio,
577 797 715 840 sinon
731 797 849 841 nulla
867 807 936 853 tu3
955 815 1141 858 magnus
1156 799 1317 860 pudor,
1333 802 1366 843 si
1381 812 1541 845 cuncta

127 865 198 910 ille
213 866 379 911 melius.
396 868 567 911 Licebit
582 870 803 913 interdum
820 880 862 914 et
875 872 1100 915 notissima
1117 872 1299 933 eligere,
1316 883 1359 916 et
1372 884 1539 918 certare
1567 883 1585 919 [i

127 956 225 983 cum
242 939 400 984 electis.
422 941 577 985 Audax
591 942 682 986 haec
696 977 707 997 ,
727 960 815 986 non
831 953 976 987 tamen
996 945 1217 1005 improba,
1236 946 1340 1005 quia
1354 957 1518 990 secreta
1532 984 1542 1003 ,

127 1013 353 1056 contentio
371 1030 379 1056 :
396 1019 666 1074 quamquam
682 1015 843 1059 multos
856 1016 1052 1060 videmus
1068 1017 1283 1077 ejusmodi
1300 1021 1541 1062 certamina

72 1125 76 1128 ,
127 1085 207 1128 sibi
223 1102 322 1129 cum
337 1085 475 1130 multa
491 1086 618 1130 laude
633 1089 866 1148 sumpsisse
880 1125 890 1145 ,
915 1106 1112 1150 quosque
1126 1091 1332 1150 subsequi
1346 1092 1448 1134 satis
1462 1091 1538 1133 ha-

126 1156 310 1211 bebant,
333 1158 437 1202 dum
459 1176 550 1204 non
573 1160 829 1221 desperant,
854 1164 1146 1207 antecessisse.
1170 1164 1340 1207 Poteris
1362 1173 1422 1218 et,
1444 1180 1539 1224 quae
1567 1173 1584 1202 5

125 1228 304 1285 dixeris,
332 1241 429 1291 post
457 1231 721 1276 oblivionem
750 1244 1010 1289 retractare,
1032 1235 1167 1279 multa
1191 1237 1396 1291 retinere,
1414 1236 1540 1296 plura

125 1303 416 1359 transire,alia
431 1305 842 1362 interscribere,alia
854 1308 1104 1351 rescribere.
1122 1309 1413 1352 Laboriosum
1425 1308 1540 1352 istud
1566 1321 1586 1349 6

125 1384 168 1418 et
196 1376 323 1420 taedio
347 1377 546 1437 plenum,
573 1379 647 1422 sed
668 1379 927 1425 difficultate
951 1383 1043 1442 ipsa
1065 1381 1364 1437 fructuosum,
1388 1381 1542 1426 recale-

125 1463 244 1492 scere
256 1466 307 1492 ex
318 1450 503 1511 integro,
515 1462 558 1495 et
569 1469 786 1496 resumere
796 1454 1009 1514 impetum
1026 1455 1213 1498 fractum
1226 1457 1537 1515 omissumque:

124 1531 371 1582 postremo,
408 1540 523 1568 nova
550 1525 670 1568 velut
695 1527 893 1570 membra
921 1538 1098 1587 peracto
1126 1529 1301 1588 corpori
1325 1529 1540 1583 intexere,

123 1611 205 1638 nec
224 1605 369 1639 tamen
388 1597 536 1656 priora
557 1597 749 1641 turbare.
778 1600 876 1642 Scio
909 1616 1029 1643 nunc
1050 1600 1128 1644 tibi
1155 1617 1243 1643 esse
1268 1601 1538 1660 praecipuum
1568 1620 1584 1649 7

125 1667 321 1712 studium
342 1670 518 1723 orandi3
548 1671 619 1714 sed
648 1688 738 1715 non
763 1673 859 1716 ideo
885 1689 1057 1734 semper
1081 1690 1326 1733 pugnacem
1354 1674 1471 1717 hunc
1497 1684 1540 1717 et

126 1740 251 1799 quasi
276 1739 555 1785 bellatorium
582 1742 729 1786 stilum
761 1746 984 1788 suaserim.
1018 1748 1079 1789 Ut
1106 1746 1222 1788 enim
1254 1755 1378 1788 terrae
1406 1746 1538 1790 variis

125 1813 392 1873 mutatisque
412 1815 672 1870 seminibus,
700 1817 759 1860 ita
781 1819 956 1878 ingenia
977 1828 1124 1862 nostra
1147 1835 1264 1861 nunc
1285 1819 1367 1862 hac
1382 1855 1392 1874 ,
1418 1836 1538 1863 nunc

126 1882 196 1927 illa
208 1884 493 1929 meditatione
503 1887 888 1933 recoluntur.Volo
900 1891 1119 1935 interdum
1132 1891 1320 1951 aliquem
1334 1908 1385 1935 ex
1397 1892 1535 1935 histo·
1562 1904 1581 1935 8

153 2030 157 2031 ⁷
174 2030 205 2050 2.
217 2020 434 2060 Splendorque'
444 2021 625 2052 verborum.
637 2021 679 2052 In
692 2020 799 2065 splen·
864 2023 957 2054 enim
975 2030 1023 2055 est
1044 2024 1131 2056 notis
1147 2031 1179 2055 et
1200 2024 1442 2056 communibus
1460 2025 1536 2056 sub-

125 2067 209 2102 dore
230 2077 267 2101 ut
285 2070 476 2115 cogitemus
498 2071 685 2115 quamdam
705 2074 798 2118 puri·
863 2075 1003 2107 stituerc
1022 2076 1231 2108 abstrusiora
1253 2075 1410 2121 quaedam
1434 2084 1466 2109 et
1489 2084 1535 2109 ta-

125 2129 230 2154 tatem
240 2130 272 2154 et
282 2121 484 2167 dignitatem
495 2149 503 2164 ‚
518 2136 593 2169 quae
606 2125 650 2158 ad
666 2126 798 2171 elegan-
864 2140 941 2159 men
966 2126 1085 2160 eadem
1106 2128 1258 2173 propria.
1276 2128 1330 2161 Sic
1354 2128 1534 2161 difficilius

124 2174 222 2214 tiam,
234 2173 406 2208 delectum
419 2184 449 2208 et
460 2185 622 2210 ornatum
635 2179 797 2223 pertinet,
864 2187 913 2212 est
949 2190 1071 2211 certare
1105 2193 1174 2211 cum
1216 2182 1335 2217 electis,
1368 2187 1531 2224 tanquam

123 2227 318 2271 asperitati,
332 2235 365 2260 et
379 2228 483 2261 veluti
498 2229 657 2263 sordibus
670 2256 678 2270 ‚
693 2239 797 2276 utque
863 2232 1105 2276 pulcherrimis
1120 2232 1248 2265 scilicet
1258 2257 1266 2272 ‚
1277 2240 1308 2265 et
1324 2245 1392 2264 non
1407 2240 1533 2265 temere

122 2279 309 2324 inquinatae
335 2281 461 2313 rationi
491 2281 630 2315 dicendi
659 2293 796 2316 contra·
863 2284 1081 2330 superandis.
1099 2285 1142 2318 G.

123 2332 230 2371 riam,
253 2344 328 2377 quae
353 2333 467 2365 verbis
491 2334 655 2376 exilibus,
682 2337 796 2368 miuus
911 2349 942 2381 7.
969 2340 1102 2370 Grandi.
1126 2337 1207 2371 Scil,
1231 2350 1369 2371 caussas
1393 2336 1529 2382 agendi.

124 2384 276 2417 suaviter
304 2385 527 2426 sonantibus,
555 2386 700 2428 hiulcis,
730 2397 793 2421 etc.
863 2391 951 2423 Nam
974 2389 1065 2435 apud
1090 2399 1222 2424 veteres
1241 2403 1334 2421 orare
1351 2389 1531 2422 dicebatur

123 2436 230 2469 tribui
247 2436 354 2476 solet,
377 2444 531 2470 veterum
553 2451 634 2471 usus
653 2452 716 2472 nos
737 2440 797 2473 ad·
863 2454 926 2487 pro
940 2442 1134 2485 ageravid.
1151 2443 1246 2475 Clav.
1263 2442 1336 2475 Cic.
1349 2442 1384 2473 li.
1402 2455 1434 2475 v.
1447 2442 1482 2475 S.

124 2496 241 2522 monet
253 2513 261 2528 ,
272 2488 315 2521 de
328 2501 398 2534 quo
412 2490 586 2534 copiosius
601 2491 749 2525 diximus
761 2493 796 2525 in
911 2495 942 2526 8.
965 2494 1057 2539 [Volo
1074 2494 1247 2539 car-mina].
1266 2494 1403 2526 Inclusa
1418 2502 1496 2526 sunt
1511 2508 1530 2527 a

124 2541 290 2574 Technol.
303 2541 398 2575 Rhet.
412 2542 486 2574 Lat.
498 2555 574 2587 pag.
585 2543 664 2583 368,
674 2557 746 2590 sqq.
757 2546 794 2578 E.
863 2546 980 2580 Cortio
990 2548 1108 2586 verba,
1120 2558 1194 2592 quae
1206 2547 1328 2578 absunt
1339 2546 1382 2578 ab
1393 2546 1530 2590 optimis

174 2602 207 2632 4.
221 2597 397 2626 Notissima
412 2597 534 2637 eligere.
553 2599 725 2628 ‚Notissima
741 2601 796 2629 eli·
863 2599 959 2633 libris
970 2625 978 2639 ,
994 2608 1025 2632 et
1041 2600 1098 2632 hic
1114 2612 1182 2631 non
1203 2598 1405 2631 neccssaria.
1425 2598 1528 2638 Quod

123 2660 216 2689 gere,
234 2655 271 2680 Ut
292 2659 332 2680 eo
354 2648 463 2692 magis
480 2648 729 2682 elaborandum
754 2650 796 2682 sit
862 2653 954 2685 enim
964 2666 1067 2695 prope
1080 2654 1216 2694 poetic-(e
1234 2652 1452 2693 clescripti'om's
1473 2664 1528 2681 ne-

126 2698 161 2731 in
196 2699 362 2734 varianda
402 2701 582 2741 orationc;
619 2702 795 2737 difficilius
862 2708 990 2738 cessitas
1004 2712 1234 2744 memoratur,
1251 2702 1334 2735 illud
1353 2701 1454 2735 modo
1470 2715 1527 2747 per
