1742 2989
580 215 924 257 EPISTULA
960 215 1103 256 VIII.
1477 209 1557 255 165

160 315 235 359 per
256 308 296 342 te
320 297 478 340 videre.
506 298 659 356 Neque
680 297 797 339 enim
819 312 908 340 esse
928 311 1175 356 congruens
1192 294 1404 349 arbitror,
1430 311 1559 355 quem

157 386 317 431 augere
357 368 658 432 [honoribus]
693 370 870 429 cupias,
915 369 1018 413 huie
1048 368 1221 429 pietatis
1260 367 1409 411 titulos
1447 369 1561 410 invi-

157 443 284 498 dere,
325 443 400 503 qui
438 451 540 486 sunt
571 442 774 485 omnibus
811 442 1052 485 honoribus
1090 440 1379 502 pulchriores.
1419 439 1560 483 Video
1589 449 1605 464 '³

157 516 312 570 etiam,
341 531 474 576 quum
512 516 566 558 sit
596 515 822 576 egregium
856 524 898 558 et
930 514 1086 558 mereri
1117 513 1330 557 beneficia
1361 521 1404 555 et
1435 511 1561 565 dare,

158 598 389 649 utramque
417 597 459 631 te
486 587 658 632 laudem
686 587 814 632 simul
842 587 1186 649 adsequuturum
1205 622 1216 640 ‚
1243 587 1297 642 si,
1324 585 1442 647 quod
1470 586 1562 646 ipse

157 661 381 716 meruisti,
410 659 505 705 aliis
536 662 717 705 tribuas.
752 663 964 705 Praeterea
998 660 1195 722 intelligo
1214 695 1225 715 ,
1251 659 1361 703 mihi
1387 675 1561 719 quoque

157 733 304 795 gloriae
345 734 465 789 fore,
493 735 526 778 si
563 751 612 778 ex
642 735 727 778 hoc
768 744 843 778 tuo
884 734 998 778 facto
1035 750 1125 777 non
1162 732 1293 776 fuerit
1336 732 1561 792 ignotum,

156 809 317 852 amicos
349 825 469 852 meos
506 825 599 853 non
631 825 780 870 gerere
810 818 982 852 tantum
1021 808 1272 851 tribunatus
1304 821 1457 866 posse,
1484 821 1560 847 ve-

155 898 252 924 rum
280 882 411 925 etiam
438 881 557 926 dare.
591 882 743 939 Quare
769 897 850 942 ego
876 897 980 925 vero
1006 880 1322 924 honestissimae
1345 877 1558 921 voluntati

156 964 238 998 tuae
262 971 396 1015 pareo
425 972 433 999 :
462 971 605 1016 neque
631 956 748 999 enim
774 955 918 999 adhue
946 970 1108 997 nomen
1136 953 1179 996 in
1210 968 1416 996 numeros
1448 951 1561 994 rela-

155 1036 247 1070 tum
281 1037 367 1083 est;
391 1028 578 1089 ideoque
604 1027 790 1072 liberum
822 1037 887 1071 est
914 1028 1040 1071 nobis
1075 1026 1299 1071 Silvanum
1336 1026 1379 1068 in
1416 1024 1559 1068 locum

155 1110 279 1145 tuum
308 1102 492 1146 subdere
517 1118 526 1146 ε
556 1103 625 1145 cui
656 1102 787 1163 cupio
816 1112 902 1145 tam
927 1111 1100 1162 gratum
1123 1116 1211 1143 esse
1230 1115 1392 1142 munus
1411 1107 1535 1141 tuum
1553 1133 1562 1149 ,

156 1190 286 1234 quam
317 1175 393 1218 tibi
425 1191 570 1218 meum
599 1184 676 1219 est.
704 1174 827 1219 Vale.

204 1316 234 1334 2.
253 1306 380 1345 Angere
406 1303 617 1347 [honoribus]
634 1303 738 1335 Abest
765 1314 824 1347 po-

156 1355 275 1388 sterior
301 1368 365 1388 vox
388 1355 423 1388 iu
448 1354 605 1388 Mediceo
633 1354 773 1394 codice,
793 1362 825 1387 et

155 1407 335 1442 commode
374 1416 486 1454 potest
528 1409 660 1441 abesse.
697 1412 824 1451 Aug-ere

154 1461 245 1494 enim
259 1486 267 1501 ,
288 1469 325 1493 ut
342 1462 452 1503 ἀέξειν,
469 1460 571 1494 etiam
587 1473 695 1506 quum
712 1461 822 1493 solum

154 1521 203 1547 est
219 1539 228 1553 ‚
242 1514 384 1547 honoris
400 1522 430 1547 et
446 1513 683 1559 amplitudinis
703 1513 824 1559 adjun-

154 1574 244 1599 ctam
257 1566 434 1600 notionem
449 1566 649 1600 habet.Vid.
666 1566 820 1599 Cortium

154 1619 209 1652 hic
224 1644 232 1659 ‚
256 1626 288 1652 et
306 1618 349 1652 ad
367 1619 450 1653 Sall.
474 1620 552 1664 Jug.
567 1619 745 1652 LXXXVI
760 1645 769 1659 ‚
789 1621 820 1653 3.

155 1673 204 1704 Ne
226 1679 341 1704 tamen
363 1671 465 1717 plane
491 1684 566 1704 eam
590 1685 708 1705 vocem
732 1672 821 1705 dele-

155 1737 249 1764 rem,
278 1724 358 1757 fecit
371 1749 379 1763 ‚
412 1724 506 1768 quod
547 1725 718 1769 sequitur,
761 1728 823 1767 Qui

154 1787 227 1808 sune
244 1779 386 1808 omnibus
407 1776 597 1809 honoribus
610 1780 819 1819 pulchriores.

113 1857 119 1863 .
154 1828 196 1861 G.
218 1828 355 1861 —-Mox
370 1829 404 1861 in
422 1828 537 1861 multis
556 1830 650 1863 MSS.
672 1837 703 1862 et
723 1829 821 1863 editis

154 1882 277 1926 legitur
293 1884 410 1919 titulis,
430 1881 525 1927 quod
545 1889 577 1914 et
592 1882 759 1927 Gierigius
775 1896 828 1915 ex-

155 1934 285 1978 pressit.
301 1935 340 1966 Ε.
354 1955 400 1958 —-
413 1935 510 1967 Rom.
533 1937 632 1976 Quem
645 1948 763 1978 augere
776 1949 828 1967 cu-

152 1990 236 2029 pias.
262 1988 339 2020 Non
369 1986 527 2033 adjicitur
564 1989 735 2019 honoribus
754 2014 764 2027 ‚
791 1996 826 2020 ut

153 2040 270 2085 wulgo.
290 2039 421 2073 Eadem
441 2052 449 2072 ε
471 2042 543 2072 Ιιιιὶσ
566 2043 701 2083 pielatis
727 2044 825 2074 titulis

156 2095 311 2131 itzvidere,
331 2101 465 2126 servato
478 2093 576 2125 Plinii
588 2106 696 2126 more.
717 2093 760 2126 H.
778 2115 823 2118 —

158 2148 337 2177 Honoribus
364 2146 451 2178 bene
483 2153 597 2178 tuetur
627 2146 822 2192 Gie1*igiuS‚

159 2210 263 2230 uncos
283 2197 373 2230 idem
397 2211 560 2231 amovens
574 2224 582 2238 ‚
603 2199 660 2244 qui
683 2212 744 2232 nec
765 2200 824 2232 Ei·-

158 2250 265 2282 aestio
287 2251 534 2295 probabantur.
556 2253 604 2284 Dc
631 2254 728 2284 titulis
753 2252 821 2285 vid.

158 2302 360 2348 Heusinger.
376 2303 419 2337 ad
434 2305 449 2336 I
464 2329 472 2344 ‚
490 2316 550 2344 10,
577 2317 586 2335 1
598 2318 612 2337 2
626 2329 633 2343 ‚
655 2305 687 2337 S.

939 1302 970 1334 3.
989 1303 1072 1332 Aliis
1087 1303 1219 1332 tribuas.
1235 1301 1331 1332 Rom.
1348 1302 1417 1331 Alii
1431 1302 1563 1331 tribuas.

891 1353 935 1385 H.
947 1373 991 1377 —
1006 1353 1110 1385 Bene.
1128 1352 1182 1385 Sic
1203 1360 1233 1384 et
1255 1352 1391 1384 Cortius
1409 1364 1449 1384 ex
1469 1351 1565 1384 libris

891 1406 1090 1450 suis‚quem
1099 1404 1272 1450 Gierigius
1283 1412 1448 1449 sequutus
1459 1404 1562 1438 est.S.

937 1479 982 1482 -—-
1002 1461 1075 1489 Non
1093 1470 1205 1501 gerere
1226 1467 1350 1489 tamum.
1372 1459 1561 1488 tribunatus.

889 1513 989 1543 Rom.
1023 1513 1097 1541 Non
1124 1522 1235 1553 gerere
1263 1519 1387 1541 tantum
1419 1511 1564 1540 tribuna-

890 1574 965 1596 tum.
986 1563 1030 1595 H.

936 1622 968 1656 [ᾗ.
986 1619 1093 1657 Quare
1110 1628 1167 1658 ego
1184 1627 1273 1646 vero.
1292 1613 1448 1646 Offendii
1465 1626 1566 1658 quos-

891 1667 971 1701 dam
985 1668 1058 1700 haec
1071 1667 1290 1713 compositio.
1302 1666 1368 1699 Sed
1383 1666 1503 1698 similis
1516 1675 1565 1699 cst

888 1727 1059 1765 iilaV111‚
1077 1726 1095 1758 8
1111 1750 1118 1764 ‚
1141 1738 1174 1770 7.
1191 1729 1394 1767 Quamquam
1409 1735 1441 1756 tu
1461 1738 1539 1756 vero
1554 1739 1564 1756 .·

888 1788 920 1812 et
940 1779 1042 1824 plane
1061 1777 1183 1811 eadem
1202 1778 1268 1817 IV,
1294 1790 1331 1822 17
1349 1802 1356 1816 ‚
1383 1790 1434 1810 11.
1458 1781 1565 1818 Quare

892 1845 948 1875 ego
964 1845 1044 1863 ‘vero
1063 1833 1228 1870 Corellioe,
1247 1838 1312 1863 etc.
1333 1830 1376 1862 G.

939 1905 984 1909 ——
1003 1888 1041 1915 In
1056 1896 1214 1916 numeros.
1230 1884 1270 1915 In
1288 1882 1483 1927 catalogum
1502 1882 1564 1913 mi-

890 1936 1002 1968 litum.
1032 1935 1121 1968 Vide
1152 1936 1309 1981 Interpp.
1343 1934 1385 1968 ad
1412 1934 1564 1968 Suetonii

892 1988 1038 2033 Vespas.
1054 1989 1118 2020 VI.
1140 1989 1180 2021 E.
1200 2009 1244 2013 —
1262 1990 1361 2020 Rom.
1386 1991 1508 2019 Nomen
1530 1989 1562 2018 in

893 2055 1023 2073 numero
1038 2044 1171 2073 relatam
1189 2051 1244 2072 est.
1262 2040 1305 2072 H.
1323 2061 1367 2064 —-
1389 2043 1492 2081 Quam
1508 2041 1567 2070 tibi

891 2108 992 2125 meum.
1017 2104 1073 2126 est.
1100 2095 1197 2125 Rom.
1230 2096 1334 2134 Quum
1361 2094 1419 2124 cibi
1440 2104 1560 2129 meum,

890 2147 960 2179 sine
985 2147 1088 2178 verbo
1113 2156 1167 2178 est.
1196 2145 1239 2177 H.
1266 2166 1310 2169 —
1336 2146 1471 2176 Numeri
1493 2156 1561 2176 non

890 2197 1383 2243 1nodo[eoho1·tesdicebamur,
1392 2196 1562 2230 sedetiam

890 2251 1063 2296 catalogus
1075 2251 1233 2290 rnilitum,
1247 2263 1348 2296 quem
1357 2249 1562 2283 recentiores

890 2304 1103 2337 iii-{triculnni
1117 2311 1293 2337 vocarunt.
1310 2303 1373 2334 F».
