1742 2989
591 191 944 234 EPISTULA
980 189 1130 230 XIII.

159 273 208 317 lis
241 282 498 327 conterunt,
529 288 579 315 ac
611 271 796 315 subinde
836 273 918 315 sibi
954 270 1149 314 nuntiari
1178 268 1361 329 jubent,
1388 286 1442 312 an
1475 269 1566 329 jam

1510 184 1565 228 Βῆ

1547 227 1558 245 Ι

159 348 364 391 recitator
385 346 634 401 intraverit,
655 362 711 388 an
731 345 890 389 dixerit
908 345 1230 406 praefationem,
1250 361 1304 388 an
1328 360 1380 386 ex
1406 360 1566 404 magna

811 429 903 462 tum
936 418 1136 471 demum,
1167 435 1217 462 ac
1250 429 1356 462 tunc
1391 434 1567 478 quoque

157 491 272 536 lente
292 502 638 553 cunctanterque
655 527 665 547 ,
683 493 866 535 veniunt
887 510 894 535 :
915 508 995 535 nec
1017 502 1164 535 tamen
1185 500 1471 552 permanent,
1494 491 1567 534 sed

156 575 256 608 ante
284 565 416 609 finem
454 565 695 621 recedunt,
726 564 799 608 alii
837 564 1163 609 dissimulanter
1200 574 1243 609 et
1279 565 1454 618 furtim,
1494 564 1564 608 alii

155 638 412 699 simpliciter
458 649 500 682 et
540 638 691 682 libere.
735 640 794 683 At
839 638 1016 683 hercule
1070 639 1283 682 memoria
1331 647 1565 700 parentum

155 711 390 756 Claudium
417 715 631 757 Caesarem
658 712 832 769 ferunt,
861 730 997 774 qumn
1024 713 1069 755 in
1094 711 1258 773 palatio
1284 713 1571 772 spatiaretur,

158 429 282 479 parte
319 418 529 462 evolverit
563 418 725 461 librum
764 436 771 462 ι

154 785 433 847 audissetque
466 786 725 841 clamorem,
745 803 943 830 caussam
974 787 1226 847 requisisse3
1247 802 1474 846 quumque
1498 785 1567 828 di-

154 869 273 903 ctum
303 871 435 913 esset,
464 861 647 904 recitare
669 861 950 913 Nonianum,
975 860 1171 903 subitum
1202 859 1405 903 recitanti
1427 859 1568 918 inopi-

152 942 395 994 natumque
419 934 599 978 venisse.
621 935 754 978 Nunc
777 934 1066 977 otiosissimus
1086 933 1276 995 quisque
1300 931 1441 976 multo
1467 942 1568 975 ante

153 1016 353 1067 rogatus,
394 1017 437 1050 et
470 1007 709 1050 identidem
745 1006 1024 1062 admonitus,
1054 1016 1130 1049 aut
1162 1022 1253 1049 non
1282 1005 1403 1049 venit
1423 1041 1434 1061 ,
1464 1014 1540 1049 aut
1559 1041 1570 1059 ,

153 1080 187 1122 si
224 1080 370 1135 venit,
396 1082 598 1141 queritur
628 1098 671 1124 se
700 1081 840 1136 diem,
867 1083 969 1141 quia
1003 1097 1093 1123 non
1125 1079 1392 1140 perdiderit,
1418 1079 1568 1140 perdi-

152 1153 275 1198 disse.
301 1153 385 1198 Sed
412 1164 535 1198 tanto
560 1155 700 1215 magis
725 1154 934 1198 laudandi
961 1152 1268 1214 probandique
1298 1162 1400 1196 sunt
1416 1188 1428 1207 ,
1459 1169 1569 1213 quos

152 1279 296 1314 audiant
312 1293 320 1314 τ
337 1281 464 1315 deinde
478 1282 505 1315 si
521 1284 691 1315 audiendis
699 1284 824 1326 fabulis

151 1333 306 1378 legamus
324 1360 332 1375 ‚
360 1348 431 1368 11011
464 1334 498 1367 id
529 1335 673 1380 intelligi
694 1360 703 1375 ,
729 1334 824 1380 quod

150 1395 272 1419 auctor
289 1387 346 1421 hic
362 1388 436 1421 vult
448 1413 456 1428 ‚
474 1388 776 1421 confabulationes
792 1396 824 1421 et

150 1439 336 1473 familiares
361 1453 536 1473 sermones
560 1441 596 1473 iu
621 1441 752 1473 circulo
776 1454 824 1473 se-

149 1490 305 1525 dentium
317 1505 325 1533 ;
339 1493 399 1526 sed
414 1493 629 1527 audientiam
644 1493 706 1527 uni
721 1493 823 1526 alicui

148 1546 307 1578 narranti
327 1546 383 1579 vel
407 1546 523 1591 agenti
542 1546 677 1579 fabulas
696 1546 822 1591 praesti-

148 1602 232 1629 tam.
251 1598 294 1631 G.
311 1619 357 1623 —
370 1599 484 1632 Potest
498 1612 580 1632 sane
595 1607 714 1632 contra
731 1599 800 1632 dici
812 1625 821 1639 ‚

148 1648 345 1694 frequentes
370 1651 448 1684 illos
470 1652 628 1685 homines
654 1665 725 1685 non
751 1664 823 1684 om-

147 1713 208 1733 nes
230 1704 384 1747 potuisse
408 1705 545 1738 fabulas
566 1718 710 1738 narrare
726 1730 735 1745 ‚
763 1704 823 1737 sed

147 1753 330 1800 plerosque
361 1769 501 1802 operam
534 1757 670 1790 dedisse
701 1758 822 1803 paucis

146 1807 356 1850 quibusdam
371 1818 493 1854 praeter
507 1818 647 1843 caeteros
660 1810 822 1854 garrulis,

147 1860 263 1905 itaque
281 1874 299 1894 a
315 1861 482 1907 pleraque
495 1871 593 1909 parte
613 1871 706 1895 recte
721 1861 825 1895 deno-

148 1913 377 1947 minationem
390 1915 478 1948 fieri.
498 1917 548 1948 Ita
561 1915 749 1960 Gierigius,
764 1916 824 1960 qui

147 1969 315 2000 audiendis
335 1967 455 2001 edidit.
469 1969 510 2001 E.
527 1989 572 1993 —
584 1969 677 2001 Bene
691 1968 823 2001 Gesne-

146 2032 205 2051 rus
222 2045 230 2059 ‚
252 2021 307 2053 cui
326 2020 499 2054 Gruterus
518 2021 734 2067 przeluxerat.
754 2021 822 2053 Te-

145 2072 301 2105 nendum
317 2081 367 2106 est
378 2099 387 2114 ‚
402 2073 498 2119 quod
510 2076 584 2119 jam
598 2073 644 2105 illi
658 2073 824 2118 praeclare

146 2128 524 2170 monuerunt,fabulas
545 2126 602 2159 hic
621 2139 693 2160 esse
712 2127 823 2159 omni-

146 2189 192 2209 no
207 2190 382 2212 sermones
400 2192 441 2212 ac
458 2179 758 2212 confabulationes
777 2178 820 2212 de

149 2230 251 2262 rebus
266 2231 342 2263 vitae
362 2232 558 2264 communis
572 2257 580 2272 ,
598 2232 718 2278 quales
734 2232 819 2265 Sue-

145 2282 262 2314 tonius
275 2284 465 2317 Domitian.
482 2297 558 2329 cap.
576 2286 657 2325 XV,
673 2297 708 2329 p.
726 2286 792 2328 933
807 2310 815 2324 ‚

143 2333 201 2366 cd.
219 2335 314 2368 Oud.
330 2361 339 2376 ,
357 2339 563 2380 dieifabulas
574 2364 584 2376 ,
601 2338 731 2371 Plinius
746 2338 819 2383 ipse

146 2387 247 2428 VIII,
263 2400 275 2420 1
285 2392 317 2428 8,
335 2401 346 2421 1
358 2401 370 2421 1
380 2391 525 2432 ‚fabulas
537 2392 621 2422 urbis
633 2390 817 2424 dieit.Vid.

146 2441 355 2485 Interpretes
371 2441 415 2474 ad
428 2441 563 2474 Phaedri
578 2443 663 2475 Fah.
682 2445 698 2476 I
714 2469 721 2483 ,
740 2444 822 2476 Pro-

145 2492 215 2537 log.
242 2506 277 2526 v.
309 2507 323 2535 7
341 2520 349 2534 ,
378 2494 423 2526 ad
448 2494 586 2527 Petron.
601 2520 610 2534 ,
636 2508 713 2540 cap.
742 2497 795 2528 III
812 2521 820 2536 ‚

144 2557 179 2589 p.
195 2547 261 2579 663
277 2571 285 2586 ‚
301 2559 327 2579 S.
345 2546 402 2580 ed.
417 2548 526 2580 Burni
556 2548 820 2582 Drakenborch.

144 2597 188 2630 ad
204 2598 281 2632 Liv.
304 2600 319 2631 I
337 2624 345 2639 ‚
370 2612 407 2632 11
426 2625 434 2639 ‚
456 2602 489 2633 8.
508 2601 541 2634 S.
561 2621 607 2624 ——m
625 2602 723 2633 Rom.
749 2611 821 2633 tem-

140 2663 265 2693 pusque
296 2654 466 2685 audiendis
483 2655 609 2696 fc'tbult's
634 2664 818 2692 conterunt,

148 2702 241 2745 quod
255 2703 403 2739 deterius
418 2719 490 2739 esse
502 2731 512 2745 ‚
522 2706 697 2740 Gesnerus
710 2714 821 2740 osten-

891 1281 953 1315 dit.
973 1280 1079 1315 Paulo
1094 1289 1171 1327 post
1189 1293 1196 1314 :
1213 1291 1286 1313 ttctzc
1300 1283 1426 1313 demum
1441 1294 1480 1313 ac
1495 1291 1569 1313 tunc

892 1349 1027 1379 quoque.
1045 1335 1089 1368 H.
1112 1333 1272 1367 Addatur
1293 1333 1386 1367 idem
1406 1334 1497 1367 infra
1524 1332 1569 1366 ad

891 1390 958 1429 ΠΙ,
975 1392 1008 1429 5,
1027 1402 1039 1421 1
1050 1389 1081 1421 5.
1093 1389 1127 1422 S.
1140 1409 1185 1412 ’-
1195 1389 1355 1420 Evolveric
1368 1389 1495 1419 librum.
1509 1391 1569 1418 Vo-

891 1444 994 1473 lumen
1027 1440 1256 1486 cogitandum
1290 1448 1340 1473 est
1372 1439 1537 1472 nimirum
1559 1464 1567 1478 ‚

890 1494 985 1538 quod
1011 1494 1133 1540 incipit
1154 1493 1197 1525 ab
1217 1506 1255 1525 ea
1275 1501 1372 1538 parte
1394 1493 1568 1525 membra-

889 1559 941 1578 nae
959 1571 968 1587 ,
991 1559 1066 1591 quae
1093 1545 1219 1578 extima
1243 1553 1315 1585 est3
1343 1557 1420 1591 quae
1442 1548 1568 1578 evoluta

889 1607 969 1632 sunt
999 1600 1126 1645 igitur,
1158 1612 1198 1631 ea
1231 1598 1378 1631 lectione
1405 1610 1568 1643 percursa

889 1652 1127 1697 intelligimus,
1142 1652 1305 1684 involutis
1314 1652 1458 1697 reliquis
1469 1677 1477 1692 ‚
1493 1663 1569 1697 quae

889 1705 1036 1750 legenda
1055 1712 1252 1750 supersunt.
1274 1704 1317 1737 G.

939 1761 968 1790 3.
990 1763 1034 1790 :Ic
1057 1760 1183 1790 hercule
1209 1759 1364 1789 memoria
1379 1767 1567 1801 parentum.

890 1812 988 1843 Rom.
1004 1814 1063 1843 Ad
1079 1813 1255 1842 mehercule
1275 1812 1430 1842 memoria
1445 1823 1569 1853 paren-

891 1873 969 1895 tum.
1004 1863 1049 1896 H.
1086 1885 1131 1888 —-
1167 1865 1367 1896 Nonianum.
1404 1863 1568 1896 Servilius

891 1916 1071 1948 Nonianus
1088 1916 1251 1961 princeps
1271 1915 1421 1948 civitatis
1433 1941 1442 1955 ‚
1463 1915 1568 1948 histo-

890 1968 983 2001 ricus
997 1994 1005 2009 ‚
1026 1982 1130 2014 quem
1151 1981 1170 2002 a
1192 1981 1228 2001 se
1249 1981 1389 2014 quoque
1408 1967 1566 2001 auditum

889 2021 1126 2061 Quintilianus
1141 2029 1261 2054 narrat
1275 2046 1283 2061 ‚
1301 2021 1386 2054 clari
1409 2021 1460 2054 vir
1475 2021 1569 2066 inge-

888 2074 961 2114 nii,
989 2075 1168 2107 sententiis
1196 2075 1338 2114 creber,
1366 2073 1425 2107 sed
1452 2074 1568 2107 minus

888 2139 1046 2170 pressus,
1071 2140 1175 2172 quam
1202 2127 1354 2160 historiae
1380 2127 1569 2161 auctoritas

887 2179 1052 2224 postulat.
1067 2181 1132 2213 En.
1151 2201 1196 2204 —
1217 2181 1353 2214 Invexit
1372 2192 1567 2225 pronomen

886 2244 1011 2265 manus
1027 2233 1279 2278 interpolatrix.
1296 2235 1330 2267 S.

936 2293 964 2322 4.
989 2288 1072 2327 Quia
1088 2300 1151 2318 non
1165 2288 1359 2329 perdiderit.
1380 2287 1511 2332 Nempe
1532 2287 1566 2319 in

888 2338 1091 2371 stationibus
1105 2339 1170 2371 illis
1183 2364 1191 2380 ,
1206 2338 1241 2372 in
1258 2339 1383 2384 quibus
1399 2340 1459 2384 qui
1473 2352 1567 2372 com-

887 2392 1116 2425 morabantur
1134 2418 1142 2432 ,
1176 2405 1257 2426 vere
1293 2392 1385 2425 diem
1419 2391 1566 2437 perdere

888 2442 956 2476 dici
983 2452 1155 2489 poterant.
1185 2446 1356 2477 Caeterum
1387 2444 1489 2478 docta
1516 2453 1565 2478 est

891 2496 1145 2530 animadversio
1164 2497 1308 2542 Gicrigii
1323 2522 1331 2536 ,
1346 2500 1492 2540 perdidit
1516 2498 1565 2531 le-

889 2549 1043 2593 gendum
1064 2563 1136 2584 esse
1157 2550 1309 2596 putantis
1325 2575 1334 2590 ,
1356 2550 1438 2595 quia
1456 2551 1564 2583 verba

890 2603 958 2635 sint
986 2616 1058 2636 non
1084 2604 1176 2636 illius
1208 2603 1475 2649 conquerentis,
1504 2601 1563 2635 sed

888 2655 988 2687 Plinii
1007 2655 1206 2690 indicantis.
1234 2656 1457 2702 Quamquam
1483 2655 1565 2687 satis

888 2708 1023 2753 lepidus
1053 2717 1101 2742 est
1132 2708 1286 2749 Plinius,
1319 2717 1377 2749 ut,
1407 2720 1476 2752 quo
1511 2708 1561 2740 in·

1599 1158 1618 1191 <JK
