1742 2989
580 225 924 267 EPISTOLA
960 226 1064 267 XX.

1430 224 1511 270 321

125 311 197 353 vix
226 309 301 352 uni
332 317 407 351 aut
437 305 586 361 alteri,
620 306 776 359 immo,
810 306 843 349 si
875 307 1026 349 Marco
1056 306 1248 348 Antonio
1279 306 1520 363 credimus,

126 383 311 436 nemini3
338 380 428 423 haec
456 395 576 431 vero,
605 395 735 439 quam
760 378 981 421 Candidus
1008 380 1280 437 loquendam
1309 375 1518 438 appellat,

125 455 293 508 multis,
317 463 446 513 atque
473 453 603 494 etiam
630 451 1008 511 impudentissimo
1036 453 1192 510 cuique
1216 453 1401 494 maxime
1425 470 1521 495 con-

124 527 270 587 tingit.
305 529 483 570 Postero
518 525 586 567 die
623 524 728 567 dixit
762 541 841 584 pro
870 527 1045 569 Vareno
1077 525 1307 568 Homullus
1341 526 1517 579 callide,
1546 532 1566 559 (5

123 600 303 651 acriter,
330 597 472 651 culte3
502 607 652 640 contra
680 597 892 657 Nigrinus
922 614 1089 657 presse,
1120 599 1327 658 graviter,
1354 609 1518 643 ornate.

123 672 303 716 Censuit
329 669 492 714 Acilius
518 670 684 724 Rufus,
713 670 863 714 consul
890 670 1164 731 designatus,
1194 672 1520 731 inquisitionem

121 743 319 804 Bithynis
350 743 535 786 dandam
564 760 572 786 :

604 742 943 803 postulationem
976 745 1137 787 Vareni
1169 744 1342 788 silentio
1370 755 1520 804 praetc-

122 817 208 859 riit.
235 819 336 859 Haec
364 816 500 859 forma
528 816 716 876 negandi
745 816 840 859 fuit.
871 815 1100 860 Cornelius
1127 818 1298 860 Priscus
1324 817 1520 861 consula·
1550 834 1563 859 τ

122 891 179 932 ris
199 899 241 949 et
263 889 608 943 accusatoribus,
627 905 722 949 quae
743 888 967 948 petebant,
989 898 1030 931 et
1051 905 1124 932 reo
1146 890 1522 948 tribuit‚vicitque

121 979 316 1005 numero.
338 962 675 1022 Impetravimus
700 978 789 1004 rem
812 978 891 1005 nec
916 960 1008 1021 lege
1034 963 1392 1022 comprehensam
1410 998 1420 1017 ‚
1443 978 1523 1004 nec

121 1036 223 1079 satis
257 1036 485 1091 usitatam,
512 1037 675 1095 justam
709 1044 871 1078 tamen.
905 1035 1053 1090 Quare
1083 1035 1274 1093 justam,
1300 1051 1390 1077 non
1426 1051 1521 1078 sum
1549 1040 1567 1072 8

120 1108 301 1168 epistola
326 1118 665 1168 exsequuturus,
691 1117 739 1150 ut
760 1106 974 1150 desideres
1000 1108 1228 1151 actionem.
1250 1109 1363 1151 Nam
1391 1108 1425 1150 si
1452 1123 1522 1149 ve·

122 1198 218 1224 rum
245 1191 309 1225 est
336 1182 620 1224 Homericum
652 1180 784 1234 illud,

293 1306 376 1350 Τῆν
402 1303 476 1364 γὰρ
504 1297 641 1349 ἀοιδὴν
672 1305 823 1360 μᾶλλον
853 1302 1087 1344 ἐπικλείουσ’
1114 1301 1334 1362 ἄνθρωποι,

294 1371 404 1440 fimf,
431 1382 686 1423 ἀκουόντεσσι
711 1378 892 1426 νεωτάτη
919 1380 1219 1439 ἀμφιπέληται,

119 1514 382 1560 grammaticus,
407 1526 462 1557 ap.
481 1512 632 1545 Gellium
656 1512 672 1543 I
688 1536 696 1550 ‚
724 1510 763 1544 15
779 1535 787 1550 ‚

121 1567 296 1600 innovavit
314 1565 452 1599 Sallust.
469 1566 544 1598 Cat.
562 1565 608 1604 V,
626 1569 659 1605 4.
676 1565 740 1596 ED.

165 1640 210 1643 —
227 1621 290 1650 Vim
313 1621 368 1649 ιιηί
389 1628 447 1649 ant
467 1619 577 1654 alteri,
602 1624 668 1648 etc.
689 1617 787 1648 Rom.

122 1687 136 1700 «ι
148 1671 214 1704 Vix
225 1672 283 1703 uni
299 1678 358 1704 aut
372 1670 470 1702 alteri
484 1681 490 1716 ς
502 1672 572 1715 jam
588 1681 655 1701 non
670 1681 789 1701 sumus

118 1723 260 1755 Antonii
283 1734 289 1754 ε
312 1721 493 1754 credamus
510 1721 664 1753 nemini.»
687 1720 730 1753 H.
744 1740 789 1744 -

120 1779 165 1807 M.
177 1777 330 1806 Antonio.
339 1773 440 1818 Αμιά
451 1773 653 1805 Ciceronem
664 1772 698 1804 in
706 1773 792 1805 Ora-

120 1835 192 1860 tore
207 1840 236 1860 c.
250 1827 295 1859 V.
310 1829 449 1858 Disercos
466 1825 510 1858 ait
523 1838 556 1856 se
576 1827 696 1856 vidisse
715 1828 792 1856 mul-

119 1888 167 1910 tos
179 1904 187 1916 ,
222 1882 418 1921 eloquentem
453 1880 580 1909 omnino
611 1879 764 1908 neminem
779 1903 788 1915 ,

118 1931 213 1975 quod
228 1931 372 1975 explicat
385 1931 430 1962 ibi
442 1930 588 1962 Tullius.
604 1928 702 1961 G.—
712 1931 790 1960 Con-

119 1984 223 2025 tingit.
245 1983 380 2015 Coi-tius
404 1995 442 2015 ex
461 1981 617 2014 Mediceo
636 1983 785 2024 contigit,

118 2034 213 2079 quod
226 2043 343 2067 nostro
357 2033 623 2079 praeferendum.
638 2033 671 2067 S.

166 2089 199 2120 6.
226 2090 393 2119 Homullus
417 2089 551 2123 callide,
576 2087 704 2116 acriter.
734 2085 789 2118 Sic

120 2147 152 2172 et
166 2141 263 2172 Rom.
280 2140 323 2172 H.
336 2160 381 2164 —
393 2141 524 2171 callide.
535 2163 543 2170 .
559 2162 566 2169 .
584 2141 689 2169 multe.
709 2137 789 2169 Haec

119 2192 246 2236 optime
269 2204 304 2224 se
331 2192 477 2230 habent,
506 2199 642 2235 tresque
668 2189 788 2235 praeci-

118 2255 204 2287 puas
235 2245 380 2276 oratoris
407 2244 547 2276 virtutes
577 2242 788 2286 signin'eant.

121 2295 408 2340 Callidedicit‚qui
418 2303 564 2332 versute,
573 2302 603 2325 et
610 2294 789 2334 subtiliter,

121 2354 154 2378 et
176 2356 294 2385 acute,
321 2348 458 2391 ingenio
474 2372 482 2386 ‚
504 2346 723 2385 inventione,
758 2354 790 2378 et

120 2410 234 2430 rerum
247 2397 429 2444 prudentia
443 2398 624 2430 excellens.
641 2397 719 2430 Haec
734 2409 791 2429 sae-

120 2462 164 2495 pe
177 2458 385 2495 junguntur.
407 2450 491 2482 Vid.
513 2450 584 2482 Cic.
604 2449 701 2481 Oiat.
719 2450 768 2481 VI
781 2474 789 2489 ,

120 2510 153 2535 et
169 2503 334 2535 XXVIII.
358 2503 491 2547 Insigni
519 2509 632 2533 autem
653 2501 728 2533 loco
749 2501 791 2534 de

120 2554 219 2588 Orat.
232 2556 262 2595 I,
283 2568 338 2594 20,
353 2555 464 2587 omnis
479 2555 623 2586 facultas
638 2552 791 2593 (licendi,

122 2613 154 2638 et
179 2607 374 2651 eloquentia
390 2634 398 2648 ‚
432 2613 600 2651 quatenus
630 2605 732 2637 rebus
760 2613 794 2638 et

121 2659 230 2691 verbis
249 2660 444 2692 continetur
457 2684 466 2700 ,
486 2660 666 2691 calliditate
690 2666 722 2690 et
741 2671 794 2689 co-

119 2711 179 2750 pia
210 2710 416 2744 describitur
435 2737 444 2751 ‚
476 2721 625 2757 quarum
657 2709 714 2742 illa
748 2708 792 2743 ad

315 2768 356 2808 Ι.

855 1523 992 1544 omnem
1019 1511 1235 1551 inveniendi,
1259 1512 1330 1544 haec
1354 1511 1397 1544 ad
1420 1525 1524 1545 enun-

855 1562 971 1595 ciandi
992 1564 1190 1597 facultatem
1216 1565 1376 1609 pertinet.
1400 1568 1525 1597 Acriter

854 1613 956 1657 dicit,
975 1617 1034 1661 qui
1051 1629 1130 1649 cum
1152 1616 1272 1661 vigore
1291 1624 1323 1649 et
1337 1617 1462 1649 affectu
1478 1617 1526 1650 di-

855 1667 922 1707 cit,
954 1675 989 1699 ut
1018 1676 1166 1709 moveat.
1190 1671 1297 1706 Culte,
1320 1669 1379 1714 qui
1406 1677 1527 1701 ornate

854 1720 965 1752 verbis
980 1728 1010 1753 et
1026 1721 1211 1753 sententiis.
1232 1721 1324 1753 Male
1338 1722 1441 1765 igitui-
1454 1723 1527 1766 qui-

858 1771 937 1804 dam
966 1772 1112 1805 editores
1143 1775 1248 1804 calide
1277 1773 1525 1818 praetulerunt,

857 1823 949 1869 quod
967 1825 1010 1856 ab
1031 1824 1096 1856 hoc
1114 1824 1188 1856 loco
1207 1824 1356 1857 alienun]
1374 1833 1423 1857 est
1437 1852 1445 1865 ‚
1464 1838 1527 1857 nec

856 1884 967 1920 potest
995 1877 1038 1908 ab
1064 1877 1124 1909 illo
1151 1878 1267 1907 acriter
1290 1884 1383 1909 recte
1411 1876 1527 1909 distin-

857 1929 926 1973 gui.
950 1929 989 1960 E.

889 1983 1224 2025 7.CorneliusPriscus,
1235 1988 1296 2013 etc.
1306 1982 1387 2012 Rom
1396 2008 1402 2013 .
1415 1984 1528 2012 (forne-

856 2036 914 2066 lae‘us
934 2035 1076 2070 Priscus,
1098 2035 1257 2064 actoribus
1278 2046 1350 2075 quw
1364 2035 1526 2075 petebant.

857 2087 955 2118 Deest
971 2087 1146 2116 consularis
1160 2095 1198 2117 ec.
1219 2087 1384 2116 Accoribus
1401 2085 1434 2116 in
1451 2084 1528 2129 plu-

854 2138 948 2170 ribus
962 2162 968 2176 ‚
984 2149 1047 2169 nec
1068 2136 1325 2181 aspernandum
1345 2144 1406 2169 cst.
1429 2137 1471 2168 H.
1484 2156 1528 2160 μ

858 2192 949 2222 Corn.
972 2192 1096 2220 Priscus
1113 2188 1204 2221 haud
1229 2188 1332 2220 (lnbie
1353 2188 1441 2220 idem
1457 2213 1465 2227 ‚
1485 2188 1529 2220 ad

855 2254 958 2286 quem
990 2241 1063 2283 Ill,
1086 2242 1183 2286 epist.
1215 2253 1270 2281 21,
1301 2240 1343 2273 de
1362 2241 1527 2273 Martialis-

857 2294 965 2326 obitu.
982 2294 1047 2326 En.

903 2347 1197 2386 ——Impetravimus
1209 2370 1216 2381 ‚
1234 2353 1299 2377 etc.
1319 2345 1416 2376 Rom.
1437 2361 1449 2372 κ
1467 2345 1527 2375 Iin-

856 2397 1065 2441 pctravimns
1094 2410 1164 2430 rem
1194 2398 1404 2441 negligenter
1435 2409 1527 2428 com-

856 2448 1057 2493 prehensam
1073 2474 1082 2489 ,
1099 2462 1161 2482 nec
1181 2450 1259 2482 satis
1283 2449 1350 2481 suis
1373 2456 1505 2480 tantuin
1517 2474 1526 2484 ,

852 2502 993 2546 justam.
1009 2518 1021 2529 n
1043 2501 1086 2533 H.

905 2556 938 2586 8.
955 2556 1166 2585 Homericum.
1185 2552 1253 2585 Od.
1275 2566 1312 2591 α,
1334 2552 1411 2584 351.
1431 2551 1527 2584 G.—

859 2608 898 2639 In
927 2608 1023 2639 Rom.
1057 2605 1229 2638 Homeiiri
1261 2616 1377 2635 versus
1411 2604 1527 2636 omissi

859 2665 952 2691 sunt.
978 2657 1021 2689 H.
1040 2678 1077 2682 ——
1100 2660 1164 2693 ’[-ἡν
1185 2659 1257 2702 γάρ.
1271 2657 1396 2689 Sensus
1418 2667 1426 2687 :
1451 2668 1526 2687 cam

859 2710 950 2743 enim
968 2710 1174 2743 cantilenam
1190 2708 1298 2753 magis
1315 2707 1455 2739 laudant
1471 2707 1527 2739 hs.-

1278 2781 1300 2804 ·›.
1316 2779 1326 2804 Ι
