1742 2989
173 202 260 259 154

567 205 614 247 C.
652 203 879 246 PLINII
913 204 1041 247 LIB.
1079 204 1172 248 ΙΙΙ.

102 300 141 332 ι3
165 302 318 331 versus
355 285 445 329 hac
480 295 561 328 tua
591 285 945 345 interpellatione
965 285 1261 347 pez-didimus.
1302 288 1440 330 Tanta
1479 297 1572 331 erat

164 359 432 420 parsimonia
471 354 700 418 temporis!
742 358 961 418 Surgebat
998 368 1145 402 aestate
1187 375 1211 402 a
1250 375 1371 403 coena
1394 395 1405 413 ‚
1443 358 1570 416 luce3

164 433 306 477 hieme
322 468 333 489 ‚
364 433 478 475 intra
508 432 695 492 primam
720 432 887 488 noctis3
911 442 955 476 et
982 441 1192 493 tanquam
1217 432 1362 493 aliqua
1388 432 1481 493 lege
1501 450 1572 477 co-

102 527 139 563 ¹4
164 517 307 567 gente.
334 509 437 550 Haec
468 507 583 548 inter
616 505 783 548 medios
813 504 984 549 labores
1015 506 1222 567 urbisque
1252 506 1488 549 fremitum.
1519 509 1569 550 In

164 596 331 624 secessu
355 579 495 624 solum
529 578 691 622 balinei
717 589 889 639 tempus
917 579 1070 623 studiis
1104 580 1388 623 eximebatur.
1421 580 1570 636 Quum

164 653 261 697 dico
289 652 475 708 balinei,
503 653 556 697 de
590 654 874 698 interioribus
904 654 1088 716 loquor:
1117 673 1218 699 nam
1246 655 1349 699 dum
1382 654 1570 698 destrin-

98 747 137 780 ¹5
164 726 281 786 gitur
305 727 578 787 tergiturque
595 761 605 778 ‚
631 726 837 771 audiebat
867 727 1055 788 aliquid,
1082 738 1158 772 aut
1185 729 1391 773 dictabat.
1421 730 1472 771 In
1499 728 1569 771 iti-

163 815 294 855 nere,
319 799 442 859 quasi
476 798 643 843 solutus
672 800 837 844 caeteris
867 802 1009 857 curis,
1039 801 1142 845 huic
1172 803 1248 845 uni
1276 803 1472 846 vacabat.
1504 801 1570 845 Ad

162 869 272 915 latus
309 872 506 915 notarius
546 888 646 915 cum
684 871 796 916 libro
831 884 871 917 et
913 874 1223 935 pugillaribus,
1252 876 1376 936 cujus
1416 891 1571 919 manus

214 1025 397 1054 msersus.
417 1021 495 1054 Non
514 1029 593 1054 sunt
607 1046 615 1062 ‚
632 1029 668 1054 nt
683 1022 833 1068 Gicrigio

159 1073 270 1106 visum
282 1098 290 1113 ‚
310 1083 488 1119 segmenta
501 1076 635 1121 majora
653 1082 685 1108 et
699 1076 833 1109 minora

159 1125 381 1170 periodorum
391 1153 399 1167 ‚
410 1127 479 1160 sive
490 1135 660 1161 commata
671 1154 678 1167 ‚
689 1127 748 1160 sed
758 1141 834 1173 quae

159 1178 287 1223 vulgo,
317 1192 443 1225 parum
473 1193 556 1213 sane
586 1180 691 1213 latine
703 1206 711 1221 ‚
743 1183 835 1213 lineae

159 1229 336 1265 dicuntur.
349 1232 433 1266 Vid.
450 1232 493 1266 de
503 1234 575 1266 Vit.
591 1234 700 1267 Serm.
721 1246 732 1265 1
744 1259 752 1273 ,
772 1237 812 1267 26
825 1259 833 1274 ‚

159 1296 240 1329 pag.
262 1297 324 1317 112
341 1310 349 1325 ,
365 1298 416 1331 sq.
433 1287 468 1320 S.

211 1350 223 1368 1
233 1338 263 1370 3.
281 1341 385 1370 Tama
399 1350 481 1373 erac.
500 1341 526 1372 E
537 1348 707 1386 praecepto
718 1341 834 1374 Theo-

160 1394 292 1439 phrasti
311 1397 507 1439 verissimo,
532 1402 639 1445 χρόνος
665 1402 833 1442 πολυτελὲς

161 1449 329 1495 ἀνάλωμα.
350 1449 414 1481 FD.

207 1521 253 1525 Ν-
263 1505 307 1532 Ec
319 1512 476 1544 tanquam
488 1504 599 1545 aliqua
615 1506 681 1546 lege
693 1514 832 1547 cogente.

160 1554 258 1586 Rom.
284 1557 347 1585 Sed
368 1564 533 1597 tamquam
557 1557 670 1598 aliqua
691 1559 757 1599 lege
780 1570 834 1587 co-

156 1617 264 1649 gente.
285 1607 330 1639 H.
345 1628 391 1632 —
405 1610 468 1638 Sed
491 1608 592 1639 etiam
617 1608 703 1640 liber
727 1608 834 1640 Medi-

160 1671 254 1692 ceus.
274 1660 376 1692 Male.
399 1678 414 1688 «e
431 1661 621 1705 Saepissime
642 1661 758 1693 scribae
779 1674 834 1693 vo-

160 1711 255 1745 culas
271 1723 303 1744 et
317 1726 356 1746 ac
374 1715 432 1745 sed
446 1726 626 1758 perperam
645 1722 835 1746 commuta-

159 1772 243 1798 runt
249 1790 422 1798 ........
432 1766 622 1798 Praesertim
653 1774 768 1799 autem
797 1766 833 1799 id

161 1818 261 1851 facile
286 1818 443 1852 accidere
464 1819 595 1864 potuit,
618 1819 644 1851 si
663 1831 727 1851 vox
747 1832 833 1865 prae-

160 1870 285 1903 cedens
299 1871 397 1904 litera
410 1885 423 1903 s
438 1871 553 1905 finiret
566 1888 578 1900 ιι
598 1872 774 1905 Drakenh.
789 1872 833 1905 ad

160 1923 235 1956 Liv.
256 1925 358 1965 XXI,
382 1927 442 1964 26,
463 1927 495 1958 6.
517 1926 551 1958 S.

212 1981 264 2017 14.
293 1981 332 2008 In
361 1991 493 2010 secessu.
518 1977 661 2018 Quoties
688 1978 833 2011 curandi

160 2030 314 2074 corporis
330 2037 388 2062 aut
402 2031 508 2063 animi
524 2042 645 2063 caussa
662 2031 697 2063 in
712 2031 829 2064 villam

159 2090 357 2115 secesserat.
379 2083 459 2115 Haec
478 2083 645 2116 adnotare
668 2083 754 2116 nihil
773 2083 831 2117 ad-

160 2133 311 2173 tinebat,
336 2135 401 2167 nisi
424 2136 572 2169 mirifica
597 2135 755 2181 quaedam
775 2136 830 2170 hic

158 2186 218 2219 alii
232 2186 418 2220 traderent.
440 2188 514 2221 Hoc
533 2189 635 2221 etiam
655 2188 698 2220 ad
716 2189 830 2234 proxi-

159 2252 253 2272 mam
267 2239 541 2273 observationem
555 2241 715 2286 pertinet.
739 2242 782 2274 G.

205 2312 252 2316 —
274 2296 322 2323 De
345 2295 558 2325 interioribus.
586 2296 705 2325 Studiis
732 2294 831 2327 intel-

159 2344 246 2390 lige,
273 2345 341 2377 hoc
372 2354 422 2378 est
458 2346 657 2386 altioribus,
684 2346 728 2379 ad
755 2359 831 2391 quae

160 2396 379 2430 adcuratiore
394 2398 615 2431 meditatione
628 2412 714 2443 opus
729 2408 827 2432 esset.

159 2449 248 2483 Vide
274 2451 347 2483 Cic.
380 2450 422 2483 de
444 2452 487 2485 N.
519 2452 561 2483 D.
595 2452 668 2491 III⁷
699 2454 761 2490 16,
785 2453 827 2483 It.

160 2503 257 2536 Fam.
285 2504 359 2543 ΙΙΙ,
387 2515 428 2536 10
446 2530 454 2544 ,
479 2512 553 2549 post
573 2503 665 2536 med.
686 2512 717 2535 et
737 2504 806 2536 VII
819 2530 827 2543 ‚

161 2555 202 2587 33
217 2581 224 2593 ‚
246 2555 337 2589 med.
358 2557 401 2589 G.
420 2578 465 2581 »-
484 2556 680 2589 Rectissime
699 2556 829 2589 Gesne-

158 2619 217 2639 rus
229 2633 237 2646 ‚
257 2607 427 2654 quidquid
445 2617 565 2642 contra
584 2608 731 2641 dixerint
748 2609 803 2641 alii
819 2634 826 2648 ‚

158 2659 258 2693 etiam
279 2662 500 2695 recentissimi
522 2662 721 2706 interpretes
739 2686 746 2700 ‚
768 2662 826 2706 qui

159 2712 223 2744 loci
257 2726 392 2746 scnsuni
424 2727 491 2747 uon
522 2713 742 2758 perviderunt
759 2739 765 2753 ‚
796 2721 826 2746 et

899 1024 968 1057 suis
981 1024 1155 1058 sententiis
1169 1025 1365 1058 turbarunt.
1380 1025 1510 1058 Plinius
1525 1024 1573 1058 di-

898 1076 955 1115 cit,
964 1080 1066 1110 solum
1079 1081 1199 1110 balinei
1210 1088 1329 1121 tempus
1338 1080 1451 1110 studiis
1462 1081 1570 1111 eximi.

897 1128 964 1162 Sed
978 1130 1043 1163 hoc
1058 1131 1129 1176 ipse
1143 1144 1183 1164 eo
1197 1131 1390 1176 restringit,
1407 1139 1442 1164 ut
1457 1130 1548 1164 dicat
1561 1157 1570 1171 ,

899 1196 933 1215 se
947 1197 1017 1216 non
1036 1185 1178 1217 omnino
1194 1184 1235 1218 de
1250 1184 1413 1217 omnibus
1429 1183 1546 1217 studiis
1561 1210 1569 1224 ‚

899 1235 958 1269 sed
989 1236 1032 1269 (le
1064 1240 1266 1270 interioribus
1298 1245 1432 1270 tantum
1463 1236 1569 1282 loqui.

897 1290 986 1323 Nam
1003 1291 1106 1324 etiam
1122 1291 1156 1323 in
1171 1291 1310 1323 balineo
1322 1316 1330 1330 ‚
1348 1293 1423 1322 dum
1438 1292 1572 1322 deserin-

894 1345 984 1387 gitur
1005 1353 1035 1375 et
1062 1346 1215 1388 tergitur,
1242 1346 1398 1375 audiebat
1421 1345 1567 1385 aliquid,

898 1406 958 1427 aut
977 1398 1133 1429 dictabat.
1152 1396 1231 1429 Haec
1258 1396 1385 1429 scilicet
1411 1403 1509 1428 erant
1527 1395 1572 1427 le-

897 1449 992 1481 viora
1008 1449 1118 1482 studia
1130 1475 1138 1489 ‚
1154 1449 1262 1482 levior
1277 1449 1382 1482 animi
1396 1447 1571 1480 contentio

896 1502 1034 1534 balineo
1049 1511 1140 1546 apta.
1157 1504 1319 1533 Interiora
1333 1509 1466 1534 tantum
1481 1525 1489 1540 ‚
1504 1500 1570 1533 hoc

898 1563 962 1594 est,
978 1555 1113 1594 altiora,
1130 1555 1338 1594 difficiliora,
1357 1553 1570 1587 contentiora

897 1607 1010 1641 studia
1038 1608 1233 1640 remittebat
1259 1616 1289 1640 et
1319 1606 1523 1639 excludebat
1551 1618 1569 1637 a

898 1661 1054 1700 balineo,
1078 1674 1094 1692 a
1122 1673 1192 1705 quo
1213 1660 1289 1692 talis
1315 1660 1429 1692 acrior
1450 1658 1570 1691 mentis

898 1713 1043 1746 intentio
1065 1713 1176 1746 aliena
1192 1741 1199 1755 ‚
1217 1721 1248 1746 et
1264 1711 1455 1746 valetudini
1471 1711 1570 1744 noxia

899 1766 1030 1798 fuisset.
1053 1767 1092 1798 Ε.
1109 1787 1154 1790 —
1167 1766 1360 1799 Assentirer
1376 1764 1457 1797 viris
1480 1777 1571 1809 egre-

898 1817 959 1863 giis
972 1846 979 1859 ,
1002 1819 1064 1852 nisi
1092 1820 1273 1851 verborum
1305 1826 1478 1851 structura
1505 1816 1571 1849 cla-

897 1872 1030 1905 rissime
1061 1872 1275 1905 reclamaret.
1306 1873 1470 1903 Interiora
1500 1882 1569 1901 non

896 1932 1040 1969 possunt
1053 1937 1122 1956 non
1137 1924 1180 1957 de
1194 1924 1331 1956 balineo
1346 1922 1499 1966 intelligi.
1516 1922 1571 1953 In-

896 1985 1065 2023 terpretor
1082 1990 1158 2017 res,
1179 1989 1254 2022 quae
1274 1977 1308 2009 in
1328 1975 1570 2009 secretioribus

896 2030 1023 2063 balinei
1037 2030 1120 2063 locis
1134 2030 1221 2062 fiunt
1234 2057 1242 2071 ⁷
1262 2029 1297 2062 id
1312 2037 1360 2061 est
1374 2054 1383 2068 ,
1401 2027 1543 2060 lotiones
1557 2040 1566 2067 ;

896 2083 1022 2128 quibus
1042 2091 1263 2127 opponuntur
1284 2081 1451 2114 exteriora
1466 2087 1568 2124 ‚puta

895 2135 1032 2180 strigilis
1056 2148 1138 2168 usus
1154 2160 1162 2175 ‚
1180 2143 1246 2167 etc.
1269 2134 1429 2166 Ceterum
1449 2132 1544 2165 locus
1559 2158 1566 2171 ,

897 2197 933 2220 ut
952 2189 1010 2233 qui
1026 2187 1174 2220 maxime
1188 2213 1196 2227 ‚
1219 2200 1335 2220 sanus.
1355 2188 1388 2220 S.

942 2261 987 2265 —
1012 2244 1095 2272 Dum
1118 2242 1326 2284 destringitur
1362 2241 1566 2282 tergiturque.

895 2294 1090 2335 Rom.quum
1099 2295 1302 2336 distringitur
1309 2294 1514 2335 tergilurque.
1524 2290 1565 2322 H.

895 2366 939 2369 ——
949 2348 1174 2389 Destringitur.
1186 2346 1240 2379 Sic
1251 2344 1434 2390 legendum
1442 2368 1449 2382 ‚
1460 2355 1566 2388 quum

897 2397 940 2430 de
948 2397 1145 2430 auferendis
1159 2397 1278 2442 strigili
1288 2396 1446 2430 sordibus
1454 2406 1567 2428 sermo

896 2459 964 2489 est,
988 2450 1136 2484 ostendit
1154 2459 1231 2496 post
1249 2450 1334 2483 alios
1349 2448 1499 2481 Cortius.
1518 2447 1567 2479 De

896 2504 970 2549 ipso
993 2516 1094 2548 opere
1113 2504 1186 2536 vid.
1206 2501 1403 2535 Mercurial.
1429 2499 1472 2531 de
1495 2506 1568 2531 arte

895 2569 1016 2602 gymn.
1033 2557 1048 2588 Ι
1064 2581 1072 2595 ,
1095 2557 1113 2588 8
1128 2567 1136 2595 ;
1153 2564 1184 2588 et
1202 2553 1374 2587 Eschenb.
1396 2551 1439 2584 de
1457 2558 1567 2584 unctt.

896 2609 1016 2653 gentil.
1034 2608 1122 2641 Diss.
1135 2607 1243 2641 Acad.
1259 2620 1293 2651 p.
1310 2607 1390 2646 483.
1405 2604 1449 2637 G.

944 2662 997 2695 15.
1021 2663 1183 2692 Notarius.
1199 2657 1477 2704 Tachygral‘tlius
1489 2681 1496 2695 ‚
1508 2655 1566 2701 qui

895 2713 1051 2746 adhibitis
1069 2716 1162 2747 nnsis.
1179 2712 1244 2745 hoc
1259 2719 1306 2744 cst
1319 2736 1326 2750 ,
1340 2724 1462 2743 vocum
1476 2721 1568 2743 com-
