1742 2989
606 225 959 270 EPISTOLA
995 225 1078 266 IX.

783 484 899 540 IX.

143 650 300 693 Narrat,
323 651 475 685 Bassum
491 676 500 694 ‚
521 661 567 684 ex
587 647 765 696 Bithynia
784 645 1081 697 repetundarum
1102 657 1209 682 reum
1224 673 1233 691 ‚
1254 657 1274 681 a
1294 657 1332 681 se
1352 643 1547 680 defensum

648 711 927 761 liberatumque
947 723 1038 748 esse.

503 849 539 878 C.
576 849 807 878 PLINIUS
843 850 983 878 URSO
1019 849 1119 878 SUO
1154 849 1188 877 S.

206 968 429 1012 CAUSSAM
452 984 530 1028 per
555 967 635 1010 hos
660 966 750 1010 dies
777 967 884 1010 dixit
903 966 1043 1011 Julius
1063 969 1220 1010 Bassus
1237 1001 1247 1020 ‚
1270 965 1403 1010 homo
1428 965 1547 1010 labo-

142 1040 281 1084 riosus
315 1050 358 1084 et
386 1040 575 1084 adversis
608 1041 695 1084 suis
725 1040 879 1084 clarus.
909 1043 1148 1084 Accusatus
1180 1048 1243 1083 est
1275 1039 1355 1083 sub
1379 1041 1548 1099 Vespa-

140 1114 263 1157 siano
292 1131 315 1157 a
346 1114 526 1175 privatis
553 1115 723 1158 duobus
755 1131 764 1157 :
797 1115 851 1158 ad
878 1123 1080 1158 senatum
1106 1114 1335 1167 remissus,
1365 1112 1439 1155 diu
1472 1129 1548 1172 pe-

140 1187 320 1247 pendit3
355 1188 619 1249 tandemque
655 1187 878 1232 absolutus
917 1187 1252 1248 vindicatusque
1291 1195 1368 1230 est.
1399 1187 1548 1230 Titum

140 1262 314 1316 timuit,
337 1271 385 1305 ut
411 1262 655 1307 Domitiani
683 1263 870 1316 amicu53
896 1277 919 1304 a
945 1261 1201 1305 Domitiano
1232 1259 1450 1320 relegatus
1473 1268 1547 1302 est.

139 1336 385 1381 Revocatus
413 1354 438 1381 a
465 1340 638 1393 Nerva,
668 1338 933 1397 sortitusque
963 1337 1239 1398 Bithyniam,
1271 1335 1400 1380 rediit
1427 1352 1548 1388 reus,

139 1421 365 1454 accusatus
400 1428 489 1455 non
525 1412 670 1454 minus
705 1411 889 1463 acriter,
924 1426 1056 1469 quam
1093 1408 1279 1452 fideliter
1314 1407 1546 1451 defensus:

138 1483 278 1526 varias
313 1484 550 1527 sententias
586 1484 767 1537 habuit⁷
805 1483 949 1544 plures
985 1492 1155 1535 tamen,
1181 1483 1304 1542 quasi
1340 1481 1547 1524 mitiores.

134 1555 237 1615 Egit
264 1566 418 1600 contra
443 1573 543 1600 eum
568 1558 839 1618 Pomponius
866 1555 1029 1611 Rufus,
1051 1556 1115 1599 vir·
1138 1565 1316 1616 paratus
1343 1565 1385 1598 et
1412 1555 1548 1598 vehe-

139 1645 275 1672 mens.
305 1629 423 1673 Rufo
459 1632 664 1674 successit
691 1630 1005 1691 Theophanes,
1037 1647 1152 1673 unus
1188 1646 1239 1672 ex
1274 1629 1450 1690 legatis,
1479 1628 1550 1672 fax

140 1704 427 1747 accusationis
461 1713 505 1747 et
535 1705 674 1764 origo.
708 1703 934 1764 Respondi
965 1719 1046 1764 ego

185 1849 246 1881 IX.
267 1861 297 1881 1.
312 1851 414 1881 Julius
439 1853 566 1881 Bassus.
584 1850 682 1881 Rom.
695 1851 809 1880 Junius

140 1905 256 1933 Bassus
270 1927 277 1941 ‚
297 1914 367 1947 quo
383 1902 524 1934 nomine
544 1909 576 1934 et
594 1901 809 1942 Quintiliano

139 1962 286 1986 vocatur
307 1954 366 1986 lib.
382 1955 431 1986 VI
446 1979 454 1994 ‚
470 1966 546 1999 cap.
571 1955 610 1993 3,
634 1966 674 1998 27
698 1961 730 1985 et
752 1953 808 1997 57,

139 2006 201 2038 etsi
227 2005 272 2039 ad
304 2007 402 2039 illum
432 2007 620 2039 Burmann.
656 2019 690 2051 p.
722 2006 808 2046 545,

139 2071 210 2092 non
237 2059 347 2091 Juniis
361 2084 370 2097 ,
394 2058 452 2092 sed
476 2059 573 2092 Juliis
592 2059 658 2091 hoe
679 2071 809 2103 cogno-

139 2124 219 2144 men
249 2112 351 2145 fuisse
374 2111 572 2151 contendit,
595 2119 627 2144 et
647 2111 680 2144 iu
702 2112 811 2144 Plinio

139 2164 225 2196 nihil
236 2163 441 2197 mutandum
459 2178 519 2198 cen
526 2172 586 2198 set.
602 2165 646 2197 H.
656 2168 812 2196 —Labo-

140 2219 260 2255 rz'osus‚·
276 2217 392 2250 multis
412 2218 588 2251 laboribus
611 2218 754 2251 obrutus
780 2226 811 2250 et

140 2278 301 2309 vexatus,
322 2270 437 2304 miser.
454 2270 537 2304 Vid.
558 2272 655 2305 Clav.
673 2271 746 2304 Cic.
768 2270 812 2303 ad

140 2322 177 2355 h.
196 2335 271 2356 voc.
291 2323 325 2356 S.

186 2396 232 2400 —-
248 2378 423 2418 Pependic;
449 2376 536 2408 inter
562 2389 654 2421 spem
681 2384 712 2409 et
739 2389 809 2409 me-

140 2435 213 2460 tum
229 2453 238 2468 ‚
274 2427 316 2461 de
344 2429 433 2460 exitu
457 2437 489 2461 et
518 2428 657 2462 fortuna
683 2441 811 2461 caussae

141 2492 209 2513 suae
222 2481 384 2514 incertus.
398 2481 438 2512 E.
450 2501 496 2505 —
508 2483 711 2524 Tandemque
720 2484 812 2513 abso-

142 2536 224 2565 lutus
246 2535 497 2578 vindicatusque
523 2543 577 2565 est.
605 2534 702 2566 Rom.
731 2538 812 2565 Tan-

143 2588 213 2617 dem
229 2589 389 2618 absolutus
409 2588 656 2628 vindicatusque
675 2596 730 2618 est.
745 2590 786 2618 H.

192 2651 224 2670 2.
248 2643 288 2670 Ut
309 2640 490 2671 Domitiani
514 2640 644 2671 amicus.
668 2639 744 2671 Non
763 2646 813 2671 ta-

143 2702 224 2722 men
237 2698 309 2723 erat
319 2715 328 2730 ‚
340 2690 434 2735 quod
444 2690 666 2724 vehementer
679 2692 813 2724 timeret

143 2742 283 2783 Titum,
307 2743 333 2776 si
367 2756 445 2776 vera
481 2752 599 2777 narrat
629 2744 812 2778 Suetonius

1085 1720 1092 1746 :
1127 1719 1227 1746 nam
1258 1703 1367 1745 mihi
1394 1705 1550 1746 Bassus

876 1861 906 1882 c.
925 1849 974 1881 IX
993 1859 1000 1880 z
1026 1849 1204 1881 «Fratrem
1226 1848 1379 1881 insidiari
1401 1849 1465 1880 sibi
1480 1860 1550 1880 non

875 1900 1088 1934 desinentem
1103 1925 1111 1940 ,
1133 1900 1191 1933 sed
1219 1913 1316 1946 paene
1337 1914 1377 1933 ex
1395 1900 1551 1945 professo

876 1953 1101 1986 solicitantem
1119 1954 1307 1993 exercitus,
1324 1952 1549 1986 meditantem

876 2007 993 2051 fugam
1007 2031 1015 2046 ‚
1038 2019 1101 2039 nec
1123 2006 1301 2045 occidere,
1319 2018 1432 2051 neque
1456 2018 1551 2050 sepo-

877 2071 977 2098 nere,
995 2071 1034 2092 ac
1056 2071 1100 2092 ne
1118 2059 1152 2091 in
1169 2060 1303 2092 minore
1322 2058 1463 2104 quidem
1486 2059 1550 2090 ho·

877 2125 960 2146 nore
978 2112 1106 2146 hahere
1124 2112 1305 2151 sustinuit,
1327 2121 1391 2145 cte.
1404 2129 1418 2140 n
1433 2111 1476 2144 G.

922 2185 968 2190 -—-
981 2168 1081 2207 Quasi
1090 2164 1326 2198 mitiores.Vi‹l.
1344 2165 1432 2198 infra
1449 2177 1474 2197 S.
1497 2175 1550 2207 17,

879 2226 909 2251 et
925 2219 978 2251 18.
992 2218 1035 2251 G.

927 2272 958 2304 3.
972 2273 1167 2314 Pomponius
1178 2272 1276 2314 Bufits
1291 2275 1432 2302 Varenus
1445 2281 1548 2314 quem

877 2323 942 2368 ipsi
959 2322 1100 2369 Bithyni
1123 2333 1308 2369 patronum
1327 2322 1389 2355 sibi
1403 2321 1551 2366 postula-

878 2384 1016 2417 verant,
1042 2375 1101 2409 sed
1131 2387 1235 2421 quem
1264 2374 1413 2408 eundem
1434 2373 1551 2418 paullo

877 2437 966 2475 post.
989 2441 1045 2462 an.
1073 2429 1138 2462 Ch.
1171 2441 1252 2468 102,
1280 2427 1449 2473 Bithy-nim
1468 2438 1549 2471 pro-

877 2482 1059 2515 consulatu
1077 2482 1234 2515 functum
1249 2493 1345 2526 aeque
1365 2492 1550 2528 accusave-

877 2542 958 2567 runt
980 2547 1019 2567 ac
1045 2535 1202 2567 Bassum.
1221 2534 1262 2566 dc
1284 2546 1354 2578 quo
1371 2533 1417 2571 V,
1439 2544 1499 2569 20,
1521 2544 1546 2562 ι.

878 2588 990 2620 ED.—-
1003 2590 1202 2631 Vl'rparatus
1217 2597 1247 2617 et
1258 2587 1434 2617 vehemens.
1452 2585 1548 2615 Ριυῐῑι.

882 2642 938 2672 Vir
946 2642 1068 2683 peritus
1088 2650 1117 2672 et
1134 2642 1309 2671 vehemens.
1328 2636 1372 2669 H.

925 2714 969 2718 —
984 2697 1058 2725 Fax
1075 2692 1301 2725 accusationis.
1325 2689 1376 2721 ΑΙ.
1395 2690 1548 2731 princeps.

879 2746 1092 2791 propositam
1114 2745 1294 2778 lectionem
1315 2741 1409 2776 libris
1436 2749 1467 2774 ct
1493 2752 1551 2772 au—

1577 1559 1595 1591 <aa
