1742 2989
131 193 189 239 56

561 196 609 239 C.
646 194 872 238 PLINII
906 194 1035 236 LIB.
1071 193 1108 236 I.

127 278 204 321 bia
217 311 228 330 ‚
244 285 325 319 aut
342 276 460 319 talus
473 310 484 328 ‚
508 275 587 319 ubi
603 276 676 319 [lle
685 275 897 336 jugulum
907 285 1106 336 putaret.
1133 274 1180 317 A
1184 283 1201 317 ί
1219 288 1319 333 ego,
1336 273 1536 334 inquam,

125 349 424 410 qzcijugulmn
434 353 688 410 perspicere
711 364 802 392 non
811 363 1019 409 possum,
1042 350 1195 390 onmia
1202 356 1430 408 pertento,
1451 362 1540 389 om-

126 430 206 469 nia
218 428 431 485 experior
442 425 578 468 πάντα
594 422 783 482 denique
794 422 904 466 λίθον
926 429 1034 466 κινῶ.
1046 423 1195 481 thue
1213 421 1256 464 in
1272 419 1541 481 agricultura

67 513 106 544 16
128 516 216 542 non
235 499 382 541 vineas
401 506 595 550 tantum,
615 512 766 538 verum
788 495 919 537 etiam
940 494 1118 537 arbusta
1135 529 1146 548 ‚
1166 509 1247 536 nec
1259 493 1436 536 arbusta
1450 502 1543 535 tan-

127 582 241 623 tum,
256 587 409 614 verum
430 570 561 613 etiam
581 585 781 629 campos,
798 584 904 611 curo
925 577 967 611 et
986 583 1190 622 exerceo3
1207 567 1359 627 utique
1375 567 1416 608 in
1439 566 1541 625 ipsis

127 646 293 705 campis
313 661 400 688 non
424 643 488 687 far
508 653 583 687 aut
604 643 820 702 siliginem
844 640 1001 695 solam,
1025 640 1097 684 sed
1123 640 1358 692 hordeum,
1378 638 1541 683 fabam>

126 728 369 777 caeteraque
390 716 612 776 legumina
632 732 727 759 sero
745 731 754 758 :
771 715 831 758 sic
850 715 894 757 in
909 715 1080 757 actione
1094 712 1220 774 plura
1236 712 1359 773 quasi
1373 711 1542 756 semina

66 811 104 844 17
126 792 255 835 latius
280 807 462 851 spargo,
485 800 534 833 ut
559 805 655 850 quae
686 788 971 849 provenerint
995 785 1210 846 colligam.
1238 787 1393 845 Neque
1425 784 1540 826 enim

126 864 271 907 minus
296 864 616 923 imperspicua,
637 863 829 915 incerta,
853 860 1109 920 fallaciaque
1139 869 1240 903 sunt
1259 858 1457 918 judicum
1483 858 1541 900 in-

127 938 280 997 genia,
302 953 433 996 quam
460 945 768 995 tempestatum
795 944 1113 993 terrarumque.
1138 934 1231 976 Nec
1255 946 1323 974 me
1347 929 1541 991 praeterit

126 1026 345 1053 summum
361 1018 580 1052 oratorem
595 1007 807 1052 Periclem
823 1008 883 1051 sic
896 1024 921 1050 a
935 1007 1103 1050 comico
1119 1003 1335 1066 Eupolide
1351 1003 1517 1047 laudari
1533 1019 1540 1045 :

424 1150 432 1157 .
474 1117 571 1175 πρὸς
599 1109 644 1157 δέ
669 1117 707 1175 γ’
736 1117 860 1156 αὐτοῦ
889 1122 946 1170 τῷ
973 1112 1091 1172 τάχει

264 1194 398 1237 Πειθώ
425 1213 484 1244 τις
511 1192 735 1241 ἐπεκάθητο
763 1199 867 1235 τοῖσι
893 1192 1075 1252 χείλεσιν.

263 1277 406 1325 Οὕτως
429 1277 563 1322 ἐκήλει
578 1310 589 1329 ‚
611 1274 676 1316 καὶ
699 1274 815 1333 μόνος
841 1280 921 1315 τῶν
950 1275 1125 1332 ῥητόρων

261 1354 317 1396 Τὸ
350 1355 509 1413 κέντρον
541 1354 779 1415 ἐγκατέλιπε
804 1357 886 1402 τοῖς
919 1352 1196 1412 ἀκροωμένοις.

178 1505 228 1534 15.
247 1505 307 1533 Ubi
318 1504 524 1546 illejugulum
535 1511 680 1545 putaret.
698 1503 800 1534 Deest

125 1556 179 1586 ille
198 1555 232 1586 in
253 1554 385 1599 aliquot
405 1554 584 1587 codicibus
601 1566 608 1586 :
628 1567 691 1588 nec
709 1554 799 1587 desi-

126 1605 223 1639 dero.
240 1606 323 1639 Mox
337 1619 416 1639 cum
432 1607 549 1639 Cortio
563 1608 708 1652 praefero
719 1620 799 1650 pro-

124 1661 244 1700 spicere
253 1685 262 1697 ,
281 1658 375 1703 quod
387 1659 490 1691 etiam
500 1660 670 1704 Excerpta
681 1660 800 1691 Brum-

127 1710 211 1742 meri
225 1711 367 1743 habent.
386 1712 420 1744 S.

176 1765 226 1795 16.
258 1768 360 1806 thue
393 1766 424 1794 ιή
452 1765 665 1806 agricultura.
696 1764 795 1795 Rom.

129 1819 230 1858 thue
261 1818 293 1847 in
325 1818 451 1848 cultura
487 1818 570 1859 agri.
599 1816 643 1848 H.
671 1836 715 1839 —-
743 1815 797 1849 Sic

125 1867 227 1899 etiam
245 1868 323 1901 libri
341 1869 508 1901 Cortiani.
532 1869 648 1901 Placet
673 1879 680 1900 ι
706 1877 798 1901 certe

127 1920 351 1953 scribendum
365 1921 528 1965 separatis
538 1920 716 1953 vocabulis
726 1923 799 1964 agri

125 1976 262 2005 cultura.
283 1973 370 2006 Vide
390 1975 419 2006 J.
444 1975 502 2006 Fr.
524 1974 730 2018 Heusinger.
753 1972 797 2006 ad

124 2024 328 2059 Ciceronem
349 2025 391 2058 de
411 2026 513 2059 Offic.
538 2039 572 2070 p.
597 2027 675 2060 355.
697 2026 730 2059 S.
753 2047 796 2050 —

128 2079 252 2119 Utique.
270 2078 336 2109 Alii
352 2089 449 2121 utque
462 2105 469 2113 ,
488 2077 583 2123 quod
597 2085 745 2122 praestat.
761 2078 796 2111 S.

124 2148 169 2152 —
181 2132 245 2160 Sed
257 2132 424 2162 hordeum.
444 2156 450 2163 .
467 2156 474 2162 .
491 2156 497 2161 .
509 2133 679 2174 legumina.
696 2132 793 2162 Rom.

123 2184 186 2212 Sed
193 2184 344 2214 hordeum
347 2185 530 2226 fabamque
541 2193 573 2214 et
583 2193 700 2214 ecetera
715 2185 799 2225 legu-

124 2236 222 2265 mina.
238 2234 282 2267 H.
299 2257 343 2260 —
358 2236 460 2268 Bene.
478 2235 658 2269 Secundus
674 2236 689 2266 I
702 2260 710 2274 ‚
730 2236 770 2267 23
782 2260 791 2274 ,

125 2287 143 2318 3
160 2311 168 2325 ,
202 2289 391 2329 quiescerem
421 2290 607 2330 sileremque
638 2298 670 2319 et
699 2290 794 2329 quasi

123 2340 248 2380 ejurato
269 2343 461 2383 magistratu
479 2343 639 2382 privatum
660 2342 725 2382 ipse
745 2354 793 2371 me

120 2394 272 2429 facerem.
299 2392 364 2426 Sed
392 2392 476 2437 quid
505 2392 666 2436 exemplis
691 2392 726 2424 in
754 2405 792 2425 re

125 2451 202 2475 nota
223 2445 336 2489 opus?
355 2445 444 2478 Vide
464 2444 727 2477 Drakenborch.
749 2444 793 2477 ad

123 2495 199 2527 Liv.
228 2498 261 2528 Π
277 2522 285 2536 ,
315 2499 353 2530 31
372 2523 380 2537 ‚
414 2510 442 2530 1.
469 2498 519 2530 De
548 2496 793 2541 orthographia

123 2548 215 2579 vocis
241 2551 393 2582 hordeum
412 2549 489 2582 vide
511 2549 649 2582 Nolten.
677 2549 790 2581 Lexic.

124 2601 303 2634 Antibarb.
321 2603 389 2636 col.
407 2602 547 2635 LXXV.
563 2602 596 2635 S.

174 2664 186 2684 1
196 2667 223 2692 7.
233 2657 362 2686 Incerta
370 2657 590 2697 ‚fltllaciaque
599 2663 681 2685 sunt.
691 2654 787 2684 Rom.

124 2708 411 2749 lvcertcz,fitllacia
421 2717 503 2739 sum.
514 2707 557 2739 H.
568 2727 613 2731 —
626 2708 788 2737 Periclem

865 1502 964 1533 Rom.
988 1502 1141 1531 Periclen.
1164 1498 1207 1530 H.
1226 1518 1271 1522 -
1288 1498 1401 1529 Etiam
1421 1496 1539 1528 Cortio

865 1553 1021 1585 oblatum
1040 1577 1048 1591 ‚
1073 1564 1133 1584 uec
1156 1559 1273 1583 tamen
1293 1550 1337 1582 ab
1359 1561 1398 1581 eo
1413 1573 1421 1588 ,
1444 1547 1539 1593 quod

866 1605 987 1645 miror,
999 1603 1181 1637 adscitum.
1193 1602 1281 1634 Alibi
1293 1602 1441 1634 formam
1450 1600 1541 1632 Grae—

866 1670 941 1690 cani
958 1657 1118 1702 praetulit.
1130 1654 1221 1687 Vide
1237 1656 1310 1699 ejus
1326 1654 1432 1687 Notas
1446 1665 1482 1697 p.
1499 1653 1517 1686 3
1530 1677 1538 1692 ,

865 1711 908 1750 43
924 1735 932 1750 ,
950 1722 1003 1750 72.
1022 1710 1055 1742 S.
1071 1729 1116 1733 —-
1132 1709 1286 1739 Periclem
1304 1707 1537 1738 sic...landari.

864 1761 1015 1795 Servavit
1034 1760 1092 1793 illa
1113 1758 1294 1805 Eupolidis
1311 1759 1413 1791 verba
1435 1759 1538 1791 etiam

863 1814 1071 1848 Scholiastes
1098 1811 1274 1856 Aristoph.
1309 1810 1353 1844 ad
1384 1810 1537 1843 Acharn.

865 1867 930 1910 539
954 1891 962 1906 ‚
994 1865 1086 1911 apud
1123 1877 1227 1910 quem
1258 1864 1392 1909 primus
1420 1875 1540 1896 versus

863 1918 909 1951 ita
941 1919 1064 1963 legitur
1079 1943 1087 1957 ‚
1119 1925 1155 1950 ut
1184 1930 1247 1950 nos
1278 1915 1539 1962 repraesentavi-

863 1983 960 2011 mus,
982 1970 1273 2004 consentientibus
1300 1969 1394 2001 libris
1420 1981 1439 2001 a
1458 1968 1539 2001 Cor-

863 2024 911 2057 tio
928 2023 1102 2057 adhibitis.
1122 2024 1344 2056 Praecesserat
1367 2023 1468 2065 ταχὺς
1485 2023 1538 2054 λε’-

863 2091 928 2123 γειν
947 2078 1003 2122 μὲν
1017 2103 1026 2119 ‚
1043 2079 1119 2122 πρὸς
1134 2075 1173 2110 δέ
1185 2082 1218 2122 γ’
1232 2090 1260 2109 κ.
1276 2090 1305 2108 τ.
1322 2081 1350 2108 λ.
1368 2075 1538 2117 Interpre-

864 2136 954 2161 tatus
974 2135 1024 2161 est
1042 2128 1147 2161 verba
1167 2126 1345 2172 Eupolidis
1365 2125 1485 2158 Cicero
1502 2125 1537 2157 in

863 2181 970 2213 Bruto
982 2193 1012 2213 c.
1023 2181 1085 2212 IX.
1100 2183 1147 2211 De
1161 2182 1282 2211 Pericle
1292 2180 1418 2221 scripsit
1432 2181 1539 2220 Eupo-

864 2235 922 2271 lis,
951 2246 1021 2264 cum
1048 2234 1261 2263 delectatione
1289 2233 1386 2263 etiam
1410 2232 1537 2262 aculeos

859 2286 1022 2327 reliquisse
1041 2286 1072 2315 in
1098 2285 1212 2314 animis
1233 2296 1339 2314 eorum
1355 2308 1362 2319 ‚
1385 2295 1405 2313 a
1425 2284 1536 2324 quibus

859 2347 937 2368 esset
955 2339 1095 2368 auditus.
1117 2335 1184 2369 Sed
1203 2336 1306 2368 etiam
1325 2334 1460 2379 reliqua
1479 2347 1535 2367 re-

861 2390 968 2433 spexit
980 2402 1012 2421 c.
1030 2389 1107 2421 XV.
1126 2405 1137 2417 «
1155 2391 1258 2423 Πειθὼ
1271 2412 1280 2429 ,
1294 2400 1400 2433 quam
1412 2395 1535 2419 vocant

860 2442 989 2481 Graeci,
1017 2442 1117 2487 cujus
1145 2441 1288 2474 effector
1316 2448 1368 2473 est
1393 2446 1532 2478 orator,

859 2495 949 2527 hanc
987 2493 1140 2527 Suadam
1180 2493 1331 2538 appellat
1367 2492 1502 2523 Ennius
1524 2516 1533 2529 ,

859 2559 964 2592 quam
982 2547 1089 2579 Deam
1120 2546 1154 2578 in
1172 2545 1292 2579 Pericli
1324 2544 1427 2576 labris
1453 2543 1534 2576 scri-

856 2600 923 2645 psit
934 2599 1075 2644 Eupolis
1088 2599 1305 2631 sessitavisse.
1322 2613 1335 2626 1>
1352 2596 1442 2629 Vide
1458 2607 1533 2641 quae

858 2652 1007 2685 diximus
1035 2651 1080 2685 ad
1095 2651 1240 2692 Quintil.
1261 2651 1312 2689 X,
1338 2661 1350 2682 1
1369 2674 1377 2689 ‚
1403 2650 1459 2682 82.
1485 2647 1527 2680 G.

859 2721 906 2726 κ’
934 2706 1026 2748 πρὸς.
1047 2729 1052 2735 .
1073 2706 1313 2749 ,ἀκροωμένοις.
1335 2702 1432 2734 Rom.
1453 2703 1529 2745 πρὸς
