1742 2989
549 210 895 255 EPISTULA
930 211 1046 253 vn.
1458 207 1517 267 89

112 295 283 340 Cottius
306 294 394 354 ipse
416 302 503 335 tam
525 291 692 336 clarum
713 292 931 353 specimen
953 289 1109 334 indolis
1129 288 1336 342 dederat,
1361 298 1410 331 ut
1430 288 1519 331 vita

112 369 204 427 ejus
233 367 375 410 brevis
404 375 447 409 et
473 375 658 426 angusta
689 365 889 409 debuerit
918 364 1000 408 hac
1028 362 1162 407 veluti
1192 360 1518 405 immortalitate

111 441 298 502 proferri
315 457 323 483 :
343 455 445 483 nam
459 449 581 483 tanta
595 441 636 484 ei
651 440 856 483 sanctitas
868 473 879 494 ,
893 438 1099 500 gravitas,
1115 436 1351 480 auctoritas
1365 435 1496 479 etiam
1508 473 1519 491 ‚

112 522 162 556 ut
184 522 331 574 posset
353 529 475 556 senes
498 512 593 557 illos
618 529 857 574 provocare
881 514 1042 556 virtute
1059 547 1069 567 ,
1099 510 1258 571 quibus
1287 525 1406 553 nunc
1436 509 1520 552 110-

112 603 219 629 nore
249 586 500 647 adaequatus
531 596 605 630 est.
636 587 738 643 Quo
771 586 947 646 quidem
975 586 1170 638 honore,
1200 592 1415 644 quantum
1441 599 1521 644 ego

111 658 390 720 interpretor,
410 676 500 702 non
520 658 651 702 modo
671 658 866 703 defuncti
886 660 1128 714 memoriae,
1146 668 1189 701 et
1206 656 1346 700 dolori
1365 657 1499 717 patris
1512 692 1523 710 ,

112 747 264 774 verum
291 732 421 775 etiam
448 731 648 792 exemplo
676 742 958 794 prospectum
989 742 1065 776 est.
1097 734 1270 775 Acuent
1301 730 1356 773 ad
1386 730 1524 774 bonas

112 814 227 847 artes
243 805 520 865 juventutem
541 804 890 850 adolescentibus
910 823 1086 867 quoque
1106 804 1252 867 (digni
1266 805 1353 848 sint
1366 804 1523 867 modo)

113 887 233 921 tanta
259 879 437 938 praemia
463 879 701 923 constituta
729 897 737 923 :
765 889 924 923 acuent
948 880 1171 941 principes
1196 879 1312 922 viros
1337 878 1391 921 ad
1416 878 1525 922 libe-

113 967 183 995 ros
211 951 508 1012 suscipiendos
536 961 580 995 et
605 951 764 1013 gaudia
790 968 843 995 ex
870 952 1200 1013 superstitibus,
1226 959 1270 993 et
1289 966 1341 993 ex
1361 949 1527 994 amissis

113 1034 202 1069 tam
230 1023 418 1085 gloriosa
443 1023 607 1068 solatia.
634 1025 713 1069 His
737 1041 788 1068 ex
817 1025 999 1075 caussis,
1029 1032 1171 1067 statua
1194 1022 1329 1066 Cottii
1352 1020 1527 1082 publice

116 1098 260 1153 laetor,
282 1114 363 1141 nec
382 1098 589 1158 privatim
609 1099 768 1141 minus.
792 1098 947 1141 Amavi
968 1095 1443 1141 consuminatissimum
1459 1094 1528 1154 ju-

114 1188 269 1215 venem
291 1181 381 1214 tam
401 1171 628 1225 ardenter,
644 1188 774 1232 quam
794 1188 912 1214 nunc
930 1171 1209 1231 impatienter
1222 1167 1415 1228 requiro.
1433 1166 1530 1210 Erit

114 1261 219 1305 crgo
243 1254 498 1305 pergratum
524 1245 632 1288 mihi
660 1245 774 1289 hanc
800 1244 990 1306 effigiem
1017 1244 1110 1304 ejus
1136 1241 1322 1286 subinde
1348 1241 1530 1293 intueri,

115 1319 300 1363 subinde
323 1320 537 1379 respicere
552 1353 562 1372 ,
585 1319 664 1362 sub
690 1320 773 1362 hac
796 1320 1032 1363 consistere
1047 1352 1057 1371 ,
1079 1327 1236 1378 praeter
1264 1316 1379 1358 hanc
1406 1330 1529 1358 com-

116 1409 275 1436 meare.
313 1392 489 1435 Etenim
539 1393 574 1435 si
617 1392 928 1436 defunctorum
976 1391 1187 1451 imagines
1225 1388 1345 1432 (lonii
1380 1387 1530 1448 positae

115 1465 313 1509 dolorem
350 1475 550 1509 nostrum
585 1465 731 1509 levant
757 1501 768 1518 ,
803 1475 970 1526 quanto
1005 1465 1143 1525 magis
1179 1480 1260 1515 eae,
1293 1461 1452 1522 quibus
1486 1461 1529 1503 in

117 1539 401 1583 celeberrimo
428 1538 524 1582 loco
551 1555 640 1582 non
660 1539 791 1582 modo
814 1540 977 1600 species
1000 1548 1043 1582 et
1062 1537 1208 1582 vultus
1232 1535 1407 1580 illorum
1424 1570 1434 1587 ,
1458 1534 1531 1578 sed

120 1613 262 1656 honor
288 1613 419 1656 etiam
447 1622 489 1657 et
516 1612 654 1673 gloria
680 1612 899 1657 refertur?
925 1612 1046 1656 Vale.

166 1743 196 1772 5.
212 1742 312 1783 Digni
329 1743 392 1772 sinc
407 1742 512 1772 modo.
531 1741 628 1773 Rom.
649 1744 690 1772 Ut
704 1743 794 1784 digvzi

119 1795 183 1824 sint
200 1794 314 1829 modo,
340 1792 453 1824 minus
474 1792 659 1837 eleganter.
683 1793 728 1825 H.
749 1814 793 1817 —

122 1848 247 1876 Acuent
261 1846 443 1887 principes,
465 1853 530 1878 etc.
551 1847 649 1877 Rom.
670 1850 797 1878 Acuent

116 1900 279 1940 principes
291 1899 379 1928 viros
393 1899 440 1928 ad
453 1899 565 1928 liberos
580 1899 795 1939 suscipiendos

859 1741 930 1786 ipsa
941 1741 1143 1774 necessitate
1154 1737 1316 1773 solatium
1328 1746 1408 1770 est.»
1423 1736 1532 1769 Tacit.

859 1796 951 1827 Anu.
974 1795 996 1827 l.
1022 1795 1074 1826 III
1089 1819 1097 1834 ,
1117 1806 1191 1838 cap.
1212 1795 1245 1825 6.
1261 1809 1274 1821 n
1297 1789 1534 1824 «Convenisse

861 1847 991 1881 recenti
1007 1846 1125 1880 dolore
1142 1847 1274 1879 luctum
1289 1852 1321 1877 et
1336 1856 1375 1877 ex
1392 1854 1535 1876 macrore

863 1900 981 1932 solatia
1001 1911 1008 1932 ;
1027 1916 1040 1928 »
1061 1899 1121 1932 ubi
1143 1899 1283 1932 Tacitus
1303 1907 1482 1929 maerorein
1504 1901 1536 1926 et

121 1960 152 1981 et
166 1951 292 1993 gaudia
311 1962 353 1980 ea*
371 1951 589 1992 superstitibus
602 1975 609 1985 ‚
626 1959 657 1980 et
674 1951 797 1981 amissis

123 2012 189 2034 tam
211 2004 355 2046 gloriosa
387 2004 516 2034 solatia.
544 2001 770 2035 Emendatius
787 2027 795 2042 ,

121 2067 226 2100 quam
240 2055 344 2100 vulgo
359 2080 367 2095 ⁷
382 2065 412 2086 et
423 2068 464 2086 ea·
478 2056 603 2086 arnissis
613 2079 619 2085 .
632 2081 638 2087 .
651 2057 795 2087 .solatia.

123 2109 211 2140 Nam
227 2107 271 2140 ad
285 2107 523 2154 suscipiendos
538 2107 664 2141 liberos
677 2119 798 2153 parcn-

127 2168 175 2193 tes
204 2168 333 2193 acuunt
352 2186 361 2201 ,
391 2174 461 2193 11011
491 2174 532 2192 ω·
554 2163 677 2193 amissis
694 2187 703 2200 ‚
739 2160 799 2193 sed

125 2214 250 2245 amissis
265 2215 518 2257 liberisgloriosa
532 2216 662 2246 solatia.
673 2213 800 2247 Solatia

127 2278 169 2297 ω·
183 2278 221 2298 ea
236 2278 272 2298 re
286 2274 365 2298 suut
379 2291 387 2306 ,
408 2280 483 2312 quae
498 2266 569 2312 ipsa
584 2274 632 2299 est
649 2266 771 2300 solatio
789 2278 796 2299 ε

127 2331 168 2349 ex
190 2320 295 2350 liberis
317 2331 398 2351 vero
419 2321 542 2351 amissis
561 2320 653 2352 orbis
672 2332 798 2365 pareu-

129 2371 217 2403 tibus
238 2371 324 2403 1111111
350 2380 399 2403 cst
428 2372 550 2404 solatii.
576 2372 652 2404 Lib.
678 2373 717 2412 I,
744 2386 796 2418 cp.

133 2436 194 2462 12,
222 2437 253 2456 2.
292 2425 404 2457 «Nam
430 2432 606 2469 utcunque
636 2424 671 2457 111
708 2424 773 2457 illis
790 2451 797 2464 ‚

128 2475 187 2520 qui
208 2476 331 2509 morbo
356 2478 541 2515 liniuntur,
569 2490 731 2521 magnum
760 2489 797 2509 cx

863 1953 1024 1985 lacrimas
1040 1953 1128 1985 inter
1147 1952 1266 1985 solatia
1287 1951 1401 1983 luctus
1416 1948 1534 1981 refert.

864 2006 983 2050 Itaque
997 2005 1190 2050 praepositio
1207 2017 1248 2036 etz·
1259 2030 1266 2041 ,
1284 2009 1457 2048 praeeunte
1472 2002 1536 2033 Ro-

865 2070 968 2090 mano
995 2059 1181 2104 exemplari
1195 2083 1203 2098 ,
1227 2055 1375 2089 delenda
1402 2062 1451 2087 est
1463 2080 1471 2094 ‚
1500 2062 1537 2086 ut

865 2110 1103 2156 intelligantur
1129 2111 1248 2143 solatia
1263 2135 1271 2150 ,
1300 2121 1375 2154 quac
1403 2107 1537 2153 reliqua

866 2171 944 2196 sunt
960 2164 1159 2210 parentibus
1175 2190 1183 2204 ,
1201 2163 1260 2209 qui
1276 2163 1401 2196 liberos
1418 2161 1538 2195 amise-

866 2225 960 2250 runt.
976 2218 1019 2250 H.

917 2283 946 2309 7.
964 2273 1090 2312 Quanto
1110 2273 1211 2314 magis
1230 2284 1284 2301 (¹[P.
1299 2271 1396 2302 Rom.
1416 2278 1536 2311 quanto

866 2325 967 2367 magis
981 2323 1093 2356 (mali.
1105 2324 1211 2355 -Ita
1224 2330 1256 2354 et
1268 2321 1417 2355 Coi-tius.
1431 2321 1534 2351 Beue.

865 2376 899 2409 S.
910 2397 955 2400 ——
966 2379 1029 2408 Sed
1036 2378 1138 2408 honor
1154 2378 1248 2408 etiam
1265 2385 1296 2406 et
1305 2375 1423 2417 gloria.
1440 2374 1521 2404 110111
1529 2398 1535 2403 .

865 2431 928 2460 Sed
938 2431 1041 2460 honor
1053 2431 1210 2472 etgloria.
1224 2427 1267 2459 H.
1282 2448 1325 2451 ⁷„
1339 2430 1386 2457 De
1397 2428 1535 2468 (bsnnct.

866 2476 960 2508 cultu
979 2490 1011 2508 v.
1028 2476 1115 2508 Plin.
1130 2476 1172 2508 H.
1190 2476 1231 2507 N.
1249 2472 1411 2511 XXXIV,
1427 2477 1456 2512 4.
1472 2472 1537 2503 En.

557 2609 564 2610 ff
577 2609 580 2610 ν
622 2596 1052 2619 ἡ--ὔςὶπῐηδᾰὶῑῡ--ὶν-

1553 1030 1572 1060 6
