1742 2989
100 1326 140 1347 12

195 207 278 261 142

586 208 634 250 C.
669 203 894 249 PLINII
927 200 1057 249 LIB.
1095 207 1190 250 ΙΙΙ.

141 308 162 339 9
186 288 353 332 malint.
379 288 633 350 Apponitur
667 302 791 331 coena
819 302 909 329 non
940 287 1084 330 minus
1111 286 1250 331 nitida
1285 303 1416 348 quam
1445 288 1590 350 frugi,

186 363 231 405 in
262 371 446 423 argento
470 377 583 422 puro
613 369 657 404 et
694 359 888 419 antiquo.
924 361 1037 404 Sunt
1065 359 1111 402 in
1146 376 1229 404 usu
1254 369 1298 403 et
1331 361 1589 415 Corinthia,

182 436 343 496 quibus
383 434 653 489 delectatur,
685 448 766 476 nec
812 430 1029 476 adficitur.
1072 434 1343 494 Frequenter
1383 433 1590 477 comoedis

181 524 306 553 coena
331 507 634 567 distinguitur,
651 514 700 549 ut
724 502 970 565 voluptates
996 521 1171 566 quoque
1196 505 1349 549 studiis
1374 506 1589 551 condian-

179 591 265 625 tur.
294 581 438 626 Sumit
462 578 628 641 aliquid
656 578 708 622 de
738 586 892 634 nocte,
923 587 966 622 et
995 588 1156 623 aestate.
1183 579 1360 624 Nemini
1386 580 1470 623 hoc
1495 579 1588 623 lon-

113 673 155 694 ιο
179 671 285 716 gum
321 664 415 711 est3
451 663 574 698 tanta
616 652 821 697 comitate
856 650 1107 695 convivium
1141 651 1346 696 trahitur.
1383 651 1492 696 Inde
1526 652 1586 696 illi

175 739 277 789 post
301 729 537 790 septimum
563 736 607 770 et
633 724 1005 786 septuagesimum
1037 740 1202 768 annum
1233 725 1407 769 aurium
1433 723 1586 769 oculo-

176 818 363 862 rumque
396 802 521 862 vigor
562 798 762 860 integer;
797 797 898 841 inde
935 796 1048 858 agile
1086 807 1128 842 et
1163 797 1358 842 vividum
1398 815 1585 859 corpus,

109 893 147 915 11
175 875 354 937 solaque
382 892 434 919 ex
457 883 681 919 senectute
710 871 958 934 prudentia.
988 873 1115 915 Hanc
1141 887 1223 931 ego
1251 871 1385 915 vitam
1415 881 1517 915 voto
1543 881 1586 915 et

172 950 441 1010 cogitatione
465 964 706 1011 praesumo,
734 946 1010 1007 ingressurus
1026 943 1295 999 avidissime,
1320 954 1368 988 ut
1389 945 1582 1005 primum

170 1022 284 1066 ratio
309 1023 448 1067 aetatis
477 1021 672 1082 receptui
699 1034 856 1064 canere
882 1017 1143 1078 permiserit.
1174 1018 1360 1061 Interim
1385 1017 1503 1062 mille
1526 1017 1585 1061 la-

169 1091 353 1140 boribus
378 1105 585 1140 conteror
600 1130 612 1151 ,
638 1109 828 1155 quorum
854 1092 963 1135 mihi
985 1101 1028 1135 et
1046 1090 1249 1135 solatium
1272 1101 1315 1135 et
1333 1091 1582 1152 exemplum

168 1178 235 1212 est
270 1169 386 1213 idem
423 1168 675 1230 Spurinna:
704 1183 807 1210 nam
839 1164 911 1209 ille
941 1181 1139 1225 quoque,
1168 1164 1314 1225 quoad
1347 1165 1581 1209 honestum

167 1240 276 1299 fuit,
302 1243 413 1287 obiit
452 1242 623 1298 officia,
649 1240 780 1302 gessit
813 1239 1095 1299 magistratus
1114 1273 1126 1293 ,
1160 1239 1408 1299 provincias
1440 1240 1580 1282 rexit:

167 1315 396 1377 multoque
424 1315 573 1360 labore
599 1315 684 1358 hoc
705 1313 845 1357 otium
873 1312 1048 1356 meruit.
1076 1312 1221 1373 Igitur
1247 1311 1437 1356 eundem
1469 1312 1578 1356 mihi

166 1405 343 1433 cursum
361 1425 371 1444 ,
404 1388 591 1433 eundem
611 1388 849 1432 terminum
872 1394 1015 1428 statuo
1037 1401 1046 1428 :
1069 1384 1200 1445 idque
1212 1385 1303 1444 jam
1320 1401 1439 1428 nune
1459 1384 1576 1445 apud

166 1471 209 1505 te
237 1463 447 1524 subsigno
470 1480 479 1506 z
503 1471 577 1517 ut,
599 1461 633 1505 si
649 1477 719 1504 me
745 1459 920 1520 longius
943 1457 1066 1502 evehi
1087 1456 1272 1511 videris,
1292 1457 1337 1500 in
1359 1458 1429 1517 jus
1448 1473 1576 1501 voces

163 1607 219 1637 vel
235 1605 316 1637 alia.
334 1604 379 1637 H.
394 1624 440 1629 —-—
455 1603 510 1637 Sic
529 1602 666 1636 Cortius
682 1613 721 1633 ex
739 1600 834 1633 libris

161 1657 233 1690 suis
247 1681 257 1697 ,
295 1657 422 1702 quibus
456 1654 628 1689 accedunt
664 1653 833 1698 Excerpta

145 1708 369 1743 'Brtunmeri.
387 1710 420 1743 S.

206 1774 241 1806 9.
273 1762 455 1794 Lautiores
483 1760 660 1794 habebant
691 1770 773 1791 vasa
800 1764 833 1790 et

158 1815 280 1847 caelata
293 1822 325 1847 et
339 1815 495 1860 antiqua.
510 1813 577 1847 Sed
590 1824 660 1858 prae
670 1811 831 1844 omnibus

157 1867 230 1900 istis
248 1867 408 1913 operibus
424 1867 622 1900 eminebant
638 1866 805 1897 Corinthia
818 1890 827 1902 ‚

155 1921 283 1966 quibus
304 1922 433 1953 mirum
453 1927 624 1966 quantum
641 1916 758 1963 cupidi
782 1917 830 1950 in-

155 1974 312 2008 hiabant.
330 1976 396 2008 ΕΒ.

200 2047 247 2052 -——
260 2030 329 2059 Nec
343 2029 507 2070 adficitur.
522 2026 600 2058 Non
614 2024 731 2069 aliquo
746 2035 825 2056 cum

154 2079 272 2113 furore
297 2080 423 2126 expetit
446 2087 479 2111 et
508 2086 601 2111 amat
628 2078 693 2111 ista
719 2091 823 2119 vasa,

154 2140 192 2165 ut
217 2133 274 2166 ille
299 2131 392 2178 apud
411 2131 592 2165 Horatium
608 2132 625 2163 I
640 2156 648 2170 ‚
668 2131 738 2164 Sat.
758 2132 824 2172 IV,

154 2188 210 2218 28.
233 2202 246 2215 «ι
263 2186 367 2218 Hunc
381 2185 472 2230 capit
488 2183 622 2229 argenti
637 2183 802 2229 splendor
813 2210 822 2225 ‚

151 2244 265 2283 stupet
292 2239 412 2271 Albius
437 2249 513 2270 aere.
532 2253 545 2265 u
574 2237 615 2270 E.
646 2256 691 2261 -—
721 2239 819 2271 Rom.

152 2293 272 2332 Quibus
287 2293 466 2323 delectatur
481 2300 513 2321 et
530 2291 693 2334 adficitur.
711 2289 756 2323 H.
776 2310 822 2315 —

149 2343 207 2379 Sic
236 2343 352 2389 plures
380 2342 471 2376 libri.
503 2343 623 2387 Longe
650 2342 821 2388 longeque

149 2404 287 2441 praestat
301 2409 368 2428 nec.
389 2397 423 2429 S.

195 2470 240 2474 ——
252 2451 416 2482 Comoedis.
429 2447 519 2481 Vide
532 2448 549 2480 I
561 2472 569 2487 ‚
589 2447 630 2481 15
645 2472 653 2487 ,
671 2461 702 2481 2.
717 2447 760 2480 G.
774 2467 819 2472 --

148 2521 194 2526 ——
215 2504 381 2534 Comoedis.
406 2500 493 2533 Inde
516 2513 535 2534 a
552 2507 717 2545 *tempore
739 2500 819 2534 belli

148 2553 286 2587 Asiatici
300 2561 476 2599 coeperunt
489 2553 635 2586 Romani
648 2553 742 2586 varia
759 2566 817 2586 au-

147 2607 239 2639 rium
270 2607 536 2652 animorumque
566 2605 816 2639 oblectamenta

147 2658 275 2692 addere
300 2659 421 2704 epulis.
442 2650 608 2692 Nonnulli
635 2658 761 2691 scurris
785 2666 816 2691 et

147 2711 358 2744 morionibus
379 2711 654 2745 delectabantur.
672 2710 736 2743 En.

949 1618 994 1622 -—
1006 1600 1051 1629 Et
1063 1606 1186 1630 testate.
1203 1598 1340 1631 Cortius
1357 1609 1366 1629 :
1385 1614 1398 1626 «
1412 1597 1572 1631 Vossian.

901 1652 999 1682 etiam
1016 1660 1148 1687 aestate,
1170 1663 1212 1683 ex
1230 1650 1354 1684 Glossa
1367 1675 1376 1691 ‚
1396 1662 1504 1695 quam
1523 1658 1574 1682 ta-

899 1715 979 1735 men
999 1701 1177 1748 Gryphius
1202 1703 1365 1749 praetulit.
1383 1718 1396 1731 r·
1421 1702 1572 1736 Praetulit

899 1754 982 1787 item
1013 1754 1186 1799 Gierigius
1209 1778 1218 1794 ‚
1249 1755 1407 1800 nihilque
1440 1755 1572 1788 monito

897 1806 1026 1840 lectore
1045 1806 1080 1839 in
1100 1814 1230 1839 textum
1248 1807 1403 1840 immisit.
1422 1807 1504 1840 Vid.
1525 1808 1569 1840 N.

897 1860 1015 1893 Heins.
1035 1859 1080 1892 ad
1093 1859 1217 1892 Vellei.
1238 1860 1371 1893 Patere.
1392 1861 1426 1892 II
1441 1885 1449 1900 ,
1483 1863 1545 1893 116
1562 1885 1570 1899 ‚

895 1925 976 1958 pag.
1002 1913 1089 1946 1180
1104 1937 1112 1952 ‚
1132 1912 1188 1945 ed.
1205 1911 1344 1945 Ruhnk.
1365 1913 1399 1946 S.

946 1978 996 1998 10.
1007 1968 1146 2008 Solaque
1158 1978 1200 1997 esc
1211 1975 1371 1997 senectute
1377 1967 1565 2008 prudentia.

894 2017 1132 2051 Incommodis
1143 2017 1327 2051 senectutis
1338 2030 1409 2050 non
1424 2018 1567 2063 conjun-

893 2071 969 2103 ctis.
991 2072 1025 2104 S.

942 2141 995 2162 11.
1024 2133 1066 2161 Ut
1076 2131 1218 2171 primum
1239 2131 1324 2160 ratio
1349 2131 1457 2160 creatis
1482 2141 1566 2160 rece-

887 2183 961 2223 ptui
972 2194 1089 2213 canere
1095 2183 1290 2224 permiserit.
1306 2180 1479 2225 Gierigius
1492 2180 1562 2220 llic,

887 2233 1038 2266 Plinium
1050 2233 1309 2279 reprehendens
1322 2258 1330 2273 ‚
1345 2233 1462 2266 nescio
1478 2233 1561 2278 quid

887 2285 1044 2319 tricatur.
1066 2285 1287 2331 Mequidem
1307 2285 1464 2319 Pliniana
1489 2298 1560 2318 non

888 2343 1089 2378 offendunt.
1113 2344 1149 2378 S.

940 2410 951 2428 1
961 2410 977 2429 2
986 2424 992 2429 .
1003 2399 1110 2441 Igitur
1121 2399 1266 2429 eumdem
1280 2398 1368 2434 mihi,
1381 2402 1446 2429 etc.
1459 2396 1556 2429 Rom.

886 2451 991 2493 Igitur
1002 2459 1034 2482 et
1043 2452 1187 2481 eumdem
1200 2451 1280 2481 mihi
1293 2462 1419 2480 cursum
1432 2458 1462 2479 ee
1474 2461 1558 2481 eum-

885 2504 956 2533 dem
971 2504 1149 2534 terminum.
1167 2501 1209 2534 H.
1225 2522 1271 2526 —-—
1286 2500 1420 2545 Copula
1434 2500 1557 2532 melius

885 2555 993 2587 abest.
1006 2555 1039 2588 S.
1055 2575 1100 2579 -—
1116 2557 1230 2587 Cursus
1244 2561 1276 2586 et
1288 2555 1436 2584 decursus
1449 2552 1557 2585 hono-

883 2620 962 2640 rum
978 2619 1064 2652 saepe
1079 2632 1088 2646 ,
1106 2606 1207 2639 etiam
1228 2604 1321 2651 apud
1338 2604 1411 2637 Cic.
1431 2616 1553 2637 oecur-

882 2660 937 2692 rit.
957 2660 1117 2694 Sumtum
1135 2666 1184 2692 est
1201 2658 1254 2691 vel
1274 2669 1294 2690 a
1313 2655 1443 2696 stadio,
1460 2656 1513 2689 vel
1532 2670 1553 2689 a

882 2711 1115 2756 navigatione.
1125 2712 1189 2743 Eo.
1202 2731 1246 2737 -·
1255 2711 1420 2753 Subsiguo.
1431 2707 1548 2742 Fidem
