1742 2989
228 167 320 221 [530

618 172 665 212 C.
702 171 930 215 PLINII
968 174 1089 219 LIB.
1128 178 1240 220 VII.

180 257 200 289 8
227 249 313 293 bat.
343 251 566 307 Quorsum
598 251 720 296 haec?
746 253 862 309 Quia
886 253 1021 310 soles,
1043 256 1077 299 si
1098 256 1203 317 quid
1230 257 1383 317 incidit
1403 259 1526 315 novi,
1546 276 1632 303 non

227 323 389 368 invitus
422 325 597 369 audire:
634 325 813 381 deinde,
849 328 950 388 quia
976 329 1222 388 jucundum
1260 340 1323 374 est
1355 332 1484 385 mihi,
1517 333 1634 392 quod

225 398 418 458 ceperim
437 398 646 459 gaudium
660 435 671 456 ,
687 400 917 445 scribendo
941 411 1186 447 retractare.
1205 404 1390 448 Gaudeo
1411 405 1527 448 enim
1547 406 1635 466 pie-

225 480 313 513 tate
341 471 580 527 defunctae,
607 473 775 517 honore
796 475 949 535 optimi
969 476 1166 536 juvenis:
1190 476 1312 522 laetor
1335 479 1491 535 etiam,
1516 480 1632 540 quod

224 543 382 588 domus
421 544 657 606 aliquando
691 548 739 590 C.
780 548 942 600 Cassii,
982 548 1111 609 hujus
1137 550 1211 610 qui
1240 552 1455 595 Cassianae
1480 550 1635 595 scholae

179 661 183 667 ,
226 619 428 680 princeps
454 629 497 663 et
528 636 685 680 parens
710 621 814 677 fuit,
840 622 996 665 serviet
1029 622 1207 667 domino
1232 641 1320 668 non
1346 625 1519 668 minori.
1547 627 1635 668 Im—

225 690 363 750 plebit
388 693 503 735 enim
533 692 650 737 illam
677 694 931 751 Quadratus
958 712 1098 750 meus,
1121 706 1164 740 et
1183 696 1372 754 decebit,
1399 714 1636 758 rursusque

225 765 262 808 ei
277 766 508 826 pristinam
528 766 787 828 dignitatem
803 804 814 823 ‚
838 768 1133 814 celebritatem
1147 806 1158 825 ⁷
1180 770 1450 832 gloriamque
1465 771 1636 823 reddet,

224 855 360 899 quum
377 850 524 884 tantus
542 851 691 885 orator
716 842 817 885 inde
837 842 1064 903 procedet,
1087 854 1277 904 quantus
1299 844 1410 903 juris
1434 844 1504 888 ille
1526 861 1634 889 con-

224 912 375 958 sultus.
405 913 525 958 Vale.

222 1047 338 1080 Varro
352 1072 362 1088 ‚
382 1047 515 1081 dictum
531 1051 739 1082 corollarium
757 1063 779 1081 a
797 1053 899 1082 corol-

223 1102 260 1132 lis
268 1126 278 1139 ,
295 1105 591 1145 quumplacuerunt
599 1112 723 1135 actores
734 1128 743 1141 ‚
761 1103 792 1134 in
803 1115 898 1134 scena

222 1155 302 1185 dare
314 1156 434 1193 solitis,
453 1155 495 1188 de
508 1156 549 1188 L.
566 1156 606 1194 L,
619 1168 698 1202 pag.
713 1161 770 1198 42,
790 1168 821 1189 2.
833 1155 899 1189 Sed

222 1205 295 1239 haec
313 1215 346 1240 et
360 1207 460 1253 plura
473 1233 482 1249 ‚
500 1220 576 1254 quae
594 1208 650 1242 hic
673 1208 767 1242 dedit
785 1208 899 1242 Cella-

222 1259 292 1292 rius
303 1286 311 1300 ‚
329 1261 547 1295 commodius
563 1261 727 1306 leguntur
748 1263 782 1295 in
799 1263 900 1295 Lexi-

223 1311 285 1345 cis.
305 1312 350 1346 G.

273 1367 306 1399 8.
330 1369 486 1409 Quorsum
507 1370 602 1400 lzoec?
624 1370 720 1411 Quia.
738 1368 899 1409 Brevius‚

224 1418 283 1451 sed
300 1419 420 1452 eadem
440 1421 607 1454 sententia
627 1421 790 1462 Cordus,
808 1425 897 1461 Hoee,

223 1473 301 1513 quia
313 1475 393 1504 soles
405 1499 412 1511 ‚
434 1481 500 1507 etc.
521 1474 564 1507 G.

269 1545 315 1550 ——
324 1527 357 1557 C.
374 1528 499 1558 Cassius
510 1529 673 1570 Longinus
687 1527 750 1559 sub
760 1526 898 1560 Tiberio

223 1580 407 1612 consulatu
417 1579 556 1613 functus
567 1607 575 1623 ,
589 1593 607 1612 a
620 1579 778 1625 Caligula
789 1580 876 1614 Asiae
888 1606 896 1621 ,

223 1643 242 1664 a
262 1631 410 1665 Claudio
437 1632 544 1678 Syriae
565 1634 748 1679 praefectus
762 1659 770 1674 ‚
793 1646 810 1666 a
830 1635 897 1667 Ne-

222 1697 307 1717 rone
323 1685 357 1718 in
374 1686 531 1720 exsilium
557 1689 686 1733 ejectus
701 1713 709 1727 ‚
730 1700 751 1720 a
763 1688 896 1733 Vespa-

223 1738 319 1772 siano
329 1748 513 1773 revocatus
528 1742 704 1774 est.Tacit.
716 1742 809 1775 Ann.
821 1742 903 1782 XII,

227 1804 290 1833 123
313 1793 393 1834 XV,
423 1794 488 1834 523
514 1794 620 1835 XVI,
645 1807 679 1838 9.
700 1794 799 1827 Idem
828 1798 904 1827 Cas-

223 1847 326 1878 siame
344 1848 474 1880 Scholae'
484 1849 648 1891 princeps.
674 1849 807 1892 Nempe
828 1849 901 1894 jain

223 1898 287 1931 sub
295 1899 450 1944 Augusto
461 1908 558 1933 sectae
570 1900 727 1946 quaedam
735 1901 899 1933 JCtorum

224 1960 305 1985 ortae
320 1960 397 1985 sunt
412 1978 420 1993 ‚
435 1965 585 1998 quarum
600 1960 758 1987 auctores
773 1957 820 1986 M.
832 1957 899 1985 An-

225 2007 327 2037 tistius
341 2008 447 2038 Labeo
463 2014 493 2039 et
508 2009 540 2038 C.
552 2008 664 2038 Ateius
681 2008 811 2049 Capita,
829 2005 900 2038 duo

224 2058 319 2103 pacis
348 2059 613 2092 decora.Tacit.
635 2060 726 2091 Anu.
747 2059 820 2098 III,
842 2058 899 2103 75.

225 2111 384 2152 Quorum
397 2112 453 2145 ille
464 2112 653 2146 acerrimus
667 2112 834 2145 libertatis
844 2111 901 2144 de-

225 2163 343 2197 fensor
361 2165 486 2197 mansit
500 2190 508 2205 ‚
528 2165 585 2197 hic
606 2177 686 2198 vero
707 2177 741 2197 se
761 2176 898 2197 accom-

225 2216 380 2251 modavit
392 2216 562 2250 voluntati
576 2218 736 2263 Augusti.
747 2217 821 2250 JCti
836 2216 899 2262 igi-

225 2277 281 2302 tur
295 2271 338 2302 ab
353 2282 392 2303 eo
406 2270 486 2304 inde
501 2278 654 2316 tempore
670 2270 822 2316 plerique
839 2270 899 2302 uni

226 2332 285 2356 aut
307 2324 403 2357 alteri
432 2332 530 2358 sectae
549 2336 587 2357 se
619 2323 837 2356 addixerunt.
872 2323 899 2354 E

226 2376 406 2422 Capitonis
436 2377 553 2410 schola
582 2377 646 2409 sub
670 2377 811 2409 Tiberio
837 2376 900 2408 fuit

230 2431 388 2462 Masurius
401 2432 552 2468 Sabinus,
569 2429 666 2474 cujus
682 2428 899 2462 institutione

964 1051 1021 1084 hic
1046 1059 1161 1084 noster
1184 1053 1309 1083 Cassius
1328 1063 1410 1084 usus
1425 1075 1434 1092 ,
1458 1050 1638 1096 Capitonis

964 1105 1102 1138 inventa
1119 1105 1166 1138 ita
1182 1104 1365 1138 illustravit
1376 1129 1385 1145 ,
1400 1112 1438 1137 ut
1452 1104 1511 1137 illa
1527 1103 1643 1137 schola

965 1157 1010 1190 ab
1035 1170 1076 1190 eo
1105 1159 1268 1190 Cassianae
1293 1169 1422 1191 nomen
1449 1157 1619 1203 acciperet
1633 1182 1642 1196 ,

966 1209 1026 1243 sed
1040 1211 1104 1244 sub
1114 1210 1331 1257 Vespasiano
1344 1212 1529 1243 Sabiniano:
1543 1222 1562 1243 a
1579 1212 1643 1242 Cae-

967 1266 1009 1296 lio
1029 1266 1161 1296 Sabino.
1179 1264 1229 1296 Ex
1248 1276 1289 1297 ea
1311 1264 1457 1310 Trajani
1478 1263 1642 1308 tempori-

966 1318 1031 1351 bus
1051 1317 1216 1351 inclaruit
1241 1319 1369 1350 Priscus
1389 1319 1577 1355 Iavolenus,
1599 1315 1642 1348 de

966 1383 1036 1416 quo
1049 1371 1101 1403 VI
1115 1395 1123 1410 ,
1143 1370 1241 1416 epist.
1266 1370 1318 1404 15.
1339 1373 1363 1402 E
1382 1371 1540 1402 Labeonis
1558 1381 1642 1402 vero

966 1423 1086 1457 schola
1097 1423 1227 1457 Tiberii
1242 1423 1366 1457 saeculo
1379 1425 1526 1455 Cocceius
1536 1425 1641 1454 Nerva

966 1476 1051 1522 prod
1057 1476 1093 1509 iit
1104 1501 1113 1518 ‚
1125 1477 1181 1509 cui
1191 1478 1393 1520 Sempronius
1404 1477 1558 1508 Proculus
1568 1486 1642 1507 suc·

965 1530 1063 1563 cessit
1074 1555 1082 1569 ‚
1100 1543 1120 1563 a
1139 1542 1209 1575 quo
1225 1528 1396 1563 Labeonis
1417 1528 1547 1561 familia
1561 1532 1641 1560 Pro-

964 1585 1183 1615 culeianorum
1216 1595 1343 1615 nomen
1372 1580 1556 1626 assumpsit
1570 1605 1579 1621 ‚
1606 1589 1639 1613 et

963 1636 1084 1681 paullo
1099 1644 1174 1681 post
1193 1637 1448 1679 Pegasianorum
1463 1646 1481 1666 a
1496 1634 1638 1679 Pegaso.

969 1689 1020 1722 Ex
1044 1689 1110 1722 hac
1134 1690 1197 1722 sub
1214 1689 1368 1733 Trajano
1393 1687 1584 1720 floruerunt
1603 1690 1639 1718 P.

970 1743 1132 1774 Juvencius
1147 1744 1251 1774 Celsus
1266 1749 1298 1773 et
1311 1739 1473 1773 Neratius
1487 1738 1621 1772 Priscus
1631 1763 1639 1778 ‚

971 1793 1014 1826 de
1033 1793 1158 1839 quibus
1178 1792 1222 1827 ad
1238 1793 1289 1825 VI
1304 1817 1312 1832 ‚
1329 1805 1383 1839 ep.
1406 1792 1424 1826 5
1437 1817 1446 1833 ,
1467 1797 1487 1833 4
1499 1818 1508 1833 ,
1524 1799 1555 1824 et
1569 1791 1619 1823 VI
1631 1815 1639 1831 ,

969 1859 1024 1892 ep.
1040 1848 1073 1880 8.
1088 1847 1156 1879 En.

1013 1912 1047 1944 9.
1063 1902 1226 1943 Implebit.
1242 1924 1249 1931 .
1266 1924 1272 1930 .
1290 1909 1336 1931 *ec
1353 1899 1487 1930 decebit.
1508 1894 1638 1928 Eadem

967 1952 1038 1985 fere
1047 1953 1097 1985 vis
1107 1953 1288 1998 utriusque
1298 1950 1415 1985 verbi:
1429 1951 1536 1992 implet
1547 1948 1637 1980 enim

966 2005 1128 2046 domum,
1149 2005 1209 2051 qui
1236 2005 1315 2038 satis
1340 2015 1488 2048 magnus
1510 2009 1559 2034 est
1573 2025 1582 2040 ‚
1602 2007 1637 2032 ut

966 2058 1224 2104 proportionem
1255 2057 1298 2090 ad
1322 2069 1398 2090 eam
1422 2055 1561 2087 habeat.
1584 2053 1638 2087 Sic

966 2111 1093 2156 paneg.
1111 2111 1192 2151 XV,
1209 2114 1244 2150 4,
1264 2111 1354 2153 quod
1367 2110 1504 2151 denique
1523 2115 1637 2138 tectum

966 2177 1098 2208 magnus
1113 2166 1223 2206 hospes
1233 2163 1424 2205 impleveris,
1438 2159 1497 2192 uhi
1511 2157 1580 2191 vid.
1592 2157 1636 2190 G.

965 2238 1009 2242 -
1024 2220 1203 2259 Rursusque
1212 2238 1334 2248 ......
1345 2215 1464 2246 reddet.
1494 2211 1638 2243 Pleona-

966 2281 1071 2302 smus.
1090 2270 1184 2314 Saepe
1202 2268 1249 2301 sic
1267 2280 1373 2299 rursus
1389 2277 1467 2299 cum
1487 2263 1601 2297 verbis
1618 2275 1635 2295 a

965 2335 999 2354 re
1024 2321 1266 2367 incipientibus
1289 2319 1460 2366 jungitur.
1481 2316 1564 2349 Vid.
1585 2315 1636 2348 in-

966 2382 1071 2420 terpr.
1093 2373 1137 2407 ad
1157 2374 1236 2407 Liv.
1254 2374 1322 2412 IX,
1342 2384 1397 2417 27,
1422 2383 1452 2411 1,
1471 2369 1550 2415 epit.
1576 2373 1635 2408 14,

966 2426 1010 2460 ad
1023 2427 1092 2461 Jul.
1109 2427 1193 2460 Caes.
1213 2425 1257 2459 de
1273 2426 1312 2458 B.
1327 2424 1371 2458 G.
1391 2424 1458 2463 IV,
1478 2427 1511 2463 4.
1531 2422 1564 2454 S.

635 2568 1239 2587 rww-ffi
1247 2577 1264 2580 ψ
1274 2576 1310 2579 μ»
1324 2576 1346 2578 --
