1742 2989
570 219 917 262 EPISTULA
954 220 1144 262 XXIV.
1500 222 1557 281 (37

150 301 345 346 arriserit
368 301 560 361 pretium
578 335 588 355 ‚
613 298 859 360 Tranquilli
886 301 971 344 mei
998 300 1273 344 stomachum
1303 301 1439 345 multa
1475 303 1561 346 sol-

150 375 320 418 licitant
340 409 351 430 ,
386 373 587 417 vicinitas
614 373 762 427 urbis,
798 375 1109 434 opportunitas
1135 374 1213 417 viae
1232 409 1243 428 ,
1282 372 1562 418 meduicritzis

150 447 281 502 villae,
308 447 464 491 modus
494 448 635 502 ruris,
667 447 743 507 qui
776 457 929 491 avocet
960 449 1118 509 magis,
1144 465 1277 508 quain
1312 448 1559 510 distringat.

149 520 427 565 Scholasticis
447 537 581 582 porro
603 520 791 564 dominis
805 557 816 577 ,
839 521 974 565 uthic
989 531 1076 576 est,
1098 521 1260 565 sufficit
1280 521 1455 566 abunde
1474 533 1564 566 tan-
1587 555 1606 577 4

148 604 244 638 tum
268 593 373 651 soli,
398 603 448 638 ut
474 593 665 638 relevare
692 603 854 655 caput,
879 594 1060 638 reficere
1084 593 1260 650 oculos,
1287 605 1459 655 reptare
1487 613 1565 656 per

148 666 362 724 limitem,
394 683 618 728 unamque
654 668 856 712 semitam
892 678 1058 722 terere,
1090 685 1329 729 omnesque
1365 669 1565 713 viticulas

146 756 245 783 suas
280 756 434 795 nosse,
466 750 509 784 et
548 757 782 784 numerare
822 741 1076 786 arbusculas
1114 742 1295 802 possint.
1342 746 1445 787 Haec
1487 744 1562 787 tibi
1593 761 1609 790 s,

146 814 356 874 exposui,
380 829 468 873 quo
488 814 626 874 magis
644 813 796 869 scires,
815 825 1030 875 quantum
1048 813 1118 858 ille
1140 824 1251 858 esset
1275 815 1405 869 mihi,
1428 832 1565 876 quan-

148 896 243 930 tum
270 903 351 947 ego
378 886 457 929 tibi
484 886 740 942 debiturus,
769 889 803 931 si
830 886 1092 949 praediolum
1122 887 1263 941 istud,
1293 888 1412 949 quod
1443 905 1567 931 com-

147 959 382 1003 mendatur
409 959 476 1003 his
504 959 681 1004 dotibus
702 995 713 1016 ‚
744 970 836 1005 tam
863 960 1098 1005 salubriter
1125 962 1311 1015 emerit,
1345 972 1394 1005 ut
1424 963 1563 1022 poeui-

148 1034 295 1076 tentiae
321 1032 468 1077 locum
495 1049 586 1076 non
613 1032 847 1094 relinquat.
876 1034 1000 1079 Vale.

147 1174 207 1204 lzoc
224 1175 328 1216 agello
340 1198 350 1211 ,
371 1172 442 1205 sine
463 1182 582 1205 autem.
599 1172 644 1205 H.
663 1194 708 1197 —
723 1177 822 1206 Stom.

147 1227 250 1256 multa
274 1226 461 1257 sollicitant.
486 1224 597 1258 Multa
624 1232 703 1258 sunt
721 1251 729 1266 ,
749 1238 824 1272 quae

147 1276 374 1323 cupiditatem
388 1277 527 1310 emendi
541 1278 711 1323 injiciant.
725 1279 766 1311 E.
780 1300 825 1303 —

147 1333 283 1362 Avocec.
301 1356 307 1362 .
324 1355 331 1361 .
348 1356 354 1362 .
365 1332 548 1373 distringat.
565 1332 671 1376 Cujus
687 1331 824 1363 cultura

147 1382 303 1415 animum
315 1383 427 1427 magis
441 1391 572 1416 recreet
583 1408 591 1423 ⁷
606 1396 713 1429 quam
730 1384 822 1416 curis

146 1435 324 1475 sollicitet;
343 1436 431 1468 hene
444 1435 575 1481 Gierig.
596 1438 641 1469 cf.
659 1437 766 1482 Epist.
784 1437 800 1469 I
813 1462 821 1477 ‚

148 1489 182 1528 3,
199 1502 232 1528 2,
246 1497 279 1522 et
295 1489 398 1529 VIII,
412 1490 467 1523 23.
480 1489 520 1521 E.
535 1490 644 1523 —Sic
657 1492 729 1536 jam
744 1491 826 1523 Cor-

148 1541 216 1574 tius
250 1553 258 1574 :
293 1558 307 1571 «
325 1546 449 1574 Avocet
477 1543 521 1576 ab
551 1542 626 1576 aliis
652 1543 800 1589 negotiis
815 1569 823 1584 ,

154 1610 167 1622 a
183 1594 311 1640 quibus
339 1593 502 1627 dominus
524 1594 765 1642 distringitur,
792 1604 825 1629 et

154 1663 166 1674 α
181 1654 359 1681 removeat
375 1672 385 1687 ‚
400 1647 558 1694 adeoque
573 1657 705 1682 recreet
723 1657 756 1683 et
772 1663 823 1683 re-

153 1716 166 1727 «
183 1699 288 1733 ficiat.
307 1717 321 1729 »
341 1701 376 1734 S.

195 1760 225 1790 4.
246 1755 455 1786 Scholasticis
474 1768 576 1798 porro
603 1757 750 1787 dominis.
774 1756 825 1788 Ita

147 1811 179 1836 et
194 1806 293 1838 Rom.
309 1805 354 1838 H.
370 1827 415 1830 ——
428 1808 633 1845 Scholastici,
651 1807 684 1840 in
702 1808 827 1841 umbra

148 1857 347 1891 scholarum
373 1867 569 1900 versantes,
591 1860 826 1893 declamantes

147 1918 179 1941 et
201 1910 407 1957 eloquentiae
429 1912 587 1945 studiosi.
601 1912 684 1946 Vid.
706 1925 761 1958 ep.
792 1914 823 1947 3,

890 1174 932 1207 E.
947 1194 992 1198 --
1004 1173 1128 1206 Glossa
1140 1198 1148 1214 ‚
1164 1174 1199 1206 in
1212 1181 1342 1206 textum
1357 1173 1445 1207 adeo
1458 1174 1567 1215 illata,

890 1225 988 1259 haud
1005 1226 1226 1260 incommode
1241 1228 1391 1259 studiosis
1409 1228 1566 1272 explicat.

891 1280 946 1314 Cf.
967 1279 1086 1312 Gifan.
1106 1280 1254 1313 Observ.
1276 1280 1316 1312 L.
1346 1281 1386 1312 L.
1417 1293 1455 1325 p.
1479 1282 1566 1326 4¹37,

893 1331 948 1365 ed.
970 1332 1109 1365 Altonb.
1138 1333 1197 1364 uhi
1217 1345 1292 1378 quae
1317 1333 1411 1366 Otho
1428 1332 1568 1375 {adscri-

891 1385 984 1429 psit,
1004 1384 1149 1418 laudare
1173 1394 1408 1430 occupaverat
1430 1386 1569 1418 Cortius

891 1438 936 1471 ad
955 1438 1045 1471 Plin.
1064 1439 1098 1470 Π
1113 1463 1120 1477 ,
1140 1439 1158 1471 3
1173 1463 1182 1478 ,
1199 1439 1231 1471 5.
1249 1439 1283 1472 S.
1301 1459 1346 1462 ——
1364 1442 1571 1481 Hepcareper

892 1493 1034 1523 limitem.
1056 1491 1103 1523 Ut
1128 1490 1250 1524 Horat.
1271 1491 1363 1536 Epp.
1387 1492 1423 1529 I,
1452 1496 1471 1532 [2
1486 1517 1494 1531 ‚
1524 1496 1567 1531 4,

889 1546 984 1577 silvas
1004 1547 1089 1576 incer
1104 1554 1233 1587 reptare
1250 1546 1403 1576 salubres.
1422 1544 1466 1577 G.

937 1600 967 1630 5.
982 1600 1052 1639 Quo
1069 1599 1189 1641 magis.
1206 1623 1213 1630 .
1230 1599 1449 1640 .proediolmn.
1468 1597 1567 1630 Rom.

891 1653 961 1692 Quo
978 1652 1081 1694 magis
1096 1652 1192 1682 scires
1204 1676 1212 1687 ‚
1230 1660 1388 1693 quantum
1403 1653 1502 1683 etiam
1516 1652 1570 1682 ille

892 1705 971 1735 mihi
979 1729 989 1741 ,
1010 1716 1067 1746 ego
1088 1704 1147 1734 tibi
1163 1705 1327 1735 debiturus
1345 1705 1404 1735 sim
1418 1729 1428 1741 ‚
1445 1705 1569 1746 sipra’-

892 1758 1026 1788 diolum.
1042 1754 1109 1789 Sed
1123 1756 1190 1789 hoc
1205 1758 1302 1788 eciam
1318 1756 1450 1789 factum
1465 1754 1569 1788 credo

892 1822 933 1841 ex
953 1819 1050 1846 esset,
1070 1816 1190 1853 postea
1209 1822 1291 1842 vero
1306 1811 1366 1840 sim
1383 1821 1402 1842 a
1420 1808 1569 1841 librariis

892 1862 1075 1895 accessisse
1092 1873 1099 1893 :
1117 1861 1277 1894 ordinem
1292 1862 1478 1895 verborum
1497 1861 1570 1895 vul-

892 1921 973 1958 gato
987 1914 1146 1959 praeferO.
1165 1915 1209 1947 H.

1316 2799 1337 2843 μ’(
