1742 2989
172 199 259 252 342
578 200 624 241 C.
661 199 883 242 PLINII
916 200 1041 242 LlB.
1079 201 1163 243 VI.

170 280 415 324 constantia
437 280 573 336 salva,
599 280 783 323 decorus
803 281 1002 335 habitus,
1027 299 1074 325 os
1100 281 1399 342 planum‚vox
1422 282 1575 339 virilis,

170 364 300 396 tenax
336 355 572 406 memoria,
605 370 815 414 magnum
851 355 1103 415 ingenium,
1130 355 1345 415 judicium
1377 355 1573 415 aequale:

171 444 266 486 quae
295 426 465 487 singula
496 426 602 469 mihi
634 425 846 487 voluptati
874 426 1051 470 fuerunt
1078 444 1087 471 :
1118 438 1246 488 atque
1272 429 1386 471 inter
1412 428 1502 472 haec
1528 428 1577 472 il-

172 500 270 555 lud,
298 500 413 561 quod
445 511 488 544 et
511 501 592 561 ipsi
619 517 712 555 me⁷
737 509 784 543 ut
808 510 1044 556 rectorem,
1071 511 1118 544 ut
1146 503 1405 562 magistrum
1432 502 1576 544 intue-

171 573 357 628 bantur,
380 584 422 616 et
453 575 527 627 iis,
549 575 624 634 qui
656 573 917 627 audiebant,
946 591 1015 617 me
1041 574 1260 630 aemulari,
1280 576 1387 619 meis
1416 576 1578 619 instare

173 647 363 707 vestigiis
390 646 663 690 videbantur.
693 651 732 691 O
761 647 877 690 diem
903 647 1117 708 (repetam
1145 648 1280 706 enim]
1307 648 1476 703 laetum,
1496 665 1577 691 no-

173 720 444 779 tandumque
464 720 571 763 mihi
593 719 902 763 candidissimo
920 718 1104 763 calculo!
1127 721 1244 777 Quid
1267 722 1384 764 enim
1408 731 1483 764 aut
1506 738 1581 783 pu-

173 793 285 836 blice
316 793 476 849 laetius,
503 810 635 853 quam
663 792 925 836 clarissimos
950 794 1135 854 juvenes
1165 810 1330 838 nomen
1356 804 1396 837 et
1421 794 1580 838 famam

175 882 225 908 ex
255 866 408 909 studiis
442 876 611 926 petere,
639 876 713 909 aut
744 866 853 909 mihi
883 866 1099 926 optatius,
1128 883 1259 926 quam
1288 883 1357 909 me
1383 866 1435 909 ad
1465 877 1581 910 recta

177 939 455 982 tendentibus
480 939 605 999 quasi
632 938 854 999 exemplar
883 955 973 982 esse
1003 939 1453 1000 proposituin?Quod
1480 956 1584 999 gau-

175 1013 296 1056 dium
324 1023 371 1056 ut
395 1023 609 1074 perpetuo
635 1014 830 1073 capiam..
850 1012 953 1056 deos
981 1029 1059 1056 oro
1085 1013 1167 1056 :ab
1194 1012 1366 1065 iisdem,
1386 1022 1496 1055 teste
1517 1021 1584 1067 te7

179 1182 367 1212 Constantia
390 1182 489 1211 salva.
517 1180 624 1224 Capio
652 1179 724 1211 haec
754 1185 848 1211 sexto

176 1245 259 1265 casu
271 1257 279 1272 ,
300 1240 466 1277 tanquam
481 1233 730 1265 restrictionem
740 1234 850 1274 probi-

177 1288 239 1316 tati
252 1284 435 1330 adjectam.
453 1286 623 1317 Nimirum
640 1285 792 1330 probitas
806 1284 849 1317 ad

176 1336 423 1369 verecundiam
452 1338 639 1382 praesertim
679 1338 827 1369 refertur
840 1362 849 1376 ‚

178 1401 254 1433 quae
264 1389 373 1422 vicina
385 1389 563 1422 formidini
574 1397 605 1421 et
616 1389 766 1422 inconsta
774 1389 851 1421 ntiae

179 1440 265 1474 adeo
280 1450 340 1474 est.
352 1442 473 1474 Horat.
489 1442 559 1475 Sat.
575 1443 591 1473 I
603 1468 610 1482 ‚
627 1442 645 1473 3
658 1466 666 1481 ‚
680 1442 721 1474 56
736 1467 742 1473 .
757 1442 851 1473 «Pro-

178 1495 243 1526 bus
267 1494 343 1539 quis
367 1495 557 1527 Nobiscum
579 1494 683 1526 vivit?
703 1494 851 1526 Multum

180 1545 349 1579 demissus
376 1547 481 1578 homo
510 1546 567 1578 ille
586 1554 665 1578 est.»
697 1547 748 1579 Ne
775 1546 852 1591 quis

179 1598 285 1643 igitur
299 1612 339 1630 ex
353 1598 455 1631 laude
465 1600 638 1641 probitatis
656 1597 787 1643 aliquid
801 1611 854 1631 su-

181 1651 331 1695 spicetur
346 1651 564 1696 hujusmodi,
587 1650 704 1696 adjicit
725 1652 854 1684 Secun—

181 1703 246 1736 dus
259 1704 294 1735 in
311 1711 443 1736 tantum
460 1705 589 1749 probos
604 1716 676 1735 esse
690 1729 698 1743 ‚
714 1711 751 1735 ut
765 1706 854 1735 salva

182 1756 284 1788 simul
300 1756 341 1788 sit
355 1759 537 1788 constantia
546 1756 590 1788 G.
601 1776 645 1780 ——
659 1760 699 1787 Os
707 1759 852 1798 planum.

182 1808 287 1849 Quod
309 1808 442 1854 singula
462 1809 565 1841 verba
584 1816 674 1841 recte
692 1808 854 1854 explicet,

183 1861 332 1907 syllabas
344 1874 412 1894 non
424 1863 604 1902 obscuret,
619 1869 677 1894 aut
692 1861 834 1894 devoret
846 1885 855 1900 ,

184 1921 248 1946 etc.
271 1917 421 1946 Latinum
441 1928 490 1952 os,
515 1913 610 1959 quod
629 1914 757 1947 habent
777 1913 856 1959 qui-

185 1965 266 1998 dam
278 1967 376 2005 libri,
395 1967 422 1999 si
436 1966 579 1999 omnino
592 1966 799 1999 servandum
816 1965 858 1997 sit

185 2018 300 2063 (quod
322 2019 407 2051 mihi
434 2028 549 2051 tamen
577 2031 673 2051 secus
701 2018 859 2062 videtur)

185 2082 255 2103 non
272 2071 475 2117 interpreter
488 2085 566 2104 cum
584 2071 723 2104 Barthio
736 2072 858 2104 faciem

187 2122 370 2156 Heroicam
385 2149 393 2163 ‚
420 2137 495 2169 quae
521 2137 713 2157 sermonem
736 2126 860 2157 Roma-

188 2188 272 2207 num
305 2176 492 2209 condeceat
512 2188 519 2208 :
546 2176 603 2209 sed
636 2179 782 2209 referam
816 2176 860 2209 ad

189 2226 275 2259 illud
300 2227 474 2261 Ciceronis
496 2228 539 2262 de
567 2230 665 2261 Orat.
696 2230 747 2261 HI
760 2255 768 2269 ,
797 2242 834 2262 12
851 2242 857 2262 :

190 2281 324 2321 «Quare
331 2294 440 2326 quum
453 2283 493 2313 sit
503 2281 661 2326 quaedam
670 2290 761 2314 certa
772 2296 842 2314 voa·
850 2308 858 2319 ,

192 2335 319 2364 romarii
344 2336 470 2377 generis
502 2336 649 2376 urbisque
666 2337 803 2377 propria
827 2335 861 2367 in

192 2398 261 2430 qua
287 2386 371 2418 nihil
400 2385 582 2419 offendere
596 2411 604 2425 ,
637 2387 721 2419 nihil
750 2387 864 2432 displi-

193 2450 270 2470 cere
281 2465 290 2479 ‚
308 2438 393 2470 nihil
418 2437 644 2471 animadverti
669 2440 773 2483 possit
786 2464 795 2479 ,
810 2439 863 2471 ni-

194 2489 243 2522 hil
271 2503 393 2524 sonare
420 2499 479 2523 aut
505 2490 597 2523 olere
622 2492 841 2536 peregrinum
854 2517 863 2531 ,

194 2542 285 2575 hanc
299 2556 484 2588 sequamur
499 2568 507 2583 ‚
522 2556 634 2587 neque
649 2544 756 2576 solam
773 2546 866 2575 rusti-

195 2607 266 2625 cam
283 2598 507 2638 asperitatem,
528 2595 586 2628 sed
608 2595 708 2627 etiaim
722 2598 865 2639 peregri-

196 2659 271 2678 nam
282 2650 482 2680 insolentiam
492 2648 578 2690 (haec
590 2647 660 2679 duo
674 2656 752 2679 sunt
762 2660 866 2692 oppo-

198 2698 344 2732 sitavoci
353 2703 510 2745 romanae)
518 2701 637 2745 fugere
647 2698 835 2733 discamus.
852 2717 864 2729 υ

911 1176 1113 1211 Praeceduut
1125 1178 1227 1222 plura
1240 1185 1272 1210 et
1287 1186 1476 1223 sequuntur
1488 1203 1497 1218 ,
1511 1191 1586 1224 quae

913 1232 981 1265 huc
1009 1233 1152 1266 faciunt.
1177 1232 1220 1265 G.
1236 1253 1280 1257 -—
1296 1232 1514 1265 Contrarium
1535 1231 1584 1264 vi-

914 1285 999 1317 tium
1020 1298 1123 1331 supra
1144 1285 1241 1329 epist.
1264 1290 1282 1326 4
1298 1310 1307 1325 ,
1326 1297 1359 1328 7,
1375 1297 1587 1317 commemo·

914 1338 1059 1370 rabatur
1074 1352 1108 1369 οε
1125 1340 1303 1381 confusum.
1321 1339 1362 1370 E.
1376 1339 1526 1370 —Rom.
1548 1340 1588 1368 Os

909 1393 1047 1432 planum
1059 1417 1067 1428 ,
1084 1403 1153 1423 non
1170 1392 1314 1422 latinum.
1334 1390 1528 1434 Utrumque
1545 1389 1588 1421 de

915 1441 1589 1487 pronuntiationeintelligendum;quod

917 1495 1096 1527 Catanaeus
1105 1494 1268 1538 viclir,q11i
1279 1503 1443 1536 expertam
1449 1507 1591 1536 pronun-

917 1549 1082 1578 tiationem
1095 1546 1273 1590 adscripsit
1286 1571 1294 1586 ‚
1310 1558 1349 1578 ac
1361 1546 1474 1590 potius
1486 1559 1589 1577 exser-

918 1608 994 1630 tam.
1008 1599 1194 1631 Barthiana
1205 1598 1487 1642 interpretatione
1503 1598 1590 1630 nihil

917 1660 965 1683 est
977 1651 1120 1684 alienius
1132 1677 1140 1690 ‚
1155 1651 1315 1697 quamvis
1329 1663 1368 1682 ea
1380 1651 1496 1683 Cortio
1508 1664 1591 1696 quo-

918 1715 985 1748 que
998 1703 1168 1736 adriserit.
1182 1702 1264 1735 Visl.
1284 1715 1395 1735 meam
1410 1702 1528 1736 adnot.
1547 1702 1589 1736 ad

919 1756 1058 1788 Cornel.
1076 1757 1200 1801 Nepot.
1220 1755 1331 1788 Alcib.
1351 1767 1427 1802 cap.
1444 1756 1473 1787 I.
1490 1760 1531 1788 H.
1545 1775 1591 1780 ——

922 1811 1017 1849 Quod
1033 1818 1063 1840 et
1085 1811 1148 1851 ipsi
1165 1822 1230 1845 me,
1253 1817 1316 1840 etc.
1337 1809 1435 1840 Rom.
1458 1825 1471 1837 «
1488 1806 1592 1849 Quod

919 1860 1033 1905 ipsum
1057 1873 1111 1893 me
1139 1869 1177 1893 ut
1201 1869 1392 1901 rectorem,
1419 1869 1455 1893 ut
1481 1860 1591 1905 magi·

921 1921 1029 1945 strum
1056 1913 1299 1953 intuebantur,
1323 1913 1424 1946 etiam
1444 1913 1504 1958 qui
1528 1925 1590 1945 au-

921 1966 1141 2005 diebant‚1ne
1161 1966 1327 2005 aemulari,
1351 1965 1436 1998 meis
1464 1966 1594 1998 instare

920 2019 1070 2064 vestigiis
1084 2018 1321 2052 videbantur.»
1340 2018 1461 2050 Melius
1475 2018 1594 2062 vulga-

922 2080 995 2104 tum
1018 2079 1078 2105 est.
1101 2072 1144 2103 H.
1169 2091 1214 2096 -—
1232 2073 1455 2103 Intuebantur.
1485 2071 1595 2104 Sensu

922 2125 1064 2171 proprio
1083 2124 1285 2169 intelligam.
1304 2124 1337 2157 S.

973 2180 1066 2218 4.Ab
1085 2179 1215 2215 iisdem,
1244 2186 1319 2208 teste
1349 2186 1388 2208 te.
1416 2175 1533 2208 Lectio
1553 2175 1597 2208 ab

924 2230 1015 2263 Aldo
1033 2230 1184 2275 prolata,
1205 2229 1260 2261 cui
1287 2230 1499 2273 suffragatur
1523 2228 1596 2260 Me-

926 2282 1042 2315 diceus
1064 2294 1071 2314 :
1093 2294 1199 2327 quam
1219 2282 1359 2326 planam
1373 2306 1381 2321 ,
1402 2280 1571 2325 liquidam
1586 2304 1595 2319 ‚

927 2337 1117 2380 elegantem
1135 2346 1207 2367 esse
1226 2346 1329 2366 nemo
1344 2341 1472 2366 temere
1494 2344 1598 2377 nega-

927 2388 1025 2420 verit.
1048 2387 1141 2419 Editi
1161 2394 1276 2419 tamen
1297 2394 1376 2418 ante
1396 2384 1523 2418 Aldum
1537 2408 1546 2423 ‚
1567 2391 1598 2415 et

927 2440 1097 2472 Gruterus
1126 2452 1164 2471 ex
1194 2437 1290 2471 libris
1319 2436 1480 2469 Palatinis
1495 2460 1503 2475 ,
1524 2435 1569 2467 ita
1589 2446 1595 2466 ;

928 2505 968 2523 ac
986 2494 1110 2523 eosdem
1129 2501 1218 2523 testes
1227 2500 1303 2533 peto
1315 2515 1324 2530 ,
1341 2499 1376 2520 ut
1389 2501 1494 2519 omnes
1504 2513 1512 2525 ,
1532 2495 1595 2519 etc.

928 2542 1031 2584 Quod
1047 2551 1118 2575 tum
1141 2542 1280 2575 demum
1299 2540 1537 2587 probaverim,
1551 2539 1597 2578 si,

933 2608 1000 2628 uno
1015 2595 1111 2640 apice
1127 2595 1308 2627 immutato
1322 2619 1330 2634 ‚
1352 2592 1510 2624 ultimum
1527 2604 1600 2624 ver-

931 2649 1013 2680 bum
1033 2647 1181 2692 epistolae
1205 2659 1275 2679 non
1301 2647 1403 2677 velint
1425 2644 1598 2690 legamus,

933 2700 991 2733 scd
1010 2702 1115 2732 velim.
1135 2699 1188 2733 Sic
1208 2698 1297 2731 enim
1314 2697 1460 2735 Plinius,
1480 2695 1599 2729 candi-
