1742 2989
586 208 932 250 EPIsTOLA
967 209 1050 250 VI.

118 295 222 347 tria,
250 301 297 335 ut
324 290 480 335 circuit
510 288 572 332 sol
591 324 601 342 ‚
631 297 707 331 aut
736 288 824 332 sole
850 299 1060 344 utuntur,
1092 298 1169 332 aut
1200 289 1366 333 umbra.
1398 293 1521 335 Hanc
1546 303 1586 335 32

1428 209 1518 272 289

117 366 446 427 dispositionem
483 363 868 422 amoenitatemque
904 372 1118 406 tectorum
1156 362 1284 423 longe
1318 363 1523 423 praecedit

118 439 447 500 hippodromus,
470 436 644 479 Medius
665 436 866 495 patescit,
886 437 1120 497 statimque
1141 437 1399 479 intrantium
1422 454 1521 480 ocu-

118 513 168 556 lis
193 522 308 556 totus
332 510 536 563 offertur,
564 509 749 570 platanis
774 510 998 553 circuitur.
1030 509 1117 553 Illae
1142 509 1304 553 hedera
1327 511 1521 553 vestiun—

117 594 212 639 tur,
240 594 372 645 utque
394 599 571 626 summae
594 582 705 635 suis,
727 584 784 626 ita
811 583 906 626 imae
933 583 1084 626 alienis
1111 583 1340 627 frondibus
1368 585 1521 627 virent.

120 658 291 701 Hedera
321 667 524 700 truncum
557 665 600 698 et
629 672 772 699 ramos
801 666 1021 716 pererrat,
1045 657 1297 717 vicinasque
1324 657 1523 717 platanos

120 732 305 775 transitu
344 747 422 773 suo
459 729 649 790 copulat.
692 732 781 773 Has
820 730 961 773 buxus
996 731 1235 789 interjacet.
1281 731 1525 774 Exteriores

120 805 257 848 buxos
287 803 573 848 circumvenit
609 802 781 856 laurus,
813 803 1066 863 umbraeque
1096 803 1373 863 platanorum
1403 819 1525 846 suam

120 877 298 921 confert.
329 878 491 919 Rectus
525 875 596 918 hie
626 875 908 936 hippodromi
945 876 1066 919 limes
1101 877 1146 919 in
1179 886 1371 920 extrema
1402 887 1526 937 parte
1554 888 1595 921 33

120 949 360 1009 hemicyclo
380 949 617 1010 frangitur,
640 959 867 1010 mutatque
890 949 1043 993 faciem
1067 967 1076 993 ε
1099 951 1314 1010 cupressis
1334 951 1529 994 ambitur

120 1032 163 1065 et
187 1023 374 1083 tegitur,
396 1022 597 1065 densiore
620 1022 775 1065 umbra
802 1023 981 1083 opacior
1007 1024 1284 1084 nigriorque3
1311 1024 1528 1067 interiori-

122 1095 202 1138 bus
227 1093 402 1138 circulis
427 1093 549 1154 (sunt
575 1095 691 1138 enim
719 1095 883 1156 plures)
911 1097 1196 1156 purissimum
1219 1097 1334 1140 diem
1359 1097 1527 1158 recipit.

124 1168 230 1211 Inde
249 1169 380 1212 etiam
404 1185 522 1212 rosas
543 1168 690 1223 effert,
707 1170 1052 1230 umbrarumque
1079 1170 1217 1231 frigus
1238 1188 1328 1214 non
1356 1171 1529 1232 ingrato
1558 1176 1599 1215 34

123 1242 210 1285 sole
239 1242 480 1303 distinguit.
502 1243 647 1285 Finito
677 1243 798 1286 vario
825 1242 898 1286 illo
926 1243 1247 1304 multiplicique
1274 1246 1529 1288 curvamine

124 1325 242 1359 recto
272 1315 399 1358 limiti
426 1314 644 1370 redditur,
668 1332 747 1358 nec
775 1315 878 1359 huic
906 1316 995 1359 uni.
1023 1318 1135 1360 Nam
1162 1318 1240 1361 viae
1268 1317 1438 1377 plures,
1460 1320 1530 1361 in-

124 1387 445 1432 tercedentibus
464 1387 610 1439 buxis,
628 1387 898 1432 dividuntur.
918 1388 1034 1432 Alibi
1054 1390 1297 1449 pratulum,
1317 1390 1419 1433 alibi
1440 1392 1531 1451 ipsa
1559 1392 1599 1425 35

123 1462 264 1504 buxus
291 1460 528 1503 intervenit
554 1460 598 1502 in
623 1459 785 1504 formas
814 1460 930 1504 mille
959 1461 1202 1522 descripta,
1228 1462 1364 1506 literis
1392 1464 1530 1507 inter-

173 1607 227 1639 31.
256 1609 296 1637 Ut
320 1607 435 1637 circuit
458 1607 515 1636 sol.
542 1605 640 1637 Rom.
672 1608 712 1636 Ut
730 1607 794 1636 cir-

125 1660 269 1691 cumierit
277 1661 334 1690 sol.
345 1658 389 1690 H.
403 1678 446 1682 κ-
457 1658 507 1690 De
517 1657 583 1690 hac
597 1657 708 1690 forma
721 1657 792 1690 vid.

126 1720 246 1758 praeter
265 1711 421 1744 Cortium
447 1710 491 1743 ad
514 1711 550 1743 h.
574 1711 596 1743 l.
616 1711 792 1744 Drakenb.

127 1765 170 1798 ad
184 1764 260 1797 Liv.
280 1764 353 1803 III,
369 1766 408 1803 6,
427 1775 461 1806 9.
479 1764 514 1797 S.

175 1819 229 1850 32.
250 1820 357 1860 Longe
372 1818 530 1859 praecedic
553 1817 793 1858 hippodromus.

127 1871 224 1902 Rom.
242 1873 350 1912 Longe
371 1872 497 1912 lateque
509 1871 668 1911 praecedit
687 1870 796 1911 hippo-

129 1925 268 1955 dromus.
285 1922 329 1954 Η.

175 1996 220 2001 -
236 1978 432 2017 Umbraeque.
446 1973 486 2006 In
499 1973 709 2006 Gesneriana
724 1981 796 2006 erat

131 2031 321 2071 umbraque,
352 2027 555 2072 negligentia
571 2052 578 2066 ,
605 2026 640 2059 ni
674 2026 775 2058 fallor
789 2051 797 2065 ‚

130 2093 326 2126 operarum.
339 2079 435 2112 Idem
449 2080 482 2112 in
493 2079 692 2125 Gierigiana
704 2103 713 2118 ‚
725 2090 800 2124 quae

131 2147 175 2166 an
199 2133 355 2167 eamdem
375 2133 502 2166 habeat
524 2132 776 2165 excusationem
791 2156 800 2170 ‚

132 2187 200 2231 ipse
210 2186 333 2219 viderit
341 2185 524 2230 Gierigius.
535 2186 569 2220 S.

179 2240 234 2273 33.
257 2241 448 2280 Herniqyclo.
467 2239 603 2272 Cortius
620 2239 801 2280 hemicyclio

133 2291 258 2325 dedite
272 2291 350 2323 cod.
367 2290 493 2323 Medic.
511 2299 576 2323 etc.
593 2291 636 2322 G.
648 2311 693 2315 —
704 2294 802 2322 Fran-

130 2347 231 2388 gitur,
250 2357 319 2376 non
332 2344 455 2376 sensim
468 2343 527 2376 sed
539 2351 712 2389 praerupto
728 2355 804 2375 cur-

133 2397 270 2429 vamine
285 2396 445 2429 flectitur.
465 2397 530 2428 En.

181 2451 236 2490 34.
259 2451 339 2480 Inde
358 2451 455 2480 etium
468 2474 475 2485 ‚
500 2449 597 2481 Rom.
619 2450 699 2479 Inde
714 2461 802 2479 rosas

135 2503 248 2545 «stifft,
269 2502 341 2534 sine
365 2504 476 2539 etiam,
497 2509 528 2533 et
550 2502 661 2545 offert,
680 2512 741 2544 pro
759 2501 803 2543 ‘f‘

125 2555 206 2597 fert.
227 2554 271 2586 H.

181 2627 226 2631 —
244 2610 340 2638 Recto
368 2608 483 2643 limiti,
505 2613 570 2639 etc.
592 2607 688 2638 Rom.
710 2608 803 2637 Recto

139 2661 235 2690 limite
251 2661 396 2691 redditur
413 2672 452 2690 ne
471 2661 543 2690 huic
556 2661 620 2690 ιιηί.
638 2658 682 2690 H.

175 2711 229 2743 ¹35.
242 2714 331 2743 Mille
341 2713 499 2754 descripta
508 2737 516 2750 ,
531 2719 595 2744 etc.
609 2712 705 2743 Rom.
719 2712 807 2743 Mille

329 2776 368 2816 I.

860 1608 1017 1649 descripta
1044 1610 1153 1640 literis.
1183 1611 1412 1651 Interdumque
1437 1611 1532 1641 modo

859 1673 973 1691 nomen
996 1662 1137 1695 domini,
1167 1663 1262 1692 modo
1288 1663 1432 1707 artificis.
1450 1663 1535 1695 Ver-

860 1713 944 1745 bum
973 1715 1086 1744 dicunt
1107 1713 1285 1746 omissum.
1310 1714 1401 1746 Turn
1417 1739 1425 1754 ,
1449 1731 1462 1743 «
1476 1715 1534 1747 Al-

859 1765 963 1798 ternis
977 1765 1112 1797 metulae
1124 1774 1324 1810 exsurgunt,
1335 1766 1472 1799 alternis
1482 1767 1536 1800 in-

861 1818 923 1850 sita
937 1825 1017 1850 sunt
1033 1830 1148 1862 poma.
1163 1834 1176 1846 υ
1196 1819 1272 1850 Non
1288 1818 1408 1851 dubito
1423 1845 1431 1859 ‚
1449 1819 1534 1865 quin

861 1873 956 1902 insita
968 1882 985 1902 a
999 1870 1108 1902 Plinio
1123 1870 1176 1903 sit.
1189 1871 1309 1903 Postea
1324 1883 1332 1903 ζ
1353 1889 1366 1900 «ι
1377 1871 1534 1904 Medium

861 1924 895 1955 in
917 1923 1063 1967 spatium
1085 1923 1336 1956 brevioribus.»
1365 1924 1537 1957 H.-—Er-

864 1975 974 2009 nestio
1004 1976 1161 2021 placebat
1196 1978 1303 2007 literas
1336 1989 1398 2021 pro
1427 1979 1535 2009 literis.

863 2029 969 2068 Tum,
980 2030 1087 2074 τελείᾳ
1099 2033 1220 2075 στιγμῇ
1235 2037 1310 2074 post
1327 2032 1466 2062 imitatio
1478 2042 1539 2075 po-

866 2082 947 2121 sita,
969 2082 1099 2126 legebat
1120 2084 1263 2114 Medium
1289 2085 1447 2126 spatium,
1470 2091 1534 2116 etc.

866 2136 1047 2181 Apponam
1062 2138 1134 2182 ejus
1151 2144 1268 2168 notam
1288 2148 1294 2168 :
1311 2153 1324 2163 «ι
1340 2138 1471 2168 Licet-as.
1483 2136 1537 2169 Sic

867 2201 931 2233 pro
946 2190 1044 2220 literis
1057 2189 1152 2222 Cort.
1169 2197 1200 2221 et
1218 2189 1358 2234 Bipont.
1377 2201 1395 2220 e
1409 2188 1536 2221 Medic.

867 2240 1066 2280 ediderant,
1081 2254 1168 2287 quos
1186 2250 1218 2274 et
1236 2249 1372 2275 secutus
1392 2249 1440 2274 est
1460 2240 1542 2273 Gie-

866 2293 986 2338 rigius.
1011 2293 1193 2327 Cohaerent
1215 2294 1307 2327 enim
1335 2295 1392 2327 illa
1418 2297 1449 2325 in
1466 2296 1538 2336 sbr-

867 2359 952 2378 mas.
969 2371 976 2377 .
992 2371 999 2377 .
1016 2348 1140 2378 ,Ιίῐενας
1160 2349 1328 2379 interdum.
1354 2345 1484 2378 Deinde
1507 2354 1539 2377 et.

868 2401 994 2431 meeulae
1017 2411 1060 2431 au
1084 2399 1120 2432 h.
1142 2400 1165 2432 l.
1187 2407 1271 2444 aptae
1300 2399 1384 2438 sint,
1406 2397 1538 2430 dubita-

868 2459 961 2484 runt.
994 2454 1122 2484 Metulae
1148 2459 1227 2485 sunt
1255 2452 1333 2484 coni
1359 2464 1396 2483 ex
1424 2451 1537 2490 buxo,

868 2505 952 2550 pinu
973 2512 1030 2537 aut
1051 2505 1168 2537 similis
1189 2505 1389 2537 incrementi
1416 2504 1538 2536 arbore

871 2556 1020 2590 formati.
1053 2556 1117 2590 Sed
1149 2557 1333 2602 quaeritur,
1363 2555 1538 2602 quomodo

870 2609 950 2642 talia
973 2617 1177 2643 ornamenta
1202 2621 1281 2642 mox
1304 2608 1433 2641 Plinius
1458 2613 1537 2641 ruris

871 2664 1082 2695 imitationem
1105 2663 1277 2708 appellare
1293 2662 1454 2707 potuerit.
1476 2662 1540 2695 Ita-

872 2727 939 2761 que
963 2728 982 2747 e
1005 2715 1091 2747 Cod.
1109 2716 1210 2746 Voss.
1237 2723 1267 2746 vt
1293 2713 1382 2747 Edd.
1404 2714 1537 2759 Grypli.

1297 2787 1348 2831 ¹9
