<?xml version="1.0" encoding="UTF-8"?>
<!DOCTYPE html PUBLIC "-//W3C//DTD XHTML 1.0 Transitional//EN"
    "http://www.w3.org/TR/xhtml1/DTD/xhtml1-transitional.dtd">
<html xmlns="http://www.w3.org/1999/xhtml" xml:lang="en" lang="en">
 <head>
  <title>
</title>
<meta http-equiv="Content-Type" content="text/html;charset=utf-8" />
  <meta name='ocr-system' content='tesseract 3.04.00' />
  <meta name='ocr-capabilities' content='ocr_page ocr_carea ocr_par ocr_line ocrx_word'/>
</head>
<body>
  <div class='ocr_page' id='page_1' title='image "./epistolarumlibri01plinuoft_0181.png"; bbox 0 0 1742 2989; ppageno 0'>
   <div class='ocr_carea' id='block_1_1' title="bbox 615 189 1089 233">
    <p class='ocr_par' dir='ltr' id='par_1_1' title="bbox 615 189 1089 233">
     <span class='ocr_line' id='line_1_1' title="bbox 615 189 1089 233; baseline -0.006 -1"><span class='ocrx_word' id='word_1_1' title='bbox 615 189 969 233; x_wconf 89' lang='lat' dir='ltr'><strong>EPISTOLA</strong></span> <span class='ocrx_word' id='word_1_2' title='bbox 1002 189 1089 231; x_wconf 86' lang='lat' dir='ltr'><strong>XI.</strong></span> 
     </span>
    </p>
   </div>
   <div class='ocr_carea' id='block_1_2' title="bbox 124 270 1631 1210">
    <p class='ocr_par' dir='ltr' id='par_1_2' title="bbox 124 270 1631 1210">
     <span class='ocr_line' id='line_1_2' title="bbox 148 270 1559 332; baseline -0.004 -14"><span class='ocrx_word' id='word_1_3' title='bbox 148 276 330 319; x_wconf 87' lang='lat' dir='ltr'><strong>veritate</strong></span> <span class='ocrx_word' id='word_1_4' title='bbox 355 272 629 316; x_wconf 85' lang='lat' dir='ltr'><strong>firmissimus</strong></span> <span class='ocrx_word' id='word_1_5' title='bbox 644 305 655 325; x_wconf 85' lang='lat'><strong>,</strong></span> <span class='ocrx_word' id='word_1_6' title='bbox 679 271 847 315; x_wconf 88' lang='lat' dir='ltr'><strong>censuit</strong></span> <span class='ocrx_word' id='word_1_7' title='bbox 863 274 1145 332; x_wconf 69' lang='lat' dir='ltr'><strong>septingenta</strong></span> <span class='ocrx_word' id='word_1_8' title='bbox 1164 270 1334 322; x_wconf 79' lang='lat' dir='ltr'><strong>millia,</strong></span> <span class='ocrx_word' id='word_1_9' title='bbox 1359 285 1463 327; x_wconf 67' lang='lat' dir='ltr'><strong>quae</strong></span> <span class='ocrx_word' id='word_1_10' title='bbox 1484 285 1559 313; x_wconf 76' lang='lat' dir='ltr'><strong>ccc—</strong></span> 
     </span>
     <span class='ocr_line' id='line_1_3' title="bbox 147 341 1558 410; baseline -0.004 -18"><span class='ocrx_word' id='word_1_11' title='bbox 147 358 324 410; x_wconf 69' lang='lat' dir='ltr'><strong>ceperas</strong></span> <span class='ocrx_word' id='word_1_12' title='bbox 353 348 534 390; x_wconf 65' lang='lat' dir='ltr'><strong>[Marius</strong></span> <span class='ocrx_word' id='word_1_13' title='bbox 547 380 560 400; x_wconf 84' lang='lat'><strong>,</strong></span> <span class='ocrx_word' id='word_1_14' title='bbox 591 348 755 388; x_wconf 75' lang='lat' dir='ltr'><strong>cerario</strong></span> <span class='ocrx_word' id='word_1_15' title='bbox 786 343 1017 403; x_wconf 76' lang='lat' dir='ltr'><strong>inserenda</strong></span> <span class='ocrx_word' id='word_1_16' title='bbox 1044 360 1055 386; x_wconf 89' lang='lat'><em>:</em></span> <span class='ocrx_word' id='word_1_17' title='bbox 1082 344 1236 386; x_wconf 67' lang='lat' dir='ltr'><strong>stlario</strong></span> <span class='ocrx_word' id='word_1_18' title='bbox 1268 341 1558 386; x_wconf 62' lang='lat' dir='ltr'><strong>arbelialta-</strong></span> 
     </span>
     <span class='ocr_line' id='line_1_4' title="bbox 146 415 1558 480; baseline -0.004 -16"><span class='ocrx_word' id='word_1_19' title='bbox 146 437 232 480; x_wconf 75' lang='lat' dir='ltr'><strong>que</strong></span> <span class='ocrx_word' id='word_1_20' title='bbox 255 418 598 464; x_wconf 74' lang='lat' dir='ltr'><strong>interdicendum</strong></span> <span class='ocrx_word' id='word_1_21' title='bbox 618 435 633 472; x_wconf 89' lang='grc'><strong>,·</strong></span> <span class='ocrx_word' id='word_1_22' title='bbox 662 419 895 462; x_wconf 71' lang='lat' dir='ltr'><strong>Martiano</strong></span> <span class='ocrx_word' id='word_1_23' title='bbox 924 418 1007 461; x_wconf 73' lang='lat' dir='ltr'><strong>hoc</strong></span> <span class='ocrx_word' id='word_1_24' title='bbox 1036 416 1229 477; x_wconf 75' lang='lat' dir='ltr'><strong>anzplius</strong></span> <span class='ocrx_word' id='word_1_25' title='bbox 1244 451 1256 470; x_wconf 85' lang='lat'>‚</span> <span class='ocrx_word' id='word_1_26' title='bbox 1290 415 1472 474; x_wconf 67' lang='lat' dir='ltr'><strong>Africa.</strong></span> <span class='ocrx_word' id='word_1_27' title='bbox 1505 419 1558 460; x_wconf 91' lang='lat' dir='ltr'><strong>In</strong></span> 
     </span>
     <span class='ocr_line' id='line_1_5' title="bbox 146 488 1559 552; baseline -0.004 -14"><span class='ocrx_word' id='word_1_28' title='bbox 146 494 235 538; x_wconf 87' lang='lat' dir='ltr'><strong>fine</strong></span> <span class='ocrx_word' id='word_1_29' title='bbox 259 493 484 538; x_wconf 78' lang='lat' dir='ltr'><strong>sententiae</strong></span> <span class='ocrx_word' id='word_1_30' title='bbox 510 492 668 552; x_wconf 85' lang='lat' dir='ltr'><strong>adjecit</strong></span> <span class='ocrx_word' id='word_1_31' title='bbox 693 508 702 534; x_wconf 75' lang='grc' dir='ltr'><strong><em>ε</em></strong></span> <span class='ocrx_word' id='word_1_32' title='bbox 732 491 871 550; x_wconf 72' lang='lat' dir='ltr'><strong>Quod</strong></span> <span class='ocrx_word' id='word_1_33' title='bbox 885 507 970 552; x_wconf 76' lang='lat' dir='ltr'><strong>ego</strong></span> <span class='ocrx_word' id='word_1_34' title='bbox 989 502 1033 535; x_wconf 83' lang='lat' dir='ltr'><strong>et</strong></span> <span class='ocrx_word' id='word_1_35' title='bbox 1055 492 1237 534; x_wconf 72' lang='lat' dir='ltr'><strong>Tacitus</strong></span> <span class='ocrx_word' id='word_1_36' title='bbox 1255 488 1457 547; x_wconf 73' lang='lat' dir='ltr'><strong>injuncta</strong></span> <span class='ocrx_word' id='word_1_37' title='bbox 1476 489 1559 532; x_wconf 72' lang='lat' dir='ltr'><strong>acl-</strong></span> 
     </span>
     <span class='ocr_line' id='line_1_6' title="bbox 146 562 1563 625; baseline -0.005 -14"><span class='ocrx_word' id='word_1_38' title='bbox 146 570 379 611; x_wconf 72' lang='lat' dir='ltr'><strong>vocatione</strong></span> <span class='ocrx_word' id='word_1_39' title='bbox 402 566 640 625; x_wconf 66' lang='lat' dir='ltr'><strong>diligenter</strong></span> <span class='ocrx_word' id='word_1_40' title='bbox 651 565 921 624; x_wconf 68' lang='lat' dir='ltr'><strong>fortiterque</strong></span> <span class='ocrx_word' id='word_1_41' title='bbox 936 565 1090 620; x_wconf 77' lang='lat' dir='ltr'><strong>szcncti</strong></span> <span class='ocrx_word' id='word_1_42' title='bbox 1107 578 1327 615; x_wconf 74' lang='lat' dir='ltr'><strong>essemus,</strong></span> <span class='ocrx_word' id='word_1_43' title='bbox 1351 562 1563 606; x_wconf 66' lang='lat' dir='ltr'><strong>arbitrari</strong></span> 
     </span>
     <span class='ocr_line' id='line_1_7' title="bbox 145 634 1561 697; baseline -0.004 -14"><span class='ocrx_word' id='word_1_44' title='bbox 145 651 347 684; x_wconf 77' lang='lat' dir='ltr'><strong>senatum</strong></span> <span class='ocrx_word' id='word_1_45' title='bbox 360 675 373 695; x_wconf 88' lang='lat'><strong>,</strong></span> <span class='ocrx_word' id='word_1_46' title='bbox 409 643 473 683; x_wconf 76' lang='lat' dir='ltr'><strong>ita</strong></span> <span class='ocrx_word' id='word_1_47' title='bbox 497 654 579 682; x_wconf 82' lang='lat' dir='ltr'><strong>nos</strong></span> <span class='ocrx_word' id='word_1_48' title='bbox 590 638 784 697; x_wconf 75' lang='lat' dir='ltr'><strong>fecisse,</strong></span> <span class='ocrx_word' id='word_1_49' title='bbox 823 649 877 681; x_wconf 75' lang='lat' dir='ltr'><strong>at</strong></span> <span class='ocrx_word' id='word_1_50' title='bbox 897 635 1083 697; x_wconf 62' lang='lat' dir='ltr'><strong>dignum</strong></span> <span class='ocrx_word' id='word_1_51' title='bbox 1108 634 1336 679; x_wconf 56' lang='lat' dir='ltr'><strong>mandatis</strong></span> <span class='ocrx_word' id='word_1_52' title='bbox 1353 635 1561 696; x_wconf 71' lang='lat' dir='ltr'><strong>partibus</strong></span> 
     </span>
     <span class='ocr_line' id='line_1_8' title="bbox 124 706 1631 771; baseline -0.004 -16"><span class='ocrx_word' id='word_1_53' title='bbox 124 712 291 771; x_wconf 81' lang='lat' dir='ltr'><strong>ficerit.</strong></span> <span class='ocrx_word' id='word_1_54' title='bbox 318 714 610 757; x_wconf 79' lang='lat' dir='ltr'><strong>Assenserunt</strong></span> <span class='ocrx_word' id='word_1_55' title='bbox 635 710 834 754; x_wconf 88' lang='lat' dir='ltr'><strong>consules</strong></span> <span class='ocrx_word' id='word_1_56' title='bbox 860 706 1097 771; x_wconf 76' lang='lat' dir='ltr'><strong>designati,</strong></span> <span class='ocrx_word' id='word_1_57' title='bbox 1126 725 1277 753; x_wconf 90' lang='lat' dir='ltr'><strong>omnes</strong></span> <span class='ocrx_word' id='word_1_58' title='bbox 1303 710 1434 752; x_wconf 84' lang='lat' dir='ltr'><strong>etiam</strong></span> <span class='ocrx_word' id='word_1_59' title='bbox 1459 726 1560 753; x_wconf 87' lang='lat' dir='ltr'><strong>con·</strong></span> <span class='ocrx_word' id='word_1_60' title='bbox 1591 730 1631 750; x_wconf 82' lang='lat'><strong>20</strong></span> 
     </span>
     <span class='ocr_line' id='line_1_9' title="bbox 144 782 1562 846; baseline -0.001 -18"><span class='ocrx_word' id='word_1_61' title='bbox 144 784 308 829; x_wconf 87' lang='lat' dir='ltr'><strong>sulares</strong></span> <span class='ocrx_word' id='word_1_62' title='bbox 327 802 465 846; x_wconf 90' lang='lat' dir='ltr'><strong>usque</strong></span> <span class='ocrx_word' id='word_1_63' title='bbox 487 784 541 828; x_wconf 90' lang='lat' dir='ltr'><strong>ad</strong></span> <span class='ocrx_word' id='word_1_64' title='bbox 560 785 821 845; x_wconf 90' lang='lat' dir='ltr'><strong>Pompeium</strong></span> <span class='ocrx_word' id='word_1_65' title='bbox 842 783 1067 844; x_wconf 83' lang='lat' dir='ltr'><strong>Collegam</strong></span> <span class='ocrx_word' id='word_1_66' title='bbox 1090 800 1097 825; x_wconf 91' lang='lat'><strong>:</strong></span> <span class='ocrx_word' id='word_1_67' title='bbox 1122 782 1192 825; x_wconf 88' lang='lat' dir='ltr'><strong>ille</strong></span> <span class='ocrx_word' id='word_1_68' title='bbox 1219 792 1262 826; x_wconf 87' lang='lat' dir='ltr'><strong>et</strong></span> <span class='ocrx_word' id='word_1_69' title='bbox 1280 786 1562 844; x_wconf 73' lang='lat' dir='ltr'><strong>septingenta</strong></span> 
     </span>
     <span class='ocr_line' id='line_1_10' title="bbox 143 856 1561 920; baseline -0.002 -19"><span class='ocrx_word' id='word_1_70' title='bbox 143 859 282 903; x_wconf 77' lang='lat' dir='ltr'><strong>millia</strong></span> <span class='ocrx_word' id='word_1_71' title='bbox 299 874 406 919; x_wconf 74' lang='lat' dir='ltr'><strong>qlcoe</strong></span> <span class='ocrx_word' id='word_1_72' title='bbox 425 869 661 920; x_wconf 71' lang='lat' dir='ltr'><strong>acceperat</strong></span> <span class='ocrx_word' id='word_1_73' title='bbox 677 860 858 902; x_wconf 75' lang='lat' dir='ltr'><strong>Marius</strong></span> <span class='ocrx_word' id='word_1_74' title='bbox 869 892 881 912; x_wconf 86' lang='lat'><strong>,</strong></span> <span class='ocrx_word' id='word_1_75' title='bbox 905 860 1070 901; x_wconf 71' lang='lat' dir='ltr'><strong>(erario</strong></span> <span class='ocrx_word' id='word_1_76' title='bbox 1095 856 1328 915; x_wconf 70' lang='lat' dir='ltr'><strong>inferenda</strong></span> <span class='ocrx_word' id='word_1_77' title='bbox 1341 891 1352 912; x_wconf 90' lang='lat'><strong>,</strong></span> <span class='ocrx_word' id='word_1_78' title='bbox 1372 865 1414 899; x_wconf 91' lang='lat' dir='ltr'><strong>et</strong></span> <span class='ocrx_word' id='word_1_79' title='bbox 1435 857 1561 899; x_wconf 70' lang='lat' dir='ltr'><strong>Illar-</strong></span> 
     </span>
     <span class='ocr_line' id='line_1_11' title="bbox 143 930 1563 994; baseline -0.001 -18"><span class='ocrx_word' id='word_1_80' title='bbox 143 936 314 976; x_wconf 78' lang='lat' dir='ltr'><strong>tiannm</strong></span> <span class='ocrx_word' id='word_1_81' title='bbox 339 937 386 977; x_wconf 87' lang='lat' dir='ltr'><strong>in</strong></span> <span class='ocrx_word' id='word_1_82' title='bbox 410 935 762 994; x_wconf 70' lang='lat' dir='ltr'><strong>quinquennium</strong></span> <span class='ocrx_word' id='word_1_83' title='bbox 788 930 1079 991; x_wconf 73' lang='lat' dir='ltr'><strong>relegandum</strong></span> <span class='ocrx_word' id='word_1_84' title='bbox 1104 947 1116 973; x_wconf 94' lang='grc'><strong>.·</strong></span> <span class='ocrx_word' id='word_1_85' title='bbox 1142 932 1340 974; x_wconf 76' lang='grc' dir='ltr'><em>Μανίιιηι</em></span> <span class='ocrx_word' id='word_1_86' title='bbox 1365 941 1563 991; x_wconf 64' lang='lat' dir='ltr'><strong>repetam</strong></span> 
     </span>
     <span class='ocr_line' id='line_1_12' title="bbox 142 1004 1562 1068; baseline -0.001 -19"><span class='ocrx_word' id='word_1_87' title='bbox 142 1005 489 1068; x_wconf 76' lang='lat' dir='ltr'><strong>dammpoence,</strong></span> <span class='ocrx_word' id='word_1_88' title='bbox 512 1006 763 1066; x_wconf 71' lang='lat' dir='ltr'><strong>qnanzjarn</strong></span> <span class='ocrx_word' id='word_1_89' title='bbox 772 1021 944 1067; x_wconf 73' lang='lat' dir='ltr'><strong>passus</strong></span> <span class='ocrx_word' id='word_1_90' title='bbox 964 1016 1098 1059; x_wconf 78' lang='lat' dir='ltr'><strong>esset,</strong></span> <span class='ocrx_word' id='word_1_91' title='bbox 1123 1004 1294 1048; x_wconf 88' lang='lat' dir='ltr'><strong>censuit</strong></span> <span class='ocrx_word' id='word_1_92' title='bbox 1315 1004 1562 1063; x_wconf 70' lang='lat' dir='ltr'><strong>relinquen-</strong></span> 
     </span>
     <span class='ocr_line' id='line_1_13' title="bbox 143 1076 1628 1140; baseline -0.003 -17"><span class='ocrx_word' id='word_1_93' title='bbox 143 1079 263 1124; x_wconf 77' lang='lat' dir='ltr'><strong>dum.</strong></span> <span class='ocrx_word' id='word_1_94' title='bbox 299 1082 438 1123; x_wconf 87' lang='lat' dir='ltr'><strong>Erant</strong></span> <span class='ocrx_word' id='word_1_95' title='bbox 471 1081 516 1123; x_wconf 91' lang='lat' dir='ltr'><strong>in</strong></span> <span class='ocrx_word' id='word_1_96' title='bbox 552 1090 739 1140; x_wconf 84' lang='lat' dir='ltr'><strong>utraque</strong></span> <span class='ocrx_word' id='word_1_97' title='bbox 774 1079 992 1123; x_wconf 83' lang='lat' dir='ltr'><strong>sententia</strong></span> <span class='ocrx_word' id='word_1_98' title='bbox 1026 1076 1182 1132; x_wconf 87' lang='lat' dir='ltr'><strong>multi,</strong></span> <span class='ocrx_word' id='word_1_99' title='bbox 1216 1076 1399 1120; x_wconf 87' lang='lat' dir='ltr'><strong>fortasse</strong></span> <span class='ocrx_word' id='word_1_100' title='bbox 1429 1078 1559 1120; x_wconf 86' lang='lat' dir='ltr'><strong>etiam</strong></span> <span class='ocrx_word' id='word_1_101' title='bbox 1591 1099 1628 1117; x_wconf 79' lang='lat'><strong>21</strong></span> 
     </span>
     <span class='ocr_line' id='line_1_14' title="bbox 1248 1150 1560 1210; baseline 0 -17"><span class='ocrx_word' id='word_1_102' title='bbox 1248 1166 1349 1193; x_wconf 87' lang='lat' dir='ltr'><strong>nam</strong></span> <span class='ocrx_word' id='word_1_103' title='bbox 1381 1150 1560 1210; x_wconf 89' lang='lat' dir='ltr'><strong>quidam</strong></span> 
     </span>
    </p>
   </div>
   <div class='ocr_carea' id='block_1_3' title="bbox 1473 203 1548 232">
    <p class='ocr_par' dir='ltr' id='par_1_3' title="bbox 1473 203 1548 232">
     <span class='ocr_line' id='line_1_15' title="bbox 1473 203 1548 232; baseline 0.013 -2"><span class='ocrx_word' id='word_1_104' title='bbox 1473 203 1548 232; x_wconf 81' lang='lat'><strong>101</strong></span> 
     </span>
    </p>
   </div>
   <div class='ocr_carea' id='block_1_4' title="bbox 138 1150 1631 1945">
    <p class='ocr_par' dir='ltr' id='par_1_4' title="bbox 138 1150 1631 1945">
     <span class='ocr_line' id='line_1_16' title="bbox 142 1150 1216 1214; baseline -0.004 -17"><span class='ocrx_word' id='word_1_105' title='bbox 142 1153 293 1214; x_wconf 90' lang='lat' dir='ltr'><strong>plures</strong></span> <span class='ocrx_word' id='word_1_106' title='bbox 321 1155 367 1197; x_wconf 89' lang='lat' dir='ltr'><strong>in</strong></span> <span class='ocrx_word' id='word_1_107' title='bbox 398 1155 479 1197; x_wconf 86' lang='lat' dir='ltr'><strong>hac</strong></span> <span class='ocrx_word' id='word_1_108' title='bbox 507 1153 573 1197; x_wconf 85' lang='lat' dir='ltr'><strong>vel</strong></span> <span class='ocrx_word' id='word_1_109' title='bbox 603 1153 811 1198; x_wconf 80' lang='lat' dir='ltr'><strong>solutiore</strong></span> <span class='ocrx_word' id='word_1_110' title='bbox 830 1188 842 1209; x_wconf 91' lang='lat'><strong>,</strong></span> <span class='ocrx_word' id='word_1_111' title='bbox 875 1152 943 1196; x_wconf 85' lang='lat' dir='ltr'><strong>vel</strong></span> <span class='ocrx_word' id='word_1_112' title='bbox 975 1150 1174 1195; x_wconf 85' lang='lat' dir='ltr'><strong>molliore</strong></span> <span class='ocrx_word' id='word_1_113' title='bbox 1206 1167 1216 1194; x_wconf 90' lang='lat'>:</span> 
     </span>
     <span class='ocr_line' id='line_1_17' title="bbox 142 1223 1560 1288; baseline -0.004 -17"><span class='ocrx_word' id='word_1_114' title='bbox 142 1243 196 1270; x_wconf 83' lang='lat' dir='ltr'><strong>ex</strong></span> <span class='ocrx_word' id='word_1_115' title='bbox 217 1226 300 1271; x_wconf 91' lang='lat' dir='ltr'><strong>illis</strong></span> <span class='ocrx_word' id='word_1_116' title='bbox 317 1244 493 1288; x_wconf 88' lang='lat' dir='ltr'><strong>quoque</strong></span> <span class='ocrx_word' id='word_1_117' title='bbox 507 1263 518 1282; x_wconf 80' lang='lat'><strong>,</strong></span> <span class='ocrx_word' id='word_1_118' title='bbox 539 1228 614 1288; x_wconf 90' lang='lat' dir='ltr'><strong>qui</strong></span> <span class='ocrx_word' id='word_1_119' title='bbox 630 1230 830 1272; x_wconf 88' lang='lat' dir='ltr'><strong>Cornuto</strong></span> <span class='ocrx_word' id='word_1_120' title='bbox 842 1225 1107 1269; x_wconf 83' lang='lat' dir='ltr'><strong>videbantur</strong></span> <span class='ocrx_word' id='word_1_121' title='bbox 1121 1224 1307 1279; x_wconf 82' lang='lat' dir='ltr'><strong>assensi,</strong></span> <span class='ocrx_word' id='word_1_122' title='bbox 1323 1223 1444 1267; x_wconf 89' lang='lat' dir='ltr'><strong>hunc</strong></span> <span class='ocrx_word' id='word_1_123' title='bbox 1457 1259 1468 1279; x_wconf 88' lang='lat'><strong>,</strong></span> <span class='ocrx_word' id='word_1_124' title='bbox 1485 1224 1560 1283; x_wconf 90' lang='lat' dir='ltr'><strong>qui</strong></span> 
     </span>
     <span class='ocr_line' id='line_1_18' title="bbox 140 1295 1631 1361; baseline -0.004 -17"><span class='ocrx_word' id='word_1_125' title='bbox 140 1310 240 1361; x_wconf 86' lang='lat' dir='ltr'><strong>post</strong></span> <span class='ocrx_word' id='word_1_126' title='bbox 270 1301 388 1361; x_wconf 88' lang='lat' dir='ltr'><strong>ipsos</strong></span> <span class='ocrx_word' id='word_1_127' title='bbox 421 1310 677 1355; x_wconf 86' lang='lat' dir='ltr'><strong>censuerat,</strong></span> <span class='ocrx_word' id='word_1_128' title='bbox 702 1299 1013 1360; x_wconf 81' lang='lat' dir='ltr'><strong>sequebantur.</strong></span> <span class='ocrx_word' id='word_1_129' title='bbox 1044 1297 1130 1341; x_wconf 86' lang='lat' dir='ltr'><strong>Sed</strong></span> <span class='ocrx_word' id='word_1_130' title='bbox 1155 1314 1294 1357; x_wconf 87' lang='lat' dir='ltr'><strong>quum</strong></span> <span class='ocrx_word' id='word_1_131' title='bbox 1321 1295 1447 1340; x_wconf 88' lang='lat' dir='ltr'><strong>fieret</strong></span> <span class='ocrx_word' id='word_1_132' title='bbox 1471 1296 1559 1340; x_wconf 82' lang='lat' dir='ltr'><strong>dis·</strong></span> <span class='ocrx_word' id='word_1_133' title='bbox 1590 1317 1631 1337; x_wconf 71' lang='lat'><strong>22</strong></span> 
     </span>
     <span class='ocr_line' id='line_1_19' title="bbox 141 1370 1560 1433; baseline -0.003 -17"><span class='ocrx_word' id='word_1_134' title='bbox 141 1373 305 1428; x_wconf 85' lang='lat' dir='ltr'><strong>cessio,</strong></span> <span class='ocrx_word' id='word_1_135' title='bbox 334 1373 410 1433; x_wconf 88' lang='lat' dir='ltr'><strong>qui</strong></span> <span class='ocrx_word' id='word_1_136' title='bbox 441 1372 554 1416; x_wconf 88' lang='lat' dir='ltr'><strong>sellis</strong></span> <span class='ocrx_word' id='word_1_137' title='bbox 584 1372 815 1416; x_wconf 88' lang='lat' dir='ltr'><strong>consulum</strong></span> <span class='ocrx_word' id='word_1_138' title='bbox 847 1372 1108 1416; x_wconf 86' lang='lat' dir='ltr'><strong>adstiterant</strong></span> <span class='ocrx_word' id='word_1_139' title='bbox 1128 1405 1140 1425; x_wconf 88' lang='lat'><strong>,</strong></span> <span class='ocrx_word' id='word_1_140' title='bbox 1165 1370 1211 1412; x_wconf 89' lang='lat' dir='ltr'><strong>in</strong></span> <span class='ocrx_word' id='word_1_141' title='bbox 1241 1370 1428 1413; x_wconf 87' lang='lat' dir='ltr'><strong>Cornuti</strong></span> <span class='ocrx_word' id='word_1_142' title='bbox 1459 1386 1560 1413; x_wconf 90' lang='lat' dir='ltr'><strong>sen—</strong></span> 
     </span>
     <span class='ocr_line' id='line_1_20' title="bbox 141 1441 1560 1506; baseline -0.002 -18"><span class='ocrx_word' id='word_1_143' title='bbox 141 1445 324 1488; x_wconf 84' lang='lat' dir='ltr'><strong>tentiam</strong></span> <span class='ocrx_word' id='word_1_144' title='bbox 350 1446 412 1488; x_wconf 90' lang='lat' dir='ltr'><strong>ire</strong></span> <span class='ocrx_word' id='word_1_145' title='bbox 438 1455 680 1506; x_wconf 85' lang='lat' dir='ltr'><strong>coeperunt.</strong></span> <span class='ocrx_word' id='word_1_146' title='bbox 707 1448 821 1489; x_wconf 87' lang='lat' dir='ltr'><strong>Tum</strong></span> <span class='ocrx_word' id='word_1_147' title='bbox 848 1444 932 1503; x_wconf 83' lang='lat' dir='ltr'><strong>illi,</strong></span> <span class='ocrx_word' id='word_1_148' title='bbox 960 1444 1035 1505; x_wconf 88' lang='lat' dir='ltr'><strong>qui</strong></span> <span class='ocrx_word' id='word_1_149' title='bbox 1065 1460 1108 1487; x_wconf 91' lang='lat' dir='ltr'><strong>se</strong></span> <span class='ocrx_word' id='word_1_150' title='bbox 1135 1441 1325 1502; x_wconf 83' lang='lat' dir='ltr'><strong>Collegae</strong></span> <span class='ocrx_word' id='word_1_151' title='bbox 1350 1459 1560 1486; x_wconf 87' lang='lat' dir='ltr'><strong>annume-</strong></span> 
     </span>
     <span class='ocr_line' id='line_1_21' title="bbox 140 1513 1560 1579; baseline -0.004 -17"><span class='ocrx_word' id='word_1_152' title='bbox 140 1519 229 1562; x_wconf 88' lang='lat' dir='ltr'><strong>rari</strong></span> <span class='ocrx_word' id='word_1_153' title='bbox 252 1519 535 1579; x_wconf 86' lang='lat' dir='ltr'><strong>patiebantur</strong></span> <span class='ocrx_word' id='word_1_154' title='bbox 552 1554 564 1573; x_wconf 88' lang='lat'><strong>,</strong></span> <span class='ocrx_word' id='word_1_155' title='bbox 591 1520 637 1562; x_wconf 92' lang='lat' dir='ltr'><strong>in</strong></span> <span class='ocrx_word' id='word_1_156' title='bbox 662 1518 884 1562; x_wconf 85' lang='lat' dir='ltr'><strong>diversum</strong></span> <span class='ocrx_word' id='word_1_157' title='bbox 911 1517 1180 1561; x_wconf 86' lang='lat' dir='ltr'><strong>transierunt</strong></span> <span class='ocrx_word' id='word_1_158' title='bbox 1211 1533 1220 1558; x_wconf 89' lang='lat'>:</span> <span class='ocrx_word' id='word_1_159' title='bbox 1249 1513 1429 1575; x_wconf 82' lang='lat' dir='ltr'><strong>Collega</strong></span> <span class='ocrx_word' id='word_1_160' title='bbox 1459 1532 1560 1558; x_wconf 89' lang='lat' dir='ltr'><strong>cum</strong></span> 
     </span>
     <span class='ocr_line' id='line_1_22' title="bbox 140 1588 1561 1653; baseline -0.004 -17"><span class='ocrx_word' id='word_1_161' title='bbox 140 1593 292 1653; x_wconf 85' lang='lat' dir='ltr'><strong>paucis</strong></span> <span class='ocrx_word' id='word_1_162' title='bbox 311 1592 501 1637; x_wconf 86' lang='lat' dir='ltr'><strong>relictus.</strong></span> <span class='ocrx_word' id='word_1_163' title='bbox 521 1591 717 1637; x_wconf 88' lang='lat' dir='ltr'><strong>Multum</strong></span> <span class='ocrx_word' id='word_1_164' title='bbox 735 1600 888 1653; x_wconf 83' lang='lat' dir='ltr'><strong>postea</strong></span> <span class='ocrx_word' id='word_1_165' title='bbox 909 1590 962 1634; x_wconf 88' lang='lat' dir='ltr'><strong>de</strong></span> <span class='ocrx_word' id='word_1_166' title='bbox 984 1588 1299 1650; x_wconf 86' lang='lat' dir='ltr'><strong>impulsoribus</strong></span> <span class='ocrx_word' id='word_1_167' title='bbox 1320 1589 1433 1642; x_wconf 87' lang='lat' dir='ltr'><strong>suis,</strong></span> <span class='ocrx_word' id='word_1_168' title='bbox 1454 1605 1561 1648; x_wconf 84' lang='lat' dir='ltr'><strong>prae-</strong></span> 
     </span>
     <span class='ocr_line' id='line_1_23' title="bbox 139 1662 1557 1727; baseline -0.004 -17"><span class='ocrx_word' id='word_1_169' title='bbox 139 1667 267 1726; x_wconf 84' lang='lat' dir='ltr'><strong>cipue</strong></span> <span class='ocrx_word' id='word_1_170' title='bbox 293 1666 346 1710; x_wconf 91' lang='lat' dir='ltr'><strong>de</strong></span> <span class='ocrx_word' id='word_1_171' title='bbox 370 1665 542 1727; x_wconf 84' lang='lat' dir='ltr'><strong>Regulo</strong></span> <span class='ocrx_word' id='word_1_172' title='bbox 560 1702 571 1724; x_wconf 89' lang='lat'><strong>,</strong></span> <span class='ocrx_word' id='word_1_173' title='bbox 596 1676 775 1727; x_wconf 88' lang='lat' dir='ltr'><strong>questus</strong></span> <span class='ocrx_word' id='word_1_174' title='bbox 800 1674 865 1709; x_wconf 89' lang='lat' dir='ltr'><strong>est</strong></span> <span class='ocrx_word' id='word_1_175' title='bbox 881 1700 894 1720; x_wconf 97' lang='lat'><strong>,</strong></span> <span class='ocrx_word' id='word_1_176' title='bbox 919 1665 996 1724; x_wconf 89' lang='lat' dir='ltr'><strong>qui</strong></span> <span class='ocrx_word' id='word_1_177' title='bbox 1019 1680 1063 1707; x_wconf 88' lang='lat' dir='ltr'><strong>se</strong></span> <span class='ocrx_word' id='word_1_178' title='bbox 1085 1663 1131 1705; x_wconf 90' lang='lat' dir='ltr'><strong>in</strong></span> <span class='ocrx_word' id='word_1_179' title='bbox 1154 1662 1370 1706; x_wconf 86' lang='lat' dir='ltr'><strong>sententia</strong></span> <span class='ocrx_word' id='word_1_180' title='bbox 1389 1697 1400 1717; x_wconf 89' lang='lat'><strong>,</strong></span> <span class='ocrx_word' id='word_1_181' title='bbox 1425 1677 1557 1722; x_wconf 83' lang='lat' dir='ltr'><strong>quam</strong></span> 
     </span>
     <span class='ocr_line' id='line_1_24' title="bbox 138 1734 1558 1798; baseline -0.001 -17"><span class='ocrx_word' id='word_1_182' title='bbox 138 1739 231 1798; x_wconf 90' lang='lat' dir='ltr'><strong>ipse</strong></span> <span class='ocrx_word' id='word_1_183' title='bbox 259 1738 499 1782; x_wconf 82' lang='lat' dir='ltr'><strong>dictaverat</strong></span> <span class='ocrx_word' id='word_1_184' title='bbox 517 1774 529 1793; x_wconf 84' lang='lat'><strong>,</strong></span> <span class='ocrx_word' id='word_1_185' title='bbox 556 1738 827 1782; x_wconf 87' lang='lat' dir='ltr'><strong>deseruisset.</strong></span> <span class='ocrx_word' id='word_1_186' title='bbox 857 1739 935 1781; x_wconf 89' lang='lat' dir='ltr'><strong>Est</strong></span> <span class='ocrx_word' id='word_1_187' title='bbox 961 1735 1124 1796; x_wconf 86' lang='lat' dir='ltr'><strong>alioqui</strong></span> <span class='ocrx_word' id='word_1_188' title='bbox 1151 1734 1323 1794; x_wconf 83' lang='lat' dir='ltr'><strong>Regulo</strong></span> <span class='ocrx_word' id='word_1_189' title='bbox 1348 1743 1438 1778; x_wconf 87' lang='lat' dir='ltr'><strong>tam</strong></span> <span class='ocrx_word' id='word_1_190' title='bbox 1466 1751 1558 1779; x_wconf 91' lang='lat' dir='ltr'><strong>mo—</strong></span> 
     </span>
     <span class='ocr_line' id='line_1_25' title="bbox 139 1806 1554 1871; baseline -0.001 -18"><span class='ocrx_word' id='word_1_191' title='bbox 139 1809 228 1853; x_wconf 88' lang='lat' dir='ltr'><strong>bile</strong></span> <span class='ocrx_word' id='word_1_192' title='bbox 258 1811 510 1871; x_wconf 83' lang='lat' dir='ltr'><strong>ingenium,</strong></span> <span class='ocrx_word' id='word_1_193' title='bbox 541 1820 592 1854; x_wconf 94' lang='lat' dir='ltr'><strong>ut</strong></span> <span class='ocrx_word' id='word_1_194' title='bbox 620 1810 860 1870; x_wconf 91' lang='lat' dir='ltr'><strong>plurimum</strong></span> <span class='ocrx_word' id='word_1_195' title='bbox 889 1808 1081 1869; x_wconf 84' lang='lat' dir='ltr'><strong>audeat,</strong></span> <span class='ocrx_word' id='word_1_196' title='bbox 1114 1806 1357 1867; x_wconf 83' lang='lat' dir='ltr'><strong>plurimum</strong></span> <span class='ocrx_word' id='word_1_197' title='bbox 1388 1808 1554 1851; x_wconf 87' lang='lat' dir='ltr'><strong>timeat.</strong></span> 
     </span>
     <span class='ocr_line' id='line_1_26' title="bbox 140 1883 1626 1945; baseline -0.002 -17"><span class='ocrx_word' id='word_1_198' title='bbox 140 1885 225 1928; x_wconf 86' lang='lat' dir='ltr'><strong>Hic</strong></span> <span class='ocrx_word' id='word_1_199' title='bbox 250 1883 350 1928; x_wconf 88' lang='lat' dir='ltr'><strong>finis</strong></span> <span class='ocrx_word' id='word_1_200' title='bbox 375 1884 640 1945; x_wconf 80' lang='lat' dir='ltr'><strong>cognitionis</strong></span> <span class='ocrx_word' id='word_1_201' title='bbox 662 1883 952 1945; x_wconf 81' lang='lat' dir='ltr'><strong>amplissimae.</strong></span> <span class='ocrx_word' id='word_1_202' title='bbox 972 1886 1180 1944; x_wconf 82' lang='lat' dir='ltr'><strong>Superest</strong></span> <span class='ocrx_word' id='word_1_203' title='bbox 1204 1892 1353 1926; x_wconf 87' lang='lat' dir='ltr'><strong>tamen</strong></span> <span class='ocrx_word' id='word_1_204' title='bbox 1370 1884 1557 1942; x_wconf 79' lang='grc' dir='ltr'>λειτούρ-</span> <span class='ocrx_word' id='word_1_205' title='bbox 1584 1892 1626 1925; x_wconf 79' lang='lat'><strong>23</strong></span> 
     </span>
    </p>
   </div>
   <div class='ocr_carea' id='block_1_5' title="bbox 877 2015 1556 2115">
    <p class='ocr_par' dir='ltr' id='par_1_5' title="bbox 877 2015 1556 2115">
     <span class='ocr_line' id='line_1_27' title="bbox 877 2015 1556 2061; baseline -0.001 -13"><span class='ocrx_word' id='word_1_206' title='bbox 877 2015 1038 2048; x_wconf 88' lang='lat' dir='ltr'><strong>nonnulli</strong></span> <span class='ocrx_word' id='word_1_207' title='bbox 1064 2015 1260 2048; x_wconf 78' lang='lat' dir='ltr'><strong>existimant</strong></span> <span class='ocrx_word' id='word_1_208' title='bbox 1275 2040 1284 2055; x_wconf 89' lang='lat'>‚</span> <span class='ocrx_word' id='word_1_209' title='bbox 1305 2022 1499 2061; x_wconf 83' lang='lat' dir='ltr'><strong>putantque</strong></span> <span class='ocrx_word' id='word_1_210' title='bbox 1520 2015 1556 2048; x_wconf 88' lang='lat' dir='ltr'><strong>in</strong></span> 
     </span>
     <span class='ocr_line' id='line_1_28' title="bbox 878 2067 1553 2115; baseline -0.001 -15"><span class='ocrx_word' id='word_1_211' title='bbox 878 2067 973 2101; x_wconf 83' lang='lat' dir='ltr'><strong>fastis</strong></span> <span class='ocrx_word' id='word_1_212' title='bbox 986 2081 1112 2101; x_wconf 88' lang='lat' dir='ltr'><strong>nomen</strong></span> <span class='ocrx_word' id='word_1_213' title='bbox 1126 2071 1197 2115; x_wconf 82' lang='lat' dir='ltr'><strong>ejus</strong></span> <span class='ocrx_word' id='word_1_214' title='bbox 1209 2076 1415 2114; x_wconf 85' lang='lat' dir='ltr'><strong>corruptum</strong></span> <span class='ocrx_word' id='word_1_215' title='bbox 1430 2079 1504 2100; x_wconf 84' lang='lat' dir='ltr'><strong>esse</strong></span> <span class='ocrx_word' id='word_1_216' title='bbox 1517 2067 1553 2099; x_wconf 87' lang='lat' dir='ltr'><strong>in</strong></span> 
     </span>
    </p>
   </div>
   <div class='ocr_carea' id='block_1_6' title="bbox 136 2016 813 2115">
    <p class='ocr_par' dir='ltr' id='par_1_6' title="bbox 136 2016 813 2115">
     <span class='ocr_line' id='line_1_29' title="bbox 185 2016 813 2062; baseline 0.002 -14"><span class='ocrx_word' id='word_1_217' title='bbox 185 2036 231 2042; x_wconf 81' lang='lat'><strong>—-</strong></span> <span class='ocrx_word' id='word_1_218' title='bbox 247 2019 479 2049; x_wconf 71' lang='lat' dir='ltr'><strong>Advocatione.</strong></span> <span class='ocrx_word' id='word_1_219' title='bbox 494 2017 545 2050; x_wconf 87' lang='lat' dir='ltr'><strong>Ne</strong></span> <span class='ocrx_word' id='word_1_220' title='bbox 559 2016 635 2062; x_wconf 89' lang='lat' dir='ltr'><strong>quis</strong></span> <span class='ocrx_word' id='word_1_221' title='bbox 650 2029 730 2049; x_wconf 88' lang='lat' dir='ltr'><strong>cum</strong></span> <span class='ocrx_word' id='word_1_222' title='bbox 746 2016 813 2049; x_wconf 90' lang='lat' dir='ltr'><strong>Ca-</strong></span> 
     </span>
     <span class='ocr_line' id='line_1_30' title="bbox 136 2067 813 2115; baseline 0 -14"><span class='ocrx_word' id='word_1_223' title='bbox 136 2076 250 2102; x_wconf 78' lang='lat' dir='ltr'><strong>tanaeo</strong></span> <span class='ocrx_word' id='word_1_224' title='bbox 269 2069 468 2115; x_wconf 83' lang='lat' dir='ltr'><strong>simpliciter</strong></span> <span class='ocrx_word' id='word_1_225' title='bbox 484 2071 726 2101; x_wconf 70' lang='lat' dir='ltr'><strong>advocationem</strong></span> <span class='ocrx_word' id='word_1_226' title='bbox 745 2067 813 2101; x_wconf 90' lang='lat' dir='ltr'><strong>dici</strong></span> 
     </span>
    </p>
   </div>
   <div class='ocr_carea' id='block_1_7' title="bbox 136 2121 813 2732">
    <p class='ocr_par' dir='ltr' id='par_1_7' title="bbox 136 2121 813 2732">
     <span class='ocr_line' id='line_1_31' title="bbox 139 2121 813 2166; baseline 0.001 -13"><span class='ocrx_word' id='word_1_227' title='bbox 139 2133 203 2166; x_wconf 87' lang='lat' dir='ltr'><strong>pro</strong></span> <span class='ocrx_word' id='word_1_228' title='bbox 230 2122 447 2155; x_wconf 86' lang='lat' dir='ltr'><strong>accusatione</strong></span> <span class='ocrx_word' id='word_1_229' title='bbox 476 2121 644 2155; x_wconf 82' lang='lat' dir='ltr'><strong>existimet</strong></span> <span class='ocrx_word' id='word_1_230' title='bbox 663 2147 672 2162; x_wconf 88' lang='lat'>‚</span> <span class='ocrx_word' id='word_1_231' title='bbox 703 2121 813 2166; x_wconf 80' lang='lat' dir='ltr'><strong>respi-</strong></span> 
     </span>
     <span class='ocr_line' id='line_1_32' title="bbox 139 2173 813 2217; baseline -0.003 -10"><span class='ocrx_word' id='word_1_232' title='bbox 139 2173 304 2207; x_wconf 85' lang='lat' dir='ltr'><strong>ciendum</strong></span> <span class='ocrx_word' id='word_1_233' title='bbox 324 2173 368 2207; x_wconf 87' lang='lat' dir='ltr'><strong>ad</strong></span> <span class='ocrx_word' id='word_1_234' title='bbox 387 2175 418 2217; x_wconf 80' lang='lat'><strong>§.</strong></span> <span class='ocrx_word' id='word_1_235' title='bbox 442 2188 459 2207; x_wconf 88' lang='lat'><strong>2</strong></span> <span class='ocrx_word' id='word_1_236' title='bbox 483 2185 491 2206; x_wconf 74' lang='grc' dir='ltr'><em>τ</em></span> <span class='ocrx_word' id='word_1_237' title='bbox 512 2178 582 2217; x_wconf 80' lang='lat' dir='ltr'><strong>Ego</strong></span> <span class='ocrx_word' id='word_1_238' title='bbox 603 2184 634 2206; x_wconf 84' lang='lat' dir='ltr'><strong>et</strong></span> <span class='ocrx_word' id='word_1_239' title='bbox 651 2176 813 2206; x_wconf 74' lang='lat' dir='ltr'><strong>Cornelius</strong></span> 
     </span>
     <span class='ocr_line' id='line_1_33' title="bbox 143 2225 812 2270; baseline 0.006 -15"><span class='ocrx_word' id='word_1_240' title='bbox 143 2227 270 2257; x_wconf 78' lang='lat' dir='ltr'><strong>Tacitus</strong></span> <span class='ocrx_word' id='word_1_241' title='bbox 296 2225 418 2259; x_wconf 82' lang='lat' dir='ltr'><strong>adesse</strong></span> <span class='ocrx_word' id='word_1_242' title='bbox 439 2229 690 2270; x_wconf 79' lang='lat' dir='ltr'><strong>provincialibus</strong></span> <span class='ocrx_word' id='word_1_243' title='bbox 705 2228 812 2270; x_wconf 73' lang='lat' dir='ltr'><strong>jussi,-</strong></span> 
     </span>
     <span class='ocr_line' id='line_1_34' title="bbox 140 2277 811 2323; baseline 0.003 -14"><span class='ocrx_word' id='word_1_244' title='bbox 140 2279 310 2309; x_wconf 69' lang='lat' dir='ltr'><strong>advocatio</strong></span> <span class='ocrx_word' id='word_1_245' title='bbox 340 2277 446 2323; x_wconf 87' lang='lat' dir='ltr'><strong>igitur</strong></span> <span class='ocrx_word' id='word_1_246' title='bbox 481 2279 629 2312; x_wconf 82' lang='lat' dir='ltr'><strong>refertur</strong></span> <span class='ocrx_word' id='word_1_247' title='bbox 664 2291 734 2311; x_wconf 88' lang='lat' dir='ltr'><strong>non</strong></span> <span class='ocrx_word' id='word_1_248' title='bbox 767 2277 811 2311; x_wconf 85' lang='lat' dir='ltr'><strong>ad</strong></span> 
     </span>
     <span class='ocr_line' id='line_1_35' title="bbox 140 2330 811 2376; baseline 0 -13"><span class='ocrx_word' id='word_1_249' title='bbox 140 2342 219 2363; x_wconf 85' lang='lat' dir='ltr'><strong>eum</strong></span> <span class='ocrx_word' id='word_1_250' title='bbox 234 2354 243 2371; x_wconf 87' lang='lat'>‚</span> <span class='ocrx_word' id='word_1_251' title='bbox 270 2338 391 2364; x_wconf 76' lang='lat' dir='ltr'><strong>contra</strong></span> <span class='ocrx_word' id='word_1_252' title='bbox 419 2344 522 2376; x_wconf 85' lang='lat' dir='ltr'><strong>quem</strong></span> <span class='ocrx_word' id='word_1_253' title='bbox 543 2331 701 2365; x_wconf 85' lang='lat' dir='ltr'><strong>venimus</strong></span> <span class='ocrx_word' id='word_1_254' title='bbox 715 2356 724 2371; x_wconf 94' lang='lat'><strong>,</strong></span> <span class='ocrx_word' id='word_1_255' title='bbox 751 2330 811 2364; x_wconf 82' lang='lat' dir='ltr'><strong>sed</strong></span> 
     </span>
     <span class='ocr_line' id='line_1_36' title="bbox 139 2381 737 2428; baseline 0.002 -13"><span class='ocrx_word' id='word_1_256' title='bbox 139 2381 185 2415; x_wconf 88' lang='lat' dir='ltr'><strong>ad</strong></span> <span class='ocrx_word' id='word_1_257' title='bbox 201 2395 280 2415; x_wconf 88' lang='lat' dir='ltr'><strong>eum</strong></span> <span class='ocrx_word' id='word_1_258' title='bbox 295 2407 304 2423; x_wconf 89' lang='lat'>‚</span> <span class='ocrx_word' id='word_1_259' title='bbox 323 2395 427 2428; x_wconf 88' lang='lat' dir='ltr'><strong>quem</strong></span> <span class='ocrx_word' id='word_1_260' title='bbox 445 2382 675 2416; x_wconf 79' lang='lat' dir='ltr'><strong>defendimus,</strong></span> <span class='ocrx_word' id='word_1_261' title='bbox 693 2383 737 2416; x_wconf 90' lang='lat' dir='ltr'><strong>G.</strong></span> 
     </span>
     <span class='ocr_line' id='line_1_37' title="bbox 186 2434 811 2478; baseline 0.003 -12"><span class='ocrx_word' id='word_1_262' title='bbox 186 2448 243 2467; x_wconf 88' lang='lat'><strong>20.</strong></span> <span class='ocrx_word' id='word_1_263' title='bbox 265 2437 413 2467; x_wconf 75' lang='lat' dir='ltr'><strong>Consules</strong></span> <span class='ocrx_word' id='word_1_264' title='bbox 432 2437 601 2478; x_wconf 73' lang='lat' dir='ltr'><strong>designati.</strong></span> <span class='ocrx_word' id='word_1_265' title='bbox 613 2434 704 2468; x_wconf 84' lang='lat' dir='ltr'><strong>Vide</strong></span> <span class='ocrx_word' id='word_1_266' title='bbox 718 2435 811 2468; x_wconf 87' lang='lat' dir='ltr'><strong>Heu-</strong></span> 
     </span>
     <span class='ocr_line' id='line_1_38' title="bbox 139 2485 811 2532; baseline 0.003 -14"><span class='ocrx_word' id='word_1_267' title='bbox 139 2485 228 2532; x_wconf 85' lang='lat' dir='ltr'><strong>sing.</strong></span> <span class='ocrx_word' id='word_1_268' title='bbox 250 2486 509 2528; x_wconf 81' lang='lat' dir='ltr'><strong>ostendentem,</strong></span> <span class='ocrx_word' id='word_1_269' title='bbox 528 2495 612 2532; x_wconf 86' lang='lat' dir='ltr'><strong>quot</strong></span> <span class='ocrx_word' id='word_1_270' title='bbox 637 2494 711 2519; x_wconf 85' lang='lat' dir='ltr'><strong>tum</strong></span> <span class='ocrx_word' id='word_1_271' title='bbox 738 2500 811 2520; x_wconf 87' lang='lat' dir='ltr'><strong>csse</strong></span> 
     </span>
     <span class='ocr_line' id='line_1_39' title="bbox 140 2538 812 2584; baseline 0 -13"><span class='ocrx_word' id='word_1_272' title='bbox 140 2539 315 2584; x_wconf 82' lang='lat' dir='ltr'><strong>potuerint</strong></span> <span class='ocrx_word' id='word_1_273' title='bbox 341 2539 438 2572; x_wconf 85' lang='lat' dir='ltr'><strong>Coss.</strong></span> <span class='ocrx_word' id='word_1_274' title='bbox 463 2538 552 2573; x_wconf 81' lang='lat' dir='ltr'><strong>(less.</strong></span> <span class='ocrx_word' id='word_1_275' title='bbox 576 2539 620 2572; x_wconf 89' lang='lat' dir='ltr'><strong>G.</strong></span> <span class='ocrx_word' id='word_1_276' title='bbox 643 2559 689 2564; x_wconf 70' lang='lat'><strong>—-</strong></span> <span class='ocrx_word' id='word_1_277' title='bbox 717 2544 812 2571; x_wconf 86' lang='lat' dir='ltr'><strong>Pom-</strong></span> 
     </span>
     <span class='ocr_line' id='line_1_40' title="bbox 136 2592 811 2638; baseline 0.004 -16"><span class='ocrx_word' id='word_1_278' title='bbox 136 2593 254 2633; x_wconf 82' lang='lat' dir='ltr'><strong>peium.</strong></span> <span class='ocrx_word' id='word_1_279' title='bbox 270 2592 343 2626; x_wconf 81' lang='lat' dir='ltr'><strong>Sex.</strong></span> <span class='ocrx_word' id='word_1_280' title='bbox 360 2592 560 2638; x_wconf 84' lang='lat' dir='ltr'><strong>Pompeium</strong></span> <span class='ocrx_word' id='word_1_281' title='bbox 577 2600 609 2625; x_wconf 84' lang='lat' dir='ltr'><strong>et</strong></span> <span class='ocrx_word' id='word_1_282' title='bbox 622 2592 735 2638; x_wconf 85' lang='lat' dir='ltr'><strong>ipsum</strong></span> <span class='ocrx_word' id='word_1_283' title='bbox 746 2600 811 2625; x_wconf 84' lang='lat' dir='ltr'><strong>ter-</strong></span> 
     </span>
     <span class='ocr_line' id='line_1_41' title="bbox 141 2643 811 2685; baseline 0.004 -11"><span class='ocrx_word' id='word_1_284' title='bbox 141 2643 189 2675; x_wconf 89' lang='lat' dir='ltr'><strong>tio</strong></span> <span class='ocrx_word' id='word_1_285' title='bbox 205 2645 386 2678; x_wconf 85' lang='lat' dir='ltr'><strong>consulatu</strong></span> <span class='ocrx_word' id='word_1_286' title='bbox 401 2653 561 2679; x_wconf 84' lang='lat' dir='ltr'><strong>ornatum</strong></span> <span class='ocrx_word' id='word_1_287' title='bbox 574 2670 582 2685; x_wconf 91' lang='lat'><strong>,</strong></span> <span class='ocrx_word' id='word_1_288' title='bbox 599 2652 630 2677; x_wconf 87' lang='lat' dir='ltr'><strong>ct</strong></span> <span class='ocrx_word' id='word_1_289' title='bbox 645 2645 811 2678; x_wconf 87' lang='lat' dir='ltr'><strong>Frontoni</strong></span> 
     </span>
     <span class='ocr_line' id='line_1_42' title="bbox 141 2694 811 2732; baseline 0.006 -5"><span class='ocrx_word' id='word_1_290' title='bbox 141 2694 223 2729; x_wconf 88' lang='lat' dir='ltr'><strong>inde</strong></span> <span class='ocrx_word' id='word_1_291' title='bbox 249 2709 268 2730; x_wconf 87' lang='lat' dir='ltr'><strong>a</strong></span> <span class='ocrx_word' id='word_1_292' title='bbox 292 2697 367 2731; x_wconf 86' lang='lat' dir='ltr'><strong>Cal.</strong></span> <span class='ocrx_word' id='word_1_293' title='bbox 384 2698 516 2732; x_wconf 80' lang='lat' dir='ltr'><strong>Martiis</strong></span> <span class='ocrx_word' id='word_1_294' title='bbox 538 2698 721 2731; x_wconf 81' lang='lat' dir='ltr'><strong>suffectum</strong></span> <span class='ocrx_word' id='word_1_295' title='bbox 739 2710 811 2732; x_wconf 80' lang='lat' dir='ltr'><strong>esse</strong></span> 
     </span>
    </p>
   </div>
   <div class='ocr_carea' id='block_1_8' title="bbox 876 2121 1556 2745">
    <p class='ocr_par' dir='ltr' id='par_1_8' title="bbox 876 2121 1556 2426">
     <span class='ocr_line' id='line_1_43' title="bbox 877 2121 1556 2163; baseline -0.001 -11"><span class='ocrx_word' id='word_1_296' title='bbox 877 2123 1100 2163; x_wconf 77' lang='lat' dir='ltr'><strong>Pomponium.</strong></span> <span class='ocrx_word' id='word_1_297' title='bbox 1119 2121 1185 2154; x_wconf 81' lang='grc' dir='ltr'>ΕΙ).</span> <span class='ocrx_word' id='word_1_298' title='bbox 1212 2141 1258 2146; x_wconf 81' lang='lat'>—</span> <span class='ocrx_word' id='word_1_299' title='bbox 1285 2124 1363 2163; x_wconf 79' lang='lat' dir='ltr'><strong>Quae</strong></span> <span class='ocrx_word' id='word_1_300' title='bbox 1386 2130 1556 2163; x_wconf 79' lang='lat' dir='ltr'><strong>acceperat</strong></span> 
     </span>
     <span class='ocr_line' id='line_1_44' title="bbox 879 2173 1553 2219; baseline 0.001 -15"><span class='ocrx_word' id='word_1_301' title='bbox 879 2176 1004 2205; x_wconf 68' lang='lat' dir='ltr'><strong>stlat-ins</strong></span> <span class='ocrx_word' id='word_1_302' title='bbox 1018 2173 1142 2207; x_wconf 86' lang='lat' dir='ltr'><strong>desunt</strong></span> <span class='ocrx_word' id='word_1_303' title='bbox 1160 2174 1196 2206; x_wconf 89' lang='lat' dir='ltr'><strong>in</strong></span> <span class='ocrx_word' id='word_1_304' title='bbox 1215 2173 1310 2206; x_wconf 88' lang='lat' dir='ltr'><strong>libris</strong></span> <span class='ocrx_word' id='word_1_305' title='bbox 1324 2173 1457 2219; x_wconf 86' lang='lat' dir='ltr'><strong>scriptis</strong></span> <span class='ocrx_word' id='word_1_306' title='bbox 1478 2173 1553 2218; x_wconf 89' lang='lat' dir='ltr'><strong>plu-</strong></span> 
     </span>
     <span class='ocr_line' id='line_1_45' title="bbox 880 2225 1551 2272; baseline -0.001 -14"><span class='ocrx_word' id='word_1_307' title='bbox 880 2225 998 2266; x_wconf 82' lang='lat' dir='ltr'><strong>ribus3</strong></span> <span class='ocrx_word' id='word_1_308' title='bbox 1017 2227 1176 2272; x_wconf 88' lang='lat' dir='ltr'><strong>beneque</strong></span> <span class='ocrx_word' id='word_1_309' title='bbox 1197 2226 1389 2259; x_wconf 78' lang='lat' dir='ltr'><strong>omiserunt</strong></span> <span class='ocrx_word' id='word_1_310' title='bbox 1412 2225 1551 2259; x_wconf 84' lang='lat' dir='ltr'><strong>Cortius</strong></span> 
     </span>
     <span class='ocr_line' id='line_1_46' title="bbox 876 2277 1552 2324; baseline 0 -13"><span class='ocrx_word' id='word_1_311' title='bbox 876 2285 908 2311; x_wconf 84' lang='lat' dir='ltr'><strong>et</strong></span> <span class='ocrx_word' id='word_1_312' title='bbox 922 2278 1106 2324; x_wconf 83' lang='lat' dir='ltr'><strong>Gierigius.</strong></span> <span class='ocrx_word' id='word_1_313' title='bbox 1122 2280 1231 2312; x_wconf 85' lang='lat' dir='ltr'><strong>Antea</strong></span> <span class='ocrx_word' id='word_1_314' title='bbox 1243 2304 1252 2319; x_wconf 84' lang='lat'><strong>,</strong></span> <span class='ocrx_word' id='word_1_315' title='bbox 1269 2280 1300 2321; x_wconf 70' lang='lat'><strong>§-</strong></span> <span class='ocrx_word' id='word_1_316' title='bbox 1320 2291 1359 2322; x_wconf 87' lang='lat'><strong>19</strong></span> <span class='ocrx_word' id='word_1_317' title='bbox 1371 2303 1379 2319; x_wconf 90' lang='lat'><strong>,</strong></span> <span class='ocrx_word' id='word_1_318' title='bbox 1396 2286 1492 2311; x_wconf 88' lang='lat' dir='ltr'><strong>recte</strong></span> <span class='ocrx_word' id='word_1_319' title='bbox 1504 2277 1552 2311; x_wconf 90' lang='lat' dir='ltr'><strong>le-</strong></span> 
     </span>
     <span class='ocr_line' id='line_1_47' title="bbox 876 2331 1548 2375; baseline 0 -13"><span class='ocrx_word' id='word_1_320' title='bbox 876 2338 1018 2375; x_wconf 82' lang='lat' dir='ltr'><strong>guntur.</strong></span> <span class='ocrx_word' id='word_1_321' title='bbox 1037 2332 1071 2365; x_wconf 86' lang='lat' dir='ltr'><strong>S.</strong></span> <span class='ocrx_word' id='word_1_322' title='bbox 1091 2352 1136 2356; x_wconf 79' lang='lat'>—</span> <span class='ocrx_word' id='word_1_323' title='bbox 1153 2331 1280 2363; x_wconf 80' lang='lat' dir='ltr'><strong>Censuit</strong></span> <span class='ocrx_word' id='word_1_324' title='bbox 1294 2333 1548 2372; x_wconf 75' lang='lat' dir='ltr'><strong>relinquendam.</strong></span> 
     </span>
     <span class='ocr_line' id='line_1_48' title="bbox 876 2382 1549 2426; baseline 0 -11"><span class='ocrx_word' id='word_1_325' title='bbox 876 2382 969 2416; x_wconf 86' lang='lat' dir='ltr'><strong>Vide</strong></span> <span class='ocrx_word' id='word_1_326' title='bbox 983 2383 1092 2417; x_wconf 88' lang='lat' dir='ltr'><strong>Gron.</strong></span> <span class='ocrx_word' id='word_1_327' title='bbox 1112 2383 1156 2416; x_wconf 89' lang='lat' dir='ltr'><strong>ad</strong></span> <span class='ocrx_word' id='word_1_328' title='bbox 1170 2384 1281 2417; x_wconf 86' lang='lat' dir='ltr'><strong>Tacit.</strong></span> <span class='ocrx_word' id='word_1_329' title='bbox 1297 2384 1363 2415; x_wconf 85' lang='lat' dir='ltr'><strong>An.</strong></span> <span class='ocrx_word' id='word_1_330' title='bbox 1379 2383 1395 2415; x_wconf 96' lang='lat' dir='ltr'>I</span> <span class='ocrx_word' id='word_1_331' title='bbox 1407 2408 1414 2421; x_wconf 91' lang='lat'>‚</span> <span class='ocrx_word' id='word_1_332' title='bbox 1433 2391 1489 2426; x_wconf 77' lang='lat'><strong>74.</strong></span> <span class='ocrx_word' id='word_1_333' title='bbox 1505 2382 1549 2415; x_wconf 91' lang='lat' dir='ltr'><strong>G.</strong></span> 
     </span>
    </p>

    <p class='ocr_par' dir='ltr' id='par_1_9' title="bbox 876 2435 1549 2627">
     <span class='ocr_line' id='line_1_49' title="bbox 925 2435 1549 2476; baseline 0 -9"><span class='ocrx_word' id='word_1_334' title='bbox 925 2449 941 2467; x_wconf 85' lang='lat'><strong>2</strong></span> <span class='ocrx_word' id='word_1_335' title='bbox 952 2449 963 2468; x_wconf 94' lang='lat'>1</span> <span class='ocrx_word' id='word_1_336' title='bbox 972 2463 978 2468; x_wconf 91' lang='lat'><strong>.</strong></span> <span class='ocrx_word' id='word_1_337' title='bbox 989 2439 1156 2475; x_wconf 74' lang='lat' dir='ltr'><strong>solutiore,</strong></span> <span class='ocrx_word' id='word_1_338' title='bbox 1171 2440 1218 2468; x_wconf 74' lang='lat' dir='ltr'><strong>vel</strong></span> <span class='ocrx_word' id='word_1_339' title='bbox 1227 2439 1382 2468; x_wconf 79' lang='lat' dir='ltr'><strong>molliore.</strong></span> <span class='ocrx_word' id='word_1_340' title='bbox 1392 2435 1549 2476; x_wconf 83' lang='lat' dir='ltr'><strong>Dubitat,</strong></span> 
     </span>
     <span class='ocr_line' id='line_1_50' title="bbox 877 2487 1548 2533; baseline -0.003 -12"><span class='ocrx_word' id='word_1_341' title='bbox 877 2489 1067 2522; x_wconf 79' lang='lat' dir='ltr'><strong>vcrbumue</strong></span> <span class='ocrx_word' id='word_1_342' title='bbox 1093 2489 1214 2522; x_wconf 83' lang='lat' dir='ltr'><strong>durius</strong></span> <span class='ocrx_word' id='word_1_343' title='bbox 1240 2487 1548 2533; x_wconf 71' lang='lat' dir='ltr'><strong>vehementiusque</strong></span> 
     </span>
     <span class='ocr_line' id='line_1_51' title="bbox 876 2540 1547 2581; baseline -0.006 -6"><span class='ocrx_word' id='word_1_344' title='bbox 876 2541 1115 2575; x_wconf 85' lang='lat' dir='ltr'><strong>adhibendum</strong></span> <span class='ocrx_word' id='word_1_345' title='bbox 1135 2542 1174 2574; x_wconf 87' lang='lat' dir='ltr'><strong>sit</strong></span> <span class='ocrx_word' id='word_1_346' title='bbox 1188 2567 1197 2581; x_wconf 93' lang='lat'><strong>,</strong></span> <span class='ocrx_word' id='word_1_347' title='bbox 1218 2554 1260 2573; x_wconf 88' lang='lat' dir='ltr'><strong>an</strong></span> <span class='ocrx_word' id='word_1_348' title='bbox 1280 2540 1547 2573; x_wconf 71' lang='lat' dir='ltr'><strong>leniuSPsolacus</strong></span> 
     </span>
     <span class='ocr_line' id='line_1_52' title="bbox 877 2592 1358 2627; baseline 0 -1"><span class='ocrx_word' id='word_1_349' title='bbox 877 2594 968 2626; x_wconf 87' lang='lat' dir='ltr'><strong>enim</strong></span> <span class='ocrx_word' id='word_1_350' title='bbox 985 2593 1088 2626; x_wconf 89' lang='lat' dir='ltr'><strong>nimis</strong></span> <span class='ocrx_word' id='word_1_351' title='bbox 1107 2602 1156 2627; x_wconf 82' lang='lat' dir='ltr'><strong>cst</strong></span> <span class='ocrx_word' id='word_1_352' title='bbox 1172 2593 1297 2627; x_wconf 83' lang='lat' dir='ltr'><strong>mollis.</strong></span> <span class='ocrx_word' id='word_1_353' title='bbox 1314 2592 1358 2626; x_wconf 89' lang='lat' dir='ltr'><strong>G.</strong></span> 
     </span>
    </p>

    <p class='ocr_par' dir='ltr' id='par_1_10' title="bbox 877 2644 1547 2745">
     <span class='ocr_line' id='line_1_53' title="bbox 923 2644 1547 2691; baseline -0.003 -13"><span class='ocrx_word' id='word_1_354' title='bbox 923 2650 978 2679; x_wconf 71' lang='lat'><strong>23.</strong></span> <span class='ocrx_word' id='word_1_355' title='bbox 996 2650 1155 2691; x_wconf 80' lang='lat' dir='ltr'><strong>Superest.</strong></span> <span class='ocrx_word' id='word_1_356' title='bbox 1172 2672 1179 2679; x_wconf 91' lang='lat'><strong>.</strong></span> <span class='ocrx_word' id='word_1_357' title='bbox 1196 2672 1202 2678; x_wconf 91' lang='lat'><strong>.</strong></span> <span class='ocrx_word' id='word_1_358' title='bbox 1219 2646 1406 2678; x_wconf 74' lang='lat' dir='ltr'><strong>.F!&#39;1·minus.</strong></span> <span class='ocrx_word' id='word_1_359' title='bbox 1424 2644 1547 2679; x_wconf 60' lang='lat' dir='ltr'><strong>Similis</strong></span> 
     </span>
     <span class='ocr_line' id='line_1_54' title="bbox 877 2698 1544 2745; baseline 0 -13"><span class='ocrx_word' id='word_1_360' title='bbox 877 2700 1086 2733; x_wconf 74' lang='lat' dir='ltr'><strong>constructio</strong></span> <span class='ocrx_word' id='word_1_361' title='bbox 1104 2699 1273 2732; x_wconf 73' lang='lat' dir='ltr'><strong>Tulliana:</strong></span> <span class='ocrx_word' id='word_1_362' title='bbox 1291 2698 1402 2745; x_wconf 81' lang='lat' dir='ltr'><strong>Epist.</strong></span> <span class='ocrx_word' id='word_1_363' title='bbox 1433 2699 1450 2732; x_wconf 93' lang='lat' dir='ltr'>I</span> <span class='ocrx_word' id='word_1_364' title='bbox 1464 2723 1473 2739; x_wconf 91' lang='lat'><strong>,</strong></span> <span class='ocrx_word' id='word_1_365' title='bbox 1503 2703 1521 2738; x_wconf 68' lang='grc'><em>4</em></span> <span class='ocrx_word' id='word_1_366' title='bbox 1536 2722 1544 2738; x_wconf 90' lang='grc'><strong><em>,</em></strong></span> 
     </span>
    </p>
   </div>
  </div>
 </body>
</html>
