1742 2989
201 205 293 250 358
611 207 659 250 C.
697 205 924 249 PLINII
958 205 1080 248 LIB.
1114 204 1198 247 VI.

223 338 1595 354 ammmmmmvammmmmmmmmtmsmmmmwsmmsst

790 465 1025 523 XVIII.

386 619 595 665 Promittit‚
620 618 885 655 Firmanorum
905 630 944 653 se
965 629 1133 653 caussam
1154 625 1326 652 acturum
1349 628 1439 651 esse.

509 756 819 785 C.PL1N1US
854 755 1063 784 SABINO
1093 739 1111 757 '⁶
1147 754 1246 782 suo
1281 754 1315 781 s.

274 878 455 928 Rorms,
474 883 522 917 ut
544 890 670 934 agam
694 873 1002 916 Firmanorum
1023 871 1244 932 publicam
1268 886 1481 923 caussam3
1500 868 1618 930 quod

212 965 318 1009 ego,
346 964 613 1009 quamquam
645 946 847 1008 plurimis
878 945 1242 1006 occupationibus
1272 944 1510 997 distentus,
1540 942 1617 985 ad·-

212 1023 340 1065 nitar.
365 1023 509 1082 Cupio
532 1022 648 1065 enim
674 1030 715 1064 et
736 1019 1058 1063 ornatissimam
1084 1018 1301 1062 coloniam
1323 1015 1621 1060 advocationis

171 1108 186 1127 2
213 1095 373 1151 officio,
388 1106 427 1138 et
446 1105 485 1138 te
502 1095 749 1156 gratissimo
764 1095 844 1138 tibi
858 1111 1041 1137 munere
1056 1093 1468 1154 obst1·ingere.Nam
1483 1106 1620 1152 quum

213 1169 554 1213 familiaritatem
573 1180 790 1225 nostram,
815 1177 863 1211 ut
883 1167 992 1212 soles
1016 1166 1273 1228 praedicare.
1297 1165 1350 1208 ad
1372 1163 1621 1225 praesidium

215 1253 612 1302 ornamentumque
631 1243 710 1285 tibi
730 1243 965 1302 sumpseris
978 1277 989 1296 ‚
1011 1240 1120 1284 nihil
1137 1250 1221 1294 est,
1235 1238 1352 1300 quod
1373 1253 1532 1298 negare
1547 1235 1621 1279 de-

216 1316 339 1358 beam
355 1351 365 1371 ‚
389 1316 629 1376 praesertim
658 1332 738 1375 pro
763 1317 903 1374 patria
928 1315 1106 1373 petenti.
1133 1313 1253 1369 Quid
1279 1314 1393 1355 enim
1422 1310 1623 1372 precibus

174 1400 188 1415 '³
217 1399 292 1432 aut
319 1389 544 1433 honestius
568 1389 650 1449 piis
674 1397 750 1431 aut
776 1386 998 1430 efficacius
1020 1384 1233 1429 amantis?
1252 1384 1439 1428 Proinde
1462 1384 1624 1426 Firma-

216 1462 283 1504 nis
307 1462 391 1505 tuis
406 1498 417 1518 ‚
442 1478 492 1505 ac
511 1462 602 1521 jam
626 1460 770 1520 potius
791 1459 975 1514 nostris,
1004 1457 1150 1518 obliga
1173 1457 1303 1501 fidem
1323 1473 1462 1500 meam
1481 1472 1492 1511 3
1515 1471 1625 1515 quos

218 1534 367 1577 labore
389 1545 430 1577 et
451 1535 594 1578 studio
612 1551 710 1577 meo
731 1533 886 1594 dignos
904 1549 1039 1592 quum
1062 1531 1269 1591 splendor
1289 1531 1483 1590 ipsorum
1499 1565 1509 1585 ‚
1530 1539 1623 1572 tum

217 1608 301 1651 hoc
328 1609 515 1651 maxime
541 1606 774 1667 pollicetur
790 1641 800 1657 ‚
826 1605 943 1665 quod
973 1604 1179 1649 credibile
1202 1613 1265 1647 est
1291 1603 1484 1663 optimos
1509 1617 1624 1656 esse,

220 1682 333 1723 inter
358 1696 467 1740 quos
494 1689 542 1723 tu
569 1679 665 1723 talis
692 1679 921 1722 exstiteris.
940 1677 1061 1721 Vale.

264 1813 398 1845 XVIII.
411 1812 425 1828 *
447 1816 495 1844 De
514 1814 632 1843 Sabino
661 1810 732 1844 vid.
755 1810 800 1843 ad
824 1810 889 1849 IV,
955 1810 1090 1855 pietatis
1107 1817 1169 1842 est.
1186 1809 1226 1841 E.
1242 1806 1471 1851 ——Gierigius
1489 1818 1528 1839 ex
1544 1806 1625 1838 Bar-

219 1878 272 1911 ep.
294 1879 346 1898 xo.
364 1866 430 1897 En.
956 1863 1289 1909 thiiconjecturapii.
1299 1862 1375 1894 Non
1386 1860 1506 1905 probo.
1518 1854 1625 1904 ἐμφα-

270 1931 299 1951 1.
322 1920 478 1956 Firmum,
507 1916 674 1963 oppidum
704 1917 738 1949 in
764 1917 891 1949 Piceno
955 1917 1125 1963 τικώτερον
1146 1929 1256 1959 preces
1275 1917 1361 1958 pioe,
1388 1926 1494 1959 quam
1515 1924 1626 1956 preces

220 1983 315 2016 agro.
336 1971 404 2004 El).
425 1992 469 1995 —
489 1971 756 2013 Occupatiotzibns
776 1971 890 2001 disten·
952 1970 1011 2011 pii.
1028 1972 1058 2000 S.

221 2034 280 2056 tus.
324 2025 423 2056 Rom.
464 2024 731 2066 Occupatiom'bus
771 2024 889 2054 distra-
992 2023 1025 2055 3.
1038 2026 1128 2053 Inter
1137 2035 1214 2065 quos
1225 2030 1257 2052 cn
1270 2022 1342 2052 talis
1351 2019 1520 2050 exstiteris.
1531 2017 1625 2048 Rom.

221 2087 299 2109 ctus.
312 2076 353 2108 H.
957 2080 1046 2106 Inter
1059 2088 1136 2116 quos
1152 2076 1224 2105 talis
1238 2074 1405 2109 exstiteris,
1419 2071 1488 2103 sine
1503 2079 1628 2114 prono-

269 2142 300 2161 2.
314 2131 478 2160 Precibus.
494 2153 501 2160 .
519 2130 606 2171 .piis.
622 2127 687 2160 Pro
703 2127 813 2172 patria
827 2126 889 2158 ali·
958 2123 1050 2154 mine
1070 2132 1113 2154 tu.
1131 2121 1176 2152 H.
1192 2140 1237 2144 —
1252 2121 1336 2151 Talis
1352 2131 1432 2151 cum
1452 2114 1625 2161 emphasi.

222 2180 306 2226 quid
336 2181 482 2226 petentis
505 2193 511 2212 :
533 2193 614 2213 nam
637 2179 724 2212 illud
756 2179 891 2224 proprie
957 2175 1007 2209 vis
1024 2173 1191 2219 Optimus.
1206 2172 1270 2204 ED-
