1742 2989
528 175 876 218 EPISTOLA
911 175 1048 218 XIV.

85 259 242 321 polita,
262 273 358 318 quae
384 257 466 300 nisi
494 273 517 300 a
543 257 768 313 studente,
790 273 879 301 non
905 266 1048 317 potest
1073 256 1201 299 scribi

1397 174 1488 227 413

84 351 215 395 super
234 350 385 377 omnes
406 334 581 387 beatus,
600 334 633 377 si
651 333 752 377 talia
774 350 850 394 per
867 333 1075 377 desidiam
1092 342 1133 376 et
1148 333 1285 376 otium
1302 332 1488 392 perficis.

84 407 205 452 Vale.

133 547 162 567 2.
185 537 263 576 Quae
287 537 348 566 nisi
365 548 386 565 a
404 537 548 566 studente
565 548 628 566 non
646 544 755 578 potest

84 588 188 619 scribi,
219 587 306 620 Puto
332 585 518 619 indicativo
545 586 649 620 inodo
679 594 756 633 post

84 638 379 684 relativum‚quod
393 651 547 672 caussam
561 639 756 685 significare

84 698 218 736 potest,
242 690 319 723 ideo
341 703 442 725 usum
462 692 612 725 Plinium
626 718 635 733 ‚
656 700 694 725 ut
716 705 756 725 eo

85 742 317 777 adseveratius
341 753 492 789 negaret.
521 745 564 777 G.
592 765 638 769 ——
655 744 758 778 Soloe-

820 534 946 567 cismus
960 558 968 573 ‚
989 533 1085 578 cujus
1102 544 1164 577 ego
1179 532 1326 565 Plinium
1342 545 1410 565 non
1428 532 1490 565 da·

819 587 1009 620 mnaverim
1023 598 1030 618 :
1047 592 1079 619 et
1093 586 1236 618 absolvit
1253 585 1361 618 codex
1380 584 1491 617 Medi-

820 651 920 680 ceus,
940 651 1005 685 pro
1026 651 1098 681 quse
1124 638 1305 671 commode
1330 638 1492 671 exhibens

822 705 936 735 quam,
953 690 1048 737 quod
1065 692 1108 724 ab
1125 690 1315 724 editoribus
1333 691 1492 736 postponi

822 758 893 778 non
911 744 1070 777 debebat.
1086 744 1118 778 S.

1232 272 1240 298 :
1270 265 1346 299 aut
1371 268 1415 299 es
1442 265 1489 299 tu
1538 278 1544 285 ·

103 877 869 889 mnuxvswuvsstmnwmttfflzsswmsvxxmxmmm
875 878 1476 890 mxxvsxmmzmstxwmxxstmzmstm

697 1006 865 1061 XIV.

444 1156 584 1192 Firmat
605 1154 868 1191 liberalitatem
886 1157 1131 1205 superiorem.

359 1292 397 1320 C.
436 1292 669 1321 PLINIUS
704 1292 999 1321 CORELLIAE
1037 1293 1149 1322 SUAE
1185 1294 1219 1322 S.

150 1413 186 1453 T
198 1425 227 1454 U
253 1410 431 1470 quidem
452 1411 757 1455 honestissime
773 1447 784 1467 ,
804 1412 923 1472 quod
940 1422 1028 1455 tam
1044 1413 1241 1473 impense
1255 1423 1298 1456 et
1312 1430 1438 1474 rogas
1453 1424 1495 1457 et

86 1483 243 1544 exigis,
265 1493 313 1527 ut
331 1485 469 1544 accipi
485 1485 663 1544 jubeam
684 1501 707 1528 a
728 1495 769 1528 te
786 1487 975 1545 pretium
995 1502 1202 1545 agrorum
1221 1503 1309 1529 non
1331 1503 1383 1529 ex
1398 1503 1496 1547 sep-

86 1556 294 1616 tingentis
318 1556 528 1613 millibus,
548 1559 701 1618 quanti
723 1557 817 1601 illos
839 1575 862 1601 a
883 1558 1040 1602 liberto
1061 1575 1158 1602 meo
1172 1595 1182 1615 ‚
1208 1560 1282 1603 sed
1307 1576 1359 1603 ex
1380 1576 1496 1602 non-

87 1630 252 1689 gentis,
274 1631 428 1689 quanti
457 1646 479 1672 a
501 1630 747 1690 publicanis
775 1641 945 1691 partem
970 1633 1220 1675 vicesimam
1244 1632 1398 1675 emisti.
1422 1634 1495 1674 In-

86 1702 229 1745 vicem
249 1718 330 1762 ego
357 1712 399 1745 et
422 1719 529 1762 rogo
548 1713 591 1746 et
615 1703 762 1763 exigo⁷
782 1713 830 1746 ut
852 1720 942 1746 non
970 1703 1111 1747 solum
1138 1704 1245 1764 quid
1266 1714 1306 1747 te
1320 1738 1331 1758 ,
1346 1720 1498 1747 verum

89 1775 220 1816 etiam
248 1773 354 1834 quid
378 1791 447 1817 me
471 1774 648 1831 deceat,
672 1775 905 1836 adspicias,
936 1777 1225 1836 patiarisque,
1250 1793 1319 1820 me
1343 1778 1388 1819 in
1414 1777 1498 1820 hoe

89 1863 180 1890 uno
200 1847 279 1890 tibi
299 1847 452 1891 eodem
469 1849 618 1892 animo
638 1864 907 1908 repugnare,
925 1865 1013 1909 quo
1035 1849 1080 1891 in
1095 1849 1300 1892 omnibus
1315 1849 1497 1909 obsequi

89 1919 220 1964 soleo.
248 1920 372 1965 Vale.

136 2053 233 2086 XIV.
249 2067 261 2085 1
272 2080 279 2086 .
292 2057 347 2085 Ex
360 2056 575 2097 septingentis.
597 2055 765 2100 Interpre-

92 2105 152 2138 tati
165 2118 282 2138 sumus
297 2105 340 2139 ad
353 2106 440 2144 VH,
462 2121 473 2138 1
485 2120 496 2139 1
507 2132 515 2146 ,
536 2119 565 2140 1.
586 2107 762 2146 Breviter,

91 2162 110 2197 ἡ
140 2173 182 2192 ex
210 2168 305 2193 notat
332 2162 592 2206 proportionem
619 2169 650 2193 et
674 2173 765 2193 com-

91 2213 307 2258 parationem
326 2226 405 2246 eum
427 2226 513 2247 asse.
535 2214 579 2247 G.
592 2234 636 2238 —
650 2218 681 2246 A
703 2228 764 2256 pn·

94 2267 226 2297 bIIcanis
250 2276 377 2309 partem
412 2268 554 2299 vicesim.
591 2267 766 2299 Nimirum

92 2320 245 2349 vicesima
258 2320 470 2349 hereditatum
487 2317 632 2351 debetur
641 2344 650 2358 ‚
663 2327 699 2351 ut
714 2331 767 2351 ve-

93 2369 232 2414 ctigalia
262 2370 416 2415 reliqua,
448 2370 649 2415 publicano.
680 2370 763 2403 Vid.

93 2422 218 2455 Noster
236 2422 406 2468 Panegyr.
425 2423 594 2455 XXXVII
611 2448 618 2462 ,
642 2435 672 2462 1,
689 2436 764 2468 sqq.

95 2474 243 2507 Corellia
258 2500 266 2514 ‚
288 2488 364 2520 quae
382 2484 553 2508 coemeret
573 2488 671 2521 agros
690 2476 766 2508 illos

95 2526 322 2561 hereditarios
331 2553 340 2568 ‚
351 2528 452 2562 etiam
462 2541 517 2574 pai
527 2536 594 2561 tem
608 2529 697 2561 lianc
709 2541 768 2573 pu-

829 2054 1048 2087 blicanorum
1068 2054 1112 2087 ab
1131 2053 1171 2087 iis
1186 2053 1268 2086 emit
1280 2078 1288 2093 ‚
1309 2060 1342 2086 et
1359 2052 1501 2098 quidem

830 2120 872 2138 ea·
893 2109 1075 2150 nongentis,
1097 2106 1163 2139 hoc
1187 2115 1257 2146 est,
1273 2114 1310 2138 ut
1331 2105 1500 2146 diximus,

830 2172 869 2192 ea
881 2159 1040 2204 portione
1053 2184 1061 2198 ‚
1074 2166 1112 2191 ut
1123 2171 1159 2191 as
1172 2166 1263 2191 totus
1276 2158 1503 2191 aestimaretur

831 2224 967 2255 900000
986 2224 1181 2244 nummum.
1205 2211 1382 2243 Cedebant
1400 2210 1503 2254 igitur

831 2263 1018 2309 publicano
1029 2263 1096 2297 HS.
1109 2265 1221 2304 45000
1237 2276 1263 2296 s.
1278 2265 1319 2304 45
1334 2262 1502 2300 sestertia,

832 2318 892 2362 qui
911 2325 989 2350 sunt
1005 2317 1126 2351 floreni
1151 2317 1305 2349 Rhenani
1328 2317 1426 2350 2250.
1457 2314 1501 2347 G.

831 2390 876 2395 -——
901 2374 1029 2402 Partem
1054 2371 1242 2401 ‘vicesimam
1268 2371 1378 2400 emisti.
1415 2369 1503 2399 Vice-

831 2425 945 2455 simum
968 2421 1165 2455 hereditatis
1183 2432 1309 2464 partem
1331 2422 1414 2453 {isco
1438 2419 1503 2452 sol-

832 2475 979 2508 vendam
1003 2475 1176 2521 Augustus
1190 2499 1198 2513 ‚
1219 2486 1310 2506 anno
1331 2472 1424 2506 urbis
1437 2472 1502 2514 759

832 2528 906 2573 lege
920 2526 1010 2560 Julia
1024 2527 1183 2559 instituit.
1201 2526 1268 2558 Eu.

551 2643 1064 2664 ..40oe—
