1742 2989
254 190 329 235 3555

659 191 709 231 (1.
747 188 971 232 PLINII
1007 188 1133 232 Llss.
1170 190 1258 233 Vl.

244 331 281 342 §1
287 326 911 340 §wsmmmmmmmsmmns
918 326 1212 338 mmmmm-m
1219 322 1577 336 mnssmvssm-‹nz
1582 324 1638 333 uz>-

834 451 1033 507 XVII.

286 614 510 663 indignatur
521 642 530 659 ‚
546 611 750 662 quosdam,
768 609 938 646 cruditos
953 608 1024 645 sibi
1041 608 1142 645 visos
1153 637 1162 654 ‚
1177 608 1349 645 recitanti
1362 607 1484 644 amico
1500 606 1644 643 nullum

701 677 849 725 signum
866 674 1002 711 laetitiae
1020 673 1178 710 dedisse.

470 826 508 854 C.
547 823 787 854 PLINIUS
822 822 1140 850 RESTITUTO

1177 805 1196 822 ⁴⁸
1230 821 1333 861 suo
1369 821 1400 849 s.

292 958 800 1005 INDJGNATIUNCULMJI,
815 964 948 1008 quam
968 948 1013 990 in
1034 946 1260 1006 cujusdam
1280 946 1407 989 amici
1424 945 1644 1003 auditorio

227 1029 346 1087 cepi,
376 1042 465 1069 non
497 1039 676 1085 possum
702 1021 811 1065 mihi
840 1031 1111 1081 temperare⁷
1139 1035 1227 1079 quo
1255 1019 1400 1062 minus
1433 1019 1552 1079 apud
1580 1028 1644 1077 te,

225 1100 329 1160 quia
358 1115 448 1142 non
480 1097 667 1157 contigit
697 1111 869 1149 coram,
894 1110 973 1155 per
996 1092 1227 1153 epistolam
1254 1092 1491 1136 effundam.
1515 1093 1644 1136 Reci-

181 1161 196 1177 Ἃ
226 1173 408 1219 fabatum
434 1171 544 1214 liber
570 1167 919 1213 absolutissimus
945 1183 953 1209 :
979 1166 1099 1209 hunc
1125 1165 1213 1209 duo
1242 1175 1318 1209 aut
1347 1175 1456 1221 tres,
1480 1174 1530 1208 ut
1560 1165 1641 1209 sibi

225 1256 267 1289 et
296 1246 448 1306 paucis
480 1242 707 1293 videntur,
737 1240 912 1301 dis-esti,
941 1238 1083 1283 surdis
1120 1239 1341 1299 mutisque
1380 1237 1541 1282 similes
1567 1254 1642 1281 au-

224 1317 414 1360 diebant.
446 1318 550 1361 Non
583 1314 705 1358 labra
738 1313 1140 1367 diduxerunt7non
1178 1322 1412 1355 moverunt
1434 1328 1640 1365 manum,

224 1408 312 1433 uon
348 1390 540 1450 denique
569 1388 936 1442 adsurrexerunt,
968 1386 1122 1430 saltem
1157 1385 1410 1430 lassitudine
1447 1384 1637 1429 sedendi.

191 1516 195 1521 ,
224 1464 335 1519 Quae
362 1472 483 1506 tanta
513 1461 729 1522 gravitas?
754 1477 850 1520 quae
877 1469 998 1503 tanta
1024 1458 1269 1520 sapientia?
1295 1476 1391 1519 quae
1417 1460 1550 1502 immo
1575 1460 1638 1518 pi-

189 1528 196 1541 ’
225 1537 376 1596 grstia,
406 1535 680 1595 arrogantia,
706 1533 963 1593 sinisteritas
988 1549 1038 1575 ac
1064 1533 1210 1592 potius
1239 1532 1457 1585 amentia,
1485 1533 1529 1573 in
1554 1531 1638 1575 hoc

225 1619 366 1652 totum
401 1608 516 1651 diem
546 1605 825 1666 impendere,
849 1615 899 1648 ut
932 1604 1151 1660 offendas,
1176 1613 1225 1647 ut
1254 1603 1480 1647 inimicum
1509 1602 1639 1646 relin-

269 1743 402 1775 XV11.*
414 1744 582 1774 Restituto.
598 1739 786 1772 Praeclarus
806 1751 898 1772 caus-

221 1795 346 1827 sidicus
375 1795 479 1827 fuisse
496 1793 646 1826 videtur.
660 1791 744 1824 Vid.
760 1791 804 1825 ad
823 1792 875 1823 III
887 1816 895 1831 ,

220 1860 274 1893 ep.
291 1860 326 1890 9,
346 1850 397 1881 16.
416 1847 483 1879 En.

271 1912 299 1932 1.
328 1904 365 1931 In
393 1900 561 1943 cujusdam
588 1900 688 1929 amici
716 1899 893 1930 auditorio.

218 1955 316 1986 Rom.
338 1957 376 1984 In
395 1954 562 1996 cujusdam
576 1953 642 1982 viri
653 1952 830 1982 auditorio.
846 1949 889 1982 H.

265 2020 295 2038 2.
309 2007 415 2036 Labra
428 2007 638 2036 diduxerunt.
649 2002 785 2035 Genera
802 2015 893 2034 sum-

219 2070 274 2090 ma
285 2057 426 2103 plausus
438 2054 692 2101 complectitur,
703 2054 810 2094 vocis,
824 2068 893 2088 nia-

216 2122 281 2142 nus
296 2135 305 2149 ,
326 2107 550 2155 assurgendi,
570 2107 612 2140 de
637 2107 763 2152 quibus
787 2108 891 2140 etiam

216 2163 250 2194 II
263 2187 271 2202 ,
292 2174 347 2200 10,
361 2164 381 2193 6
397 2168 428 2193 et
441 2162 486 2200 V,
503 2161 536 2199 3,
553 2172 587 2203 q.
601 2161 650 2192 De
661 2160 804 2204 reliquis
816 2173 891 2205 per-

215 2215 409 2259 vulgatum.
426 2212 647 2245 Adsurrectio
662 2224 789 2256 magua
803 2213 888 2246 alio·

215 2267 299 2312 quin
313 2273 465 2299 venustae
475 2264 701 2297 humanitatis
713 2277 805 2309 pars,
816 2265 887 2305 hie,

213 2327 319 2364 puto,
340 2331 412 2351 non
431 2326 501 2351 tam
521 2317 566 2349 ad
586 2317 697 2361 ipsum
716 2317 887 2350 honorem

213 2380 246 2404 et
264 2372 425 2417 plausum
440 2395 449 2410 ‚
470 2382 575 2415 quam
600 2369 643 2401 ad
663 2370 886 2403 attentionem

211 2422 478 2469 significandam
490 2423 654 2467 pertinet,
666 2422 759 2467 quod
771 2430 886 2455 tamen

213 2476 327 2522 ipsum
341 2475 508 2509 laudandi
518 2487 625 2521 genus
638 2482 699 2507 est.
711 2474 754 2507 G.
764 2478 884 2506 -—N0n

212 2539 376 2560 luoverunt
397 2541 547 2565 ΠὶίῑΠΠῘῙΖ,
565 2534 630 2559 etc·
656 2528 753 2559 ΗΟΪῙἸ-
784 2540 886 2559 'nove-

211 2591 287 2612 runt
307 2595 370 2613 non
394 2594 507 2613 manus
522 2605 531 2621 ,
549 2581 684 2622 denique
699 2593 762 2611 non
781 2593 885 2612 assur-

208 2643 370 2664 :szcc‘rsz
392 2632 435 2665 H.

259 2682 286 2711 ’5.
309 2681 517 2711 sinisterims.
534 2679 609 2711 Non
632 2686 700 2711 tam
722 2677 764 2709 ad
785 2679 882 2711 mali-

964 1750 1069 1784 gnam
1085 1738 1300 1770 voluntatem
1315 1737 1448 1778 refero,
1466 1749 1572 1782 quam
1592 1737 1636 1770 ad

962 1791 1172 1837 imperitiam
1188 1790 1285 1823 illam
1299 1792 1491 1822 dexterieaei
1500 1790 1636 1835 opposi⁶

961 1851 1032 1876 tam
1045 1868 1053 1883 ‚
1068 1855 1138 1889 qua
1157 1843 1234 1888 quis
1250 1855 1321 1876 non
1339 1843 1465 1882 utitur,
1484 1850 1544 1876 aut
1563 1855 1635 1876 non

960 1903 1052 1929 recte
1075 1896 1196 1935 utitur,
1222 1894 1404 1935 remediis,
1432 1895 1476 1928 ad
1504 1895 1609 1928 finem
1624 1921 1632 1934 ,

959 1961 1064 1994 quem
1095 1948 1167 1994 ipse
1193 1948 1258 1980 sibi
1283 1948 1483 1993 proposuit,
1511 1960 1634 1981 conse-

958 1999 1138 2047 quendum
1162 2012 1170 2033 1
1198 2008 1235 2033 ut
1259 2000 1318 2045 qui
1347 2000 1490 2033 sinistrae
1508 2012 1633 2033 manus

957 2053 1150 2086 ministerio
1169 2053 1277 2085 utitur
1288 2077 1296 2092 ,
1313 2054 1398 2095 (non
1413 2065 1432 2085 a
1451 2065 1559 2098 puero
1573 2052 1632 2085 ad-

958 2106 1147 2149 suefactus)
1159 2105 1219 2137 ubi
1236 2103 1356 2137 dextra
1376 2117 1462 2150 opus
1479 2113 1561 2138 erat.
1576 2106 1632 2140 Sic

957 2157 1043 2191 illud
1068 2170 1154 2189 mens
1178 2170 1242 2188 non
1266 2159 1343 2188 loeva
1370 2156 1464 2202 apud
1491 2166 1631 2203 poetam

955 2223 1026 2242 non
1035 2210 1260 2247 voluntatem,
1272 2208 1330 2242 sed
1339 2210 1408 2242 vim
1416 2210 1630 2255 intelligendi

954 2263 1107 2308 respicit.
1133 2263 1186 2294 Ita
1208 2261 1299 2307 apud
1324 2262 1476 2295 Gellium
1491 2263 1542 2295 VI
1556 2288 1564 2303 ‚
1587 2276 1603 2295 2
1617 2288 1627 2303 ,

953 2318 1096 2347 saevitas
1107 2340 1115 2352 ‚
1130 2325 1161 2346 ec
1169 2317 1376 2347 voluntarius
1388 2317 1538 2357 impetus,
1549 2317 1628 2360 jun—

953 2375 1085 2412 guntur
1111 2375 1148 2399 ut
1172 2366 1248 2400 duae
1272 2379 1399 2399 caussae
1423 2368 1625 2407 actionum3

953 2433 1024 2452 non
1036 2419 1227 2464 explicandi
1241 2431 1362 2453 caussa
1376 2420 1438 2453 sibi
1453 2419 1625 2465 adjiciun-

953 2480 1010 2505 tur
1026 2484 1033 2504 :
1049 2472 1215 2504 nimirum
1239 2471 1359 2505 eadem
1383 2473 1534 2512 ratione,
1554 2485 1625 2518 qua

951 2525 986 2556 in
1006 2525 1149 2569 prologo
1168 2524 1279 2569 operis
1293 2549 1302 2564 ‚
1319 2531 1356 2556 ut
1374 2536 1465 2556 nunc
1484 2532 1624 2568 putatur

951 2577 1046 2619 (olim
1064 2584 1136 2609 erat
1150 2576 1319 2622 epilogus)
1332 2579 1520 2608 scaevitatem
1531 2586 1562 2609 et
1575 2580 1623 2610 in-

951 2631 1121 2661 videntiam
1128 2629 1242 2675 jungit
1254 2654 1262 2668 ‚
1275 2629 1419 2661 alterum
1428 2627 1622 2676 intellectus

949 2681 1092 2721 vitium,
1120 2682 1265 2714 alterum
1291 2681 1487 2714 voluntatis.
1510 2682 1554 2714 G.
1576 2703 1620 2708 --
