1742 2989
543 222 887 265 EPISTOLA
921 223 1016 266 111.
1391 225 1479 286 275

95 305 155 346 M.
186 305 367 346 Brutum
385 337 395 356 ,
421 303 468 345 L.
507 302 694 358 Sullam,
719 304 773 359 Q.
803 303 1028 357 Catulum,
1060 305 1277 360 Quintum
1311 310 1481 350 Scaevo-

96 375 179 419 lam
197 410 207 429 ,
236 377 327 419 Ser.
355 374 594 435 Sulpicium
607 410 618 431 ,
632 378 874 419 Varronem
890 412 901 431 ,
922 379 1193 436 Torquatum
1217 371 1370 437 (immo
1386 382 1486 423 Tor-

96 448 269 509 quatos)
283 484 293 501 ,
313 450 362 492 C.
385 449 642 491 Memmium
656 483 666 498 ,
685 448 919 492 Lentulum
934 486 945 505 ,
968 448 1253 501 Gaetulicum,
1272 452 1486 494 Annaeum

96 524 303 566 Senecam
321 557 331 575 ,
357 531 398 564 et
429 523 624 581 proxime
646 522 905 582 Verginium
928 521 1111 575 Rufum,
1137 532 1200 577 et,
1227 522 1259 565 si
1289 540 1377 566 non
1403 524 1489 566 suf-

96 593 251 638 ficiunt
270 593 464 654 exempla
486 595 672 654 privata,
693 594 840 638 divum
857 595 1041 650 Julium,
1056 595 1203 638 divum
1220 598 1489 656 Augustum,

96 669 243 711 divum
254 671 456 723 Nervam,
469 670 516 711 T.
534 671 744 712 Caesarem
754 668 770 711 Ρ
780 670 1000 713 Neronem
1015 670 1129 712 enim
1146 679 1331 721 transeo,
1345 687 1490 729 quam-

97 742 157 784 vis
177 742 330 793 sciam,
346 757 433 784 non
457 743 680 801 corrumpi
700 742 743 784 in
768 741 975 795 deterius,
995 758 1088 801 quae
1107 741 1341 801 aliquando
1360 744 1490 785 etiam

97 830 120 856 a
147 814 293 869 malis;
319 814 393 857 sed
422 814 604 857 honesta
629 831 828 868 manere,
857 832 951 875 quae
978 816 1131 875 saepius
1160 832 1184 858 a
1212 815 1337 858 bonis
1364 816 1489 860 fiunt.

97 887 214 930 Inter
228 903 335 947 quos
351 886 416 930 vel
433 888 648 947 praecipue
663 888 958 931 numerandus
979 898 1043 931 est
1056 890 1102 931 P.
1115 888 1344 949 Virgilius,
1359 891 1491 933 Corn.

95 962 241 1020 Nepos
257 996 268 1016 ,
293 970 335 1003 et
357 961 477 1020 prius
493 961 685 1015 Ennius,
707 962 960 1021 Acciusque.
976 962 1076 1004 Non
1100 962 1275 1021 quidem
1301 963 1346 1006 hi
1371 979 1493 1007 sena-

98 1044 215 1077 tores
237 1051 245 1076 :
273 1033 346 1076 sed
375 1034 578 1077 sanetitas
604 1051 775 1076 morum
802 1051 889 1077 non
917 1034 1047 1077 distat
1072 1034 1309 1080 ordinibus.
1338 1037 1492 1080 Recito

98 1116 243 1149 tamen

98 1238 263 1271 carmina.
275 1239 389 1270 ED.—-
397 1241 535 1269 Scaevola
546 1238 699 1272 Pontifex
710 1239 757 1271 M.

99 1290 233 1336 ingenio
254 1299 286 1323 et
301 1290 431 1336 justitia
452 1291 758 1335 praestantissimus.

98 1344 163 1375 Et).
184 1363 229 1367 ——
246 1345 394 1386 Sulpicii,
429 1343 571 1375 oratoris
605 1344 762 1375 acumine

98 1395 289 1428 excellentis
301 1420 308 1434 ,
324 1407 443 1439 poema
453 1397 581 1437 prurire
594 1394 675 1428 dixit
694 1397 762 1428 Au-

100 1449 215 1481 sonius
226 1455 363 1493 propter
376 1447 544 1480 lasciviam
553 1474 559 1479 .
569 1448 633 1480 En.
641 1452 764 1479 -Var-

99 1503 184 1532 roais
195 1500 342 1545 elogium
353 1507 459 1531 exstat
470 1512 525 1543 ap.
538 1499 610 1532 Cic.
623 1499 721 1532 acad.
737 1501 763 1539 I,

102 1554 142 1593 33
158 1553 212 1585 ubi
228 1553 329 1585 etiam
343 1552 473 1584 varium
490 1553 560 1598 ejus
578 1559 608 1584 et
628 1551 763 1596 elegans

100 1606 194 1638 omni
217 1605 286 1638 fere
306 1616 451 1636 numero
476 1616 597 1648 poema
618 1617 764 1638 comme-

100 1667 268 1692 moratur.
277 1658 388 1689 E1›.-
396 1660 582 1699 Torquatos,
592 1670 715 1702 nempe
723 1658 762 1690 L.

100 1712 329 1756 Torquatum,
339 1721 370 1741 a.
383 1722 418 1740 u.
431 1710 511 1752 689,
523 1709 698 1742 consulem
711 1735 719 1749 ,
730 1710 763 1741 in

102 1762 248 1796 dicendo
273 1762 462 1805 elegantem
487 1769 519 1792 et
540 1761 764 1805 prudentem,

102 1819 241 1862 ejusque
253 1813 359 1845 filium
374 1815 413 1845 L.
425 1813 531 1857 Torq.
543 1813 762 1858 Epicureum.
777 1816 779 1819 ’

103 1869 168 1900 En.
186 1888 227 1891 —
244 1869 276 1898 C.
295 1867 473 1896 Meuaniam
493 1877 561 1896 non
577 1865 701 1897 mirum
719 1873 766 1897 est

103 1920 256 1952 versibus
274 1930 395 1963 parum
410 1917 542 1962 pudicis
562 1930 672 1950 mores
688 1929 766 1950 suos

103 1973 230 2004 fassum
259 1982 342 2003 esse.
366 1970 538 2014 Stupravit
566 1970 656 2002 enini
678 1971 767 2003 Len-

104 2025 167 2057 tuli
180 2032 211 2056 et
229 2022 381 2067 Pompeii
398 2034 533 2055 uxoreS.
551 2022 616 2054 Eu.
638 2043 682 2047 —-
698 2026 768 2054 (⁷¹oe-

104 2079 216 2108 tulicus
238 2075 419 2108 historicus
437 2083 467 2106 et
487 2082 585 2118 poeta
604 2075 660 2107 cui
677 2075 768 2107 Cali-

105 2130 182 2174 gula
191 2126 769 2171 favebat.Nonnullaepigrammata

106 2184 179 2227 ejus
207 2188 336 2213 exstant
358 2180 391 2212 in
415 2179 546 2212 anthol.
567 2179 674 2212 Graec.
698 2181 764 2213 En.

106 2234 318 2266 -Caeterum
330 2232 372 2264 cle
381 2234 516 2275 Augusti
525 2231 576 2263 fac
585 2232 770 2277 ultatepoe-

107 2287 174 2319 tica
189 2285 255 2318 vid.
268 2287 405 2317 Sueton.
421 2284 592 2317 LXXXV.
608 2286 656 2316 De
667 2289 768 2317 Nerva

108 2338 254 2370 Martial.
270 2337 355 2367 VIII
371 2363 378 2376 ,
400 2348 453 2379 70.
474 2337 522 2368 De
543 2339 611 2368 Tito
628 2338 767 2382 Eutrop.

108 2392 176 2422 VII
190 2415 198 2429 ,
224 2394 259 2429 14
277 2414 284 2427 ‚
303 2396 333 2420 et
347 2389 485 2421 Sueton.
503 2389 567 2420 III.
584 2390 631 2420 De
645 2393 771 2422 Nerone

109 2443 247 2475 Sueton.
274 2441 351 2472 LII.
372 2440 439 2472 Sed
462 2439 552 2473 hunc
575 2453 608 2473 se
636 2445 771 2474 transire

110 2494 209 2534 dicit,
226 2494 305 2538 quia
324 2505 416 2525 nunc
436 2504 504 2524 non
528 2493 591 2525 nisi
616 2492 657 2525 dc
674 2494 772 2527 bonis

109 2554 140 2579 et
154 2546 275 2578 sanctis
290 2544 429 2590 quaestio
444 2552 527 2577 erat.
545 2544 583 2577 E.
600 2565 644 2569 ——
660 2549 694 2578 T.
709 2550 773 2577 Cre-

110 2612 221 2630 sarem.
244 2600 355 2629 Divum
381 2604 464 2642 puto
486 2596 660 2630 excidisse.
687 2599 773 2631 Nam

112 2652 227 2681 dicavit
247 2653 323 2682 coelo
350 2651 551 2681 Domitianus
578 2652 695 2687 Titum,
717 2651 776 2684 Pa-

116 2714 230 2748 negyr.
251 2703 318 2742 XI,
337 2703 411 2735 init.
432 2702 520 2735 Ibid.
539 2714 613 2747 cap.
632 2703 775 2742 XXXV,

276 1123 285 1149 ε
317 1106 435 1166 quod
462 1106 521 1150 illi
549 1123 602 1150 an
630 1107 835 1161 fecerint,
859 1108 1014 1151 nescio.
1042 1108 1198 1152 Etiam.
1228 1108 1314 1152 Sed
1339 1108 1399 1152 illi
1419 1109 1492 1168 ju-

828 1243 847 1278 4
858 1263 866 1277 ,
885 1240 972 1270 divus
987 1241 1087 1277 Titus‚·
1098 1240 1156 1272 ubi
1168 1239 1249 1272 item
1262 1242 1349 1272 divus
1364 1241 1399 1273 in
1410 1253 1495 1273 non-

827 1290 930 1322 nullis
945 1290 1037 1323 libris
1057 1291 1163 1324 deest.
1180 1293 1213 1326 S.

875 1345 907 1375 6.
932 1347 1010 1385 Quoe
1033 1346 1211 1387 aliquando
1231 1348 1328 1378 etiam
1349 1360 1370 1377 α
1389 1350 1491 1379 malis.

826 1396 924 1428 Rom.
946 1399 1023 1437 ριιαΒ
1039 1398 1137 1428 etiam
1150 1411 1171 1428 α
1188 1401 1280 1429 malis
1303 1401 1493 1441 aliquando.

827 1448 1004 1493 Sequitur,
1023 1452 1081 1481 vel
1098 1453 1263 1492 praecipue
1280 1454 1495 1484 nuznerandus

828 1503 863 1531 P.
888 1503 1056 1544 Virgilius,
1074 1502 1146 1533 sine
1160 1502 1264 1534 verbo
1280 1512 1335 1534 est.
1356 1502 1401 1535 H.

874 1572 919 1576 —
938 1556 1012 1584 Non
1031 1555 1130 1584 distat
1150 1555 1322 1586 ordinibus.
1340 1556 1416 1587 Non
1436 1556 1497 1587 uni

828 1613 962 1637 tantuin
991 1605 1103 1637 ordini
1139 1606 1301 1639 adstricta
1332 1615 1403 1648 est,
1437 1607 1496 1640 sed

829 1657 988 1689 omnibus
1001 1659 1191 1691 communis
1211 1672 1282 1692 csse
1297 1659 1410 1692 debet.
1430 1661 1470 1693 E.

877 1722 909 1753 7.
926 1712 1032 1741 Recito
1048 1720 1163 1743 minen.
1180 1712 1436 1745 Restituithunc
1450 1713 1496 1745 lo-

830 1774 908 1794 cum
931 1762 1079 1794 Cortius.
1100 1764 1168 1795 Nos
1191 1763 1367 1797 declarare
1392 1778 1496 1798 cona-

831 1814 957 1846 bimur.
979 1814 1054 1845 Duo
1083 1815 1225 1847 crimina
1250 1825 1347 1855 sunt,
1371 1819 1497 1862 quibus

830 1864 1012 1909 respondet
1043 1867 1171 1899 Plinius
1198 1879 1204 1899 :
1236 1881 1344 1901 unum
1360 1894 1368 1909 ,
1402 1870 1496 1914 quod

831 1917 945 1949 scribit
961 1919 1112 1951 carmina
1131 1920 1277 1952 obscena
1297 1933 1304 1959 ;
1326 1921 1471 1954 alterum
1486 1948 1494 1963 ,

831 1968 925 2014 quod
948 1970 1079 2003 recitat.
1102 1972 1211 2004 Priori
1237 1974 1438 2007 satisfecisse
1462 1988 1496 2007 se

831 2028 929 2067 putat
936 2029 1048 2054 auctm
1057 2022 1286 2057 ibuslaudatis
1298 2028 1385 2071 :jam
1394 2035 1494 2060 trans-

834 2073 857 2104 it
883 2073 924 2105 ad
957 2073 1114 2107 alterum.
1141 2079 1247 2108 Recito
1278 2087 1400 2117 (alnon,
1430 2088 1495 2113 etc.

833 2124 923 2157 Illud
945 2128 1041 2158 etiam
1065 2135 1113 2160 est
1139 2129 1376 2170 concedentis,
1404 2132 1498 2176 quod

833 2178 1005 2223 objectum
1027 2179 1104 2212 fuit.
1126 2181 1268 2221 Quoties
1292 2182 1337 2215 ita
1358 2196 1438 2216 usus
1456 2185 1498 2216 sit

834 2230 983 2269 Plinius,
1011 2230 1109 2265 docet
1136 2233 1249 2266 index:
1276 2235 1319 2267 G.
1346 2256 1386 2260 »-
1409 2238 1498 2282 Ergo

835 2294 952 2315 sensus
968 2291 1037 2315 est:
1052 2284 1259 2325 concedam,
1275 2287 1350 2319 illos
1364 2301 1433 2321 non
1449 2301 1499 2321 re-

835 2334 968 2367 citasse.
980 2335 1166 2370 E.—-Rom.
1184 2341 1278 2380 Quod
1289 2341 1337 2371 illi
1345 2354 1387 2371 αη
1404 2344 1499 2372 eciam

826 2389 983 2430 jecerint,
1006 2392 1108 2421 nescio
1126 2404 1136 2421 .·
1154 2394 1211 2422 sed
1230 2393 1277 2422 illi
1286 2394 1412 2434 judicio
1430 2406 1497 2424 suo.

838 2439 974 2472 Postea:
990 2442 1068 2471 milei
1077 2445 1248 2474 modestior
1256 2446 1434 2475 constancia
1445 2454 1497 2476 est.

838 2489 919 2522 Vid.
937 2503 990 2535 ep.
1008 2492 1118 2533 XIII,
1137 2498 1170 2535 4.
1191 2495 1233 2527 H.
1250 2515 1293 2519 ——
1310 2494 1501 2541 Utrumque

838 2542 960 2587 placet.
986 2544 1080 2578 Piius
1104 2546 1231 2579 hahent
1254 2547 1353 2579 ctiam
1380 2548 1501 2580 Brum-

840 2596 923 2627 meri
941 2606 1108 2642 excerpta.
1121 2599 1290 2631 Posterius
1300 2599 1333 2631 in
1345 2601 1502 2632 omnibus

839 2647 960 2692 legitur
986 2650 1099 2690 libris,
1120 2664 1181 2683 nec
1209 2651 1355 2683 debebat
1375 2653 1502 2685 Casan-

840 2699 922 2732 boni
937 2703 1140 2746 conjecturae
1155 2704 1230 2736 loco
1243 2702 1377 2737 cedere.
1399 2705 1431 2738 S.

1230 2766 1304 2808 13.
