1742 2989
177 279 195 297 -J

222 162 313 224 396
611 165 660 206 C.
701 163 923 206 PLlNll
959 162 1081 203 Llss.
1122 162 1232 203 Vll.

179 267 189 282 ,»
221 243 424 303 abrumpi
437 277 448 296 ‚
467 243 541 286 sed
562 242 792 286 intermitti
810 240 926 285 volo.
945 242 1007 284 Ut
1019 241 1135 283 enim
1148 276 1159 295 ,
1180 241 1213 284 si
1229 255 1397 284 coenam
1413 239 1491 282 tibi
1507 239 1622 283 face-

223 332 313 359 rem
328 351 339 372 ‚
363 315 560 360 dulcibus
580 315 687 360 cibis
708 331 828 358 acres
848 323 1084 374 acutosque
1104 314 1353 365 miscerem‚
1377 321 1424 355 ut
1441 312 1625 355 obtusus

225 388 304 432 illis
326 399 368 432 et
388 388 549 433 oblitus
571 389 822 432 stomachus
845 388 912 431 his
931 388 1218 443 excitaretur3
1239 388 1297 430 ita
1316 402 1434 429 nunc
1454 386 1626 439 hortor,

221 471 271 504 ut
299 461 669 521 jucundissimum
706 478 842 523 genus
873 462 971 505 vitae
1002 459 1223 504 nonnullis
1253 458 1475 503 interdum
1502 459 1625 519 quasi

222 534 425 577 acoribus
451 534 642 577 condias.
671 534 793 578 Vale.

270 665 480 705 4.Abr111npi.
496 664 536 695 ln
558 670 764 708 perpetuum
791 662 893 696 relin-

223 714 303 758 qui;
317 717 375 746 sed
385 717 568 753 intermitti,
585 714 629 748 ad
643 715 745 748 breve
757 723 892 760 tempus

225 766 448 811 interpellari.
464 768 504 800 E.

1007 665 1039 694 5.
1066 666 1174 694 Act-es.
1201 660 1340 701 Celsus,
1361 662 1418 700 11,
1441 672 1479 692 22
1497 671 1504 691 :
1527 661 1628 691 Acria

957 724 1031 746 sunt
1044 716 1154 745 omnia
1166 716 1260 745 nimis
1272 723 1401 745 austera
1413 738 1423 753 ‚
1443 714 1552 744 omnia
1564 713 1629 743 aci-

959 769 1021 805 da,
1043 768 1153 798 omnia
1169 768 1266 799 salsa.
1285 766 1353 798 ΕΙ).

240 912 359 922 -ιιιινι
365 909 1369 923 §ww§11§ummxmmxwaexsuaewzsmmmnnzusstzw
1375 906 1614 919 mmmm

874 1046 982 1102 IV.

226 1210 400 1256 Miranti,
427 1209 492 1259 qui
520 1210 683 1254 Plinius,
710 1221 864 1245 severus
891 1207 1028 1252 homo,
1052 1204 1390 1254 hendecasyllabos
1416 1204 1631 1255 scripserit,

456 1274 603 1323 poetica
623 1287 689 1311 sua
717 1272 840 1309 studia
863 1271 910 1308 ab
934 1271 1066 1308 ultima
1086 1278 1193 1307 aetate
1215 1278 1396 1307 recenset.

523 1420 560 1447 c.
597 1415 827 1446 PLINIUS
861 1415 1080 1445 Poiwrlo
1114 1398 1132 1415 *
1168 1414 1271 1443 suo
1307 1414 1341 1441 s.

299 1550 385 1592 Ais
420 1547 572 1607 legisse
608 1556 648 1589 te
678 1541 1061 1604 hendecasyllabos
1092 1558 1234 1596 meos;
1267 1540 1452 1601 requiris
1481 1540 1634 1591 etiam,

229 1620 600 1681 quemadmodum
632 1617 836 1678 coeperim
866 1616 1078 1672 scribere,
1109 1615 1241 1659 homo
1271 1624 1321 1657 ut
1349 1612 1428 1656 tibi
1460 1611 1634 1665 videor,

229 1710 424 1749 severus,
450 1703 501 1736 ut
527 1694 617 1753 ipse
643 1691 802 1743 fateor,
826 1706 915 1733 non
939 1690 1126 1749 ineptus.
1150 1689 1390 1747 Nunquam
1416 1702 1440 1729 a
1467 1685 1636 1746 poetice

230 1765 379 1827 (altius
395 1767 512 1810 enim
526 1762 738 1826 repetam)
751 1763 918 1807 alienus
932 1761 1017 1817 fui;
1033 1762 1140 1822 quin
1158 1762 1288 1804 etiam
1304 1757 1634 1820 quatuordecim

231 1849 358 1882 natus
379 1855 516 1882 annos
538 1840 736 1882 Graecam
757 1835 1014 1897 tragoediam
1037 1834 1203 1894 scripsi.
1234 1830 1451 1890 Qualem?
1476 1831 1633 1891 inquis.

229 1913 388 1956 Nescio
402 1911 636 1972 :tragoedia
650 1910 900 1954 vocabatur.
911 1910 1019 1952 Mox
1030 1923 1169 1967 quum
1183 1922 1206 1949 e
1221 1904 1373 1949 militia
1389 1903 1576 1957 rediens,
1591 1903 1636 1945 in

230 1986 366 2029 Icaria
394 1984 533 2029 insula
547 1984 687 2028 ventis
710 1983 950 2035 detinerer,
968 1980 1125 2024 latinos
1149 1977 1352 2038 elegosin
1368 1975 1475 2019 illud
1492 1976 1635 2035 ipsum

231 2074 350 2101 mare
376 2058 602 2117 ipsamque
621 2055 808 2100 insulam
829 2054 924 2098 feci.
949 2055 1167 2114 Expertus
1189 2067 1283 2095 sum
1308 2065 1378 2092 me
1399 2046 1637 2108 aliquando

230 2141 272 2174 ct
302 2131 481 2173 heroico
509 2147 518 2172 t
546 2127 918 2188 hendecasyllabis
954 2142 1072 2169 nunc
1101 2125 1315 2186 primum,
1350 2137 1539 2182 quorum
1565 2119 1638 2163 hic

277 2251 359 2284 IV.*
371 2251 420 2283 De
430 2252 561 2289 Pontio,
572 2249 684 2288 lib.V,
695 2261 746 2293 ep.
763 2261 775 2280 1
784 2247 816 2280 5.
828 2247 895 2280 En.

282 2316 292 2336 1
304 2331 311 2336 .
334 2307 408 2335 Non
429 2305 561 2345 ineptus.
577 2301 668 2334 Vide
686 2313 793 2346 quam
812 2301 899 2334 bene

231 2356 310 2389 huic
321 2356 423 2389 etiam
438 2355 515 2388 loco
528 2354 583 2386 illa
597 2356 696 2397 inepti
707 2354 802 2386 notio
816 2366 899 2387 con-

233 2409 343 2441 xeniat
355 2433 364 2448 ‚
382 2421 451 2453 qua
471 2406 717 2451 comprehendi
736 2414 846 2438 totum
863 2406 900 2438 il-

234 2462 296 2493 lius
311 2461 478 2493 ambitum
495 2467 667 2505 putamus.
686 2462 760 2490 Non
777 2461 899 2502 ineptus

234 2522 281 2546 cst
294 2539 302 2553 ‚
314 2513 419 2558 quiin
430 2513 542 2558 parvis
554 2520 585 2545 et
599 2512 789 2556 nugacibus
799 2511 902 2544 rebus

236 2579 304 2598 uon
318 2565 420 2597 nimis
436 2564 586 2598 studiose
602 2571 635 2596 et
648 2563 772 2608 cupide
788 2576 902 2596 versa-

235 2627 301 2655 ⁴mr,
311 2618 369 2662 qui
379 2616 523 2662 proinde
535 2615 701 2650 faciendis
714 2616 901 2655 vorsiculis,

236 2670 293 2714 qui
308 2669 401 2702 lusus
416 2678 529 2703 tamen
546 2677 644 2710 sunt,
660 2681 764 2713 quum
784 2668 903 2713 optimi

964 2253 1043 2279 sunt
1055 2270 1064 2284 ,
1081 2257 1152 2278 non
1169 2241 1339 2289 impendit
1354 2249 1490 2274 tantum
1507 2248 1639 2284 tempo*-

964 2299 1011 2332 ris
1022 2323 1031 2337 ‚
1046 2304 1218 2342 quantum
1231 2295 1279 2328 rei
1291 2294 1387 2327 seriae
1398 2301 1430 2326 et
1442 2304 1580 2326 severae.
1592 2291 1636 2324 G.

1013 2352 1045 2384 3.
1056 2352 1167 2382 Icaria
1178 2360 1248 2381 una
1261 2361 1302 2381 ex
1320 2346 1454 2386 insulis,
1468 2357 1544 2391 quae
1557 2345 1639 2390 Spo-

965 2402 1066 2436 rades
1095 2401 1194 2434 dictae
1221 2407 1319 2439 sunt,
1348 2401 1446 2445 cujus
1474 2396 1640 2430 circuitus

965 2455 1075 2489 stadia
1086 2461 1238 2487 trecenta
1249 2451 1555 2496 complectebatur,
1563 2459 1640 2493 quae

968 2507 1096 2554 oppida
1107 2507 1177 2541 duo
1187 2505 1350 2544 habebat,
1359 2516 1422 2537 nec
1430 2500 1552 2547 procul
1564 2500 1641 2532 abe-

969 2569 1021 2595 rat
1035 2573 1053 2593 a
1067 2560 1182 2593 Samo.
1201 2558 1265 2590 En.

1016 2634 1060 2638 -·
1074 2613 1222 2644 Hcroico.
1238 2609 1374 2642 Cortius
1385 2619 1425 2639 ex
1440 2605 1534 2637 libris
1544 2604 1641 2636 bonae

972 2674 1058 2699 notm
1071 2667 1181 2703 heroo,
1193 2661 1286 2707 quod
1299 2686 1307 2700 ‚
1322 2667 1359 2693 ut
1370 2660 1518 2692 formam
1529 2656 1643 2701 exqui—
