1742 2989
607 205 955 248 Epls'roliA
990 206 1074 248 lx.
1501 214 1553 259 9¹

171 338 1359 353 mmmmm—nummatummmmmmmsusnszxsusum
1367 338 1424 347 mx
1430 337 1547 346 maw-

801 477 911 531 IX.

158 624 337 660 Erucium
371 623 613 659 candidatum
645 623 858 672 Apollinari
887 623 1138 659 commendat.
1171 625 1214 658 In
1243 620 1437 658 sententiis
1473 632 1563 655 ver—

202 687 336 737 bisque
371 701 507 737 magno
539 688 684 737 impetu
724 688 1090 738 prorumpentibus,
1130 699 1276 723 summa
1312 685 1561 735 perspicuitas

204 752 403 802 reperitur.
435 755 504 789 En.

400 895 436 922 C.
475 894 703 923 PLINIUS
743 895 1096 922 APOLLINARI
1133 894 1235 922 SUO
1271 894 1304 921 S.

221 1016 421 1059 ANXIUM
457 1031 526 1057 me
564 1023 608 1057 et
638 1014 884 1074 inquietum
913 1014 1047 1057 habet
1077 1013 1231 1074 petitio
1263 1011 1381 1055 Sexti
1413 1011 1563 1054 Erucii

149 1088 248 1130 mei.
281 1087 477 1132 Adficior
504 1104 636 1142 cura,
664 1097 708 1130 et
736 1103 868 1148 quam
898 1103 979 1147 pro
1007 1103 1077 1129 me
1106 1084 1446 1129 sollicitudinem
1473 1100 1563 1126 non

148 1160 262 1214 adii,
296 1161 420 1221 quasi
447 1178 527 1221 pro
557 1177 626 1204 me
655 1161 792 1204 altero
819 1161 965 1220 patior
997 1177 1004 1203 :
1039 1170 1081 1203 et
1107 1159 1303 1220 alioquin
1329 1175 1451 1201 meus
1479 1174 1563 1218 pu-

147 1233 252 1288 dor,
274 1250 370 1277 mea
399 1234 662 1277 existimatio
679 1269 690 1288 ‚
716 1249 812 1276 mea
839 1233 1029 1292 dignitas
1056 1233 1100 1275 in
1126 1232 1359 1275 discrimen
1387 1230 1564 1274 adduci-

151 1318 230 1351 tur.
250 1310 344 1368 Ego
358 1310 490 1351 Sexto
505 1306 642 1350 latum
657 1306 830 1350 clavum
849 1323 873 1350 a
893 1309 1063 1350 Caesare
1083 1315 1235 1349 nostro
1250 1341 1260 1360 ,
1278 1321 1358 1364 ego
1382 1312 1566 1364 quaestu-

148 1399 241 1425 ram
264 1382 496 1442 impetravi
519 1398 528 1424 :
551 1397 650 1424 meo
676 1380 887 1441 suffragio
913 1380 1114 1441 pervenit
1139 1379 1193 1423 ad
1215 1379 1286 1439 jus
1312 1379 1564 1422 tribunatus

146 1454 351 1515 petendi,
380 1470 511 1515 quem
545 1454 628 1497 nisi
654 1454 825 1497 obtinet
860 1455 905 1496 in
940 1463 1121 1508 senatu,
1149 1469 1306 1496 vereor
1346 1468 1401 1495 ne
1434 1450 1563 1493 dece-

147 1529 259 1588 pisse
292 1529 507 1571 Caesarem
540 1527 704 1570 videar.
729 1526 919 1571 Proinde
950 1525 1241 1570 adnitendum
1271 1535 1335 1568 est
1365 1523 1498 1577 mihi,
1519 1531 1567 1564 ut

146 1599 277 1644 talem
298 1617 401 1644 eum
415 1599 615 1661 judicent
635 1617 808 1655 omnes,
829 1599 1003 1660 qualem
1020 1616 1110 1643 esse
1127 1599 1334 1660 princeps
1350 1597 1459 1640 milii
1477 1611 1566 1640 cre-

146 1672 270 1716 didit.
296 1673 407 1729 Quae
435 1690 585 1717 caussa
614 1674 647 1717 si
673 1673 867 1717 studium
893 1690 1041 1717 meum
1068 1690 1158 1716 non
1180 1673 1384 1716 incitaret
1404 1707 1414 1727 ,
1444 1671 1566 1731 adju-

147 1747 241 1781 tum
265 1746 413 1781 tamen
430 1754 637 1799 cuperem
654 1739 859 1798 juvenen]
879 1738 1194 1799 probissimum
1209 1773 1219 1789 ,
1241 1737 1567 1797 gravissimum,

202 1877 265 1909 IX.
310 1889 338 1908 1.
373 1879 493 1910 Erucii.
526 1877 579 1911 Sic
613 1877 750 1910 Cortius
784 1890 823 1910 ex

146 1929 244 1963 MSS.
256 1928 315 1962 alii
330 1931 464 1962 Euricii.
479 1929 523 1962 G.
539 1950 584 1954 -—
598 1933 709 1962 Erucii
719 1930 822 1963 etiam

146 1982 244 2015 Rom.
266 1981 310 2014 H.

192 2055 238 2059 ——
255 2038 319 2066 Pro
337 2048 384 2066 me
399 2038 514 2068 altero.
530 2036 620 2068 Nota
635 2035 735 2069 amici
763 2051 822 2070 πε·

106 2118 110 2121 .
146 2088 304 2134 ρίφρασις,
327 2101 431 2133 quam
450 2088 600 2121 illustrat
619 2088 756 2121 Cortius
776 2087 821 2122 ad

147 2139 183 2172 h.
211 2140 236 2172 l.
263 2148 296 2173 et
320 2139 365 2173 ad
393 2141 465 2173 Cic.
494 2141 578 2174 fam.
607 2141 663 2181 II,
691 2142 755 2182 15,
787 2141 819 2175 5.

150 2192 269 2224 Unum
294 2192 443 2226 sufficiat
460 2194 532 2226 Cic.
559 2194 642 2226 sam.
663 2193 733 2225 VII
746 2219 754 2234 ,
778 2197 796 2225 5
812 2219 820 2234 ‚

148 2243 193 2276 ad
215 2244 385 2277 Caesarem
407 2256 414 2277 ε
440 2262 453 2274 α
472 2245 581 2286 Vide,
604 2258 710 2291 quam
736 2246 823 2278 inihi

149 2297 380 2341 persuaserim
391 2322 400 2337 ‚
420 2305 452 2330 te
469 2310 542 2331 esse
560 2311 615 2331 me
629 2299 790 2331 alterum.
806 2315 819 2327 ιι

148 2348 193 2381 G.
212 2369 258 2373 —
272 2352 468 2392 Apollinari.
490 2351 605 2383 Intell.
628 2351 700 2384 sine
716 2351 823 2384 dubio

147 2401 319 2434 Domitius
340 2401 548 2446 Apollinaris
563 2428 571 2441 ‚
593 2403 715 2436 consul
733 2403 823 2436 desi-

147 2461 270 2497 gnatus
283 2479 291 2494 ‚
312 2454 367 2486 cui
387 2454 555 2487 Martialis
569 2479 577 2494 ‚
606 2456 676 2495 IV,
698 2456 738 2496 87
752 2481 760 2495 ‚
786 2455 823 2487 li-

148 2505 251 2537 brum
270 2518 371 2538 suum
389 2506 494 2538 misit.
515 2507 580 2538 ED.

198 2569 229 2589 2.
261 2561 359 2589 Lacus
391 2561 496 2590 clavus
523 2558 735 2592 concedebat
764 2562 821 2605 jus

150 2608 310 2642 veniendi
325 2610 361 2642 in
380 2610 556 2643 Senatum.
578 2612 752 2656 Augustus
768 2612 823 2646 Se·

152 2668 309 2694 natorum
321 2662 435 2695 liberis
447 2688 455 2702 ‚
472 2676 540 2695 una
552 2675 631 2696 cuni
642 2664 731 2696 virili
744 2672 820 2709 toga

151 2713 256 2745 latum
266 2714 400 2747 clavum
412 2728 544 2747 sumere
553 2716 716 2760 permisit.
729 2717 820 2757 Quin

889 1877 978 1910 adeo
991 1876 1255 1922 splendidorum
1268 1875 1424 1922 equitum
1436 1875 1566 1914 liberis,

889 1930 923 1962 id
937 1930 1080 1963 honoris
1096 1929 1254 1975 contigit.
1269 1929 1335 1961 ΕΒ.
1352 1949 1397 1952 —
1412 1932 1486 1959 Illeo
1501 1930 1568 1972 suf<

879 1984 994 2026 fi‘agio
1009 1984 1157 2025 pervenit
1176 1985 1223 2013 ad
1236 1984 1289 2026 jus
1308 1983 1491 2013 tribunatus
1507 1993 1566 2023 pe-

889 2037 986 2067 tendi.
1008 2037 1104 2068 Rom.
1131 2039 1205 2066 llIeo
1228 2036 1386 2078 suffragio
1410 2035 1569 2076 pra‘venic

887 2089 993 2130 adjus
1009 2090 1206 2120 tribunatum
1213 2090 1359 2131 petendi.
1374 2088 1475 2120 Recte
1482 2099 1569 2129 prce-

888 2143 980 2173 venit.
993 2141 1053 2173 Jus
1063 2140 1260 2174 tribunatus
1274 2139 1411 2186 petendi
1425 2152 1496 2172 non
1506 2139 1567 2171 im-

887 2193 1095 2238 petrandum
1108 2201 1180 2226 erat
1192 2194 1235 2226 ab
1246 2193 1455 2238 imperatore
1467 2203 1474 2224 :
1488 2199 1567 2224 ante

890 2245 974 2278 alios
990 2258 1073 2278 vero
1093 2253 1209 2291 petere
1229 2259 1301 2279 non
1324 2246 1449 2278 licebat
1463 2270 1471 2285 ‚
1499 2244 1566 2277 nisi

890 2296 926 2330 id
945 2310 965 2330 a
988 2298 1148 2343 principe
1170 2297 1345 2331 indultum
1366 2297 1498 2330 fuisset.
1518 2297 1562 2329 H.

889 2371 935 2375 ——
966 2353 1173 2382 Tribunatum
1199 2351 1304 2384 etiam
1331 2349 1494 2383 Cortiana
1525 2361 1565 2382 ex

889 2402 1061 2436 Mediceo.
1089 2403 1182 2449 Saepe
1207 2403 1254 2437 sic
1279 2403 1359 2436 libri
1381 2402 1562 2436 fluctuant.

890 2455 973 2488 Vid.
994 2457 1142 2501 Interpr.
1163 2455 1207 2488 ad
1225 2456 1302 2489 Liv.
1318 2456 1333 2487 I
1349 2480 1358 2495 ‚
1378 2468 1418 2496 19
1435 2480 1443 2495 ‚
1464 2458 1507 2493 (33
1527 2455 1542 2486 I
1555 2480 1562 2490 ,

891 2508 933 2542 53
946 2533 954 2548 ,
965 2509 982 2541 3
991 2535 997 2541 .
1011 2509 1044 2542 S.
1056 2511 1274 2551 —Decepisse
1285 2511 1452 2540 Caesarem.
1464 2508 1564 2539 Com-

889 2560 1088 2593 mendando
1107 2560 1249 2593 homine
1264 2585 1272 2600 ,
1296 2572 1400 2605 quem
1419 2560 1564 2592 Senatus

888 2612 1072 2658 indignum
1088 2613 1279 2646 honoribus
1299 2609 1440 2656 judicet.
1461 2612 1504 2643 G.

935 2667 965 2699 3.
991 2668 1141 2710 Adjutmu
1161 2676 1266 2697 tamen
1287 2676 1442 2707 cuperem.
1462 2665 1559 2695 Rom.

890 2721 1043 2762 Adjucum
1053 2730 1158 2751 [alneu
1167 2730 1305 2760 cuperes,
1316 2728 1507 2761 perperam.
1519 2715 1558 2747 H.

1594 1314 1610 1334 ts?
