1742 2989
246 226 335 280 324

675 226 721 267 C.
758 225 979 268 PLINII
1014 226 1137 268 LIB.
1174 228 1225 270 V.

245 308 357 365 Θαίς
390 318 541 351 autem
570 306 640 350 lzz'e
670 317 756 360 est,
788 310 870 365 qzcc'
896 307 1094 351 emendet
1113 307 1323 369 publicos
1353 310 1532 353 mores?
1558 311 1642 354 Alii

240 390 393 424 contra
431 398 440 424 :

476 382 732 423 Rectissime
751 379 880 437 ¹fecit
917 382 1104 423 z'm'turzcs
1142 384 1450 440 magzstmtmn
1486 399 1498 425 :
1524 383 1642 442 jara

238 457 449 513 cognovit
480 470 493 496 .·
531 453 922 496 senatusconsulta
956 453 1064 512 legit
1092 469 1105 495 .·
1139 457 1338 514 reprimit
1349 455 1643 512 foedzssl'mcz.s·

230 531 469 586 pactiones
499 543 511 569 .·

546 543 634 569 rem
665 525 1010 586 pulcherrimam
1052 529 1301 587 tlclpl'sslme
1338 531 1510 571 'Uoelll‘l'e
1550 545 1643 573 tlon

192 611 212 642 7
224 604 418 660 ραίῐιίιν.
440 599 565 643 Tales
586 599 748 659 ubique
770 614 991 642 sermones
1011 616 1019 642 :
1046 600 1120 658 qui
1144 610 1290 643 tamen
1317 600 1571 645 alterutram
1595 602 1639 645 in

235 682 407 732 partem
432 689 483 716 ex
506 682 665 718 eventu
688 671 1001 732 praevalebunt.
1027 674 1103 716 Est
1122 675 1302 717 omnino
1323 674 1521 733 iniquum
1535 710 1546 728 ‚
1566 674 1641 718 sed

236 761 316 788 usu
351 755 602 806 receptum,
631 744 748 805 quod
786 745 966 788 honesta
1002 744 1179 789 consilia
1213 745 1277 788 vel
1312 747 1478 806 turpia⁷
1508 757 1639 806 prout.

234 817 345 860 male
374 828 450 861 aut
482 834 690 878 prospere
722 817 909 873 cedunt,
936 820 993 861 ita
1025 818 1088 861 vel
1119 818 1364 878 probantur
1391 819 1456 862 vel
1488 836 1638 880 repre-

233 890 500 934 henduntur.
521 891 628 934 Inde
649 890 907 951 plerumque
925 891 1075 935 eadem
1097 891 1209 936 facta
1231 892 1362 935 modo
1382 891 1635 953 diligentiae,

231 963 362 1006 modo
386 964 614 1020 vanitatis‚
638 964 770 1008 modo
797 964 1029 1019 libertatis,
1049 965 1180 1008 modo
1206 964 1365 1009 furoris
1390 981 1550 1009 nomen
1574 982 1637 1010 ac-

230 1037 412 1096 cipiunt.
427 1036 550 1081 Vale.

225 1169 324 1200 Rom.
341 1171 538 1207 Invenimus,
558 1172 614 1212 qui
626 1179 741 1201 cuncta
761 1172 899 1212 corrige-

226 1230 304 1254 rent.
314 1220 345 1252 H
352 1247 358 1253 .

270 1293 315 1298 —
326 1276 507 1305 Rectissime
510 1276 612 1317 fecit,
630 1282 695 1306 etc.
721 1276 899 1305 Rectissime

220 1327 298 1366 fecit
306 1340 316 1358 :
324 1328 458 1358 initurus
469 1329 696 1370 magistratum
697 1329 770 1369 jura
782 1340 898 1370 cogno-

225 1380 274 1410 vit.
296 1379 376 1411 Haec
397 1392 589 1425 conjungo,
612 1380 716 1425 vulgo
737 1379 895 1412 divulsa:

221 1443 284 1475 pro
300 1435 445 1475 cognovit
459 1445 538 1465 cum
555 1433 717 1466 Catanaeo
731 1441 764 1465 et
779 1431 896 1466 Cortio

223 1483 298 1528 lego
314 1487 504 1527 recognovit.
522 1484 565 1517 H.

269 1547 301 1579 7.
316 1539 406 1567 Tales
418 1539 532 1578 ubique
541 1548 716 1574 sermones,
731 1543 793 1568 etc.
809 1536 893 1569 «Ta-

219 1587 268 1620 les
284 1587 413 1632 ubique
427 1600 602 1620 sermones
617 1613 625 1627 ,
641 1588 701 1632 qui
718 1596 832 1620 tamen
847 1588 894 1620 al-

219 1647 385 1672 terutram
404 1640 439 1672 in
457 1648 589 1684 partem
613 1652 651 1672 ex
671 1653 750 1672 usu»
780 1640 892 1685 [error

217 1692 340 1724 calami
351 1704 413 1737 pro
424 1702 543 1723 eventu.
555 1692 603 1737 S.]
618 1693 871 1737 «praevalebunt
882 1704 889 1725 ι

217 1744 280 1786 (est
302 1745 444 1777 omnino
467 1745 648 1789 iniquum,
670 1744 727 1777 sed
756 1757 820 1777 usu
835 1757 890 1777 re-

217 1799 369 1841 ceptum)
380 1796 475 1841 quod
494 1796 638 1830 honesta
660 1797 801 1830 consilia
826 1805 881 1829 et»

220 1848 369 1891 [voluit,
391 1850 536 1895 opinor,
557 1853 618 1883 vel.
641 1850 700 1895 S.]
726 1849 864 1894 «turpia
879 1876 887 1891 ‚

216 1908 318 1944 prout
331 1901 419 1935 male
430 1910 489 1936 aut
498 1914 663 1948 prospere
677 1901 807 1936 cedunt
817 1927 827 1943 ,
842 1903 889 1935 ita

966 1170 1020 1202 vel
1031 1171 1224 1215 probantur
1234 1187 1247 1200 κ
1267 1171 1378 1215 [Rom.
1386 1171 1635 1214 proceduncite-

963 1232 1039 1257 rato
1068 1224 1175 1270 priori
1206 1225 1323 1269 verbo]
1345 1224 1419 1257 «vel
1445 1223 1632 1269 reprehen-

964 1275 1123 1310 duntur.»
1146 1278 1196 1310 Ita
1215 1277 1251 1310 h.
1268 1278 1289 1310 Ι.
1305 1289 1439 1322 semper
1453 1277 1632 1322 interpun-

963 1330 1116 1374 gendum
1144 1330 1296 1371 credidi,
1324 1338 1355 1362 et
1378 1329 1508 1363 inclusa
1530 1328 1631 1362 verba

961 1395 1068 1429 prope
1083 1392 1239 1429 suspecta
1255 1383 1376 1416 habui.
1391 1382 1436 1414 H.

995 1434 1141 1462 —Modo
1153 1433 1269 1474 diligen
1275 1432 1341 1468 tite,
1358 1431 1452 1461 modo
1462 1429 1629 1459 vanitatis.

961 1483 1000 1514 In
1010 1484 1106 1515 Rom.
1118 1482 1260 1515 Helmst.
1270 1483 1383 1515 Oxon.
1395 1482 1494 1514 Aruz.
1506 1479 1628 1513 Pariss.

960 1537 1000 1568 A.
1024 1537 1063 1568 Β.
1085 1535 1179 1568 MSS.
1201 1534 1413 1567 exciderunt.
1440 1533 1630 1565 H.-Dili-

954 1591 1087 1631 gemite.
1105 1614 1110 1619 .
1127 1590 1310 1620 manicatis.
1328 1588 1418 1631 Ergo
1430 1611 1438 1625 ,
1465 1585 1493 1617 si
1515 1584 1629 1617 consi-

956 1640 1039 1672 lium
1047 1640 1231 1672 honestum
1245 1664 1253 1678 ‚
1264 1651 1333 1684 quo
1344 1638 1421 1683 quis
1431 1639 1629 1680 diligentiam

956 1693 1112 1737 probavit
1124 1717 1133 1732 ‚
1147 1692 1239 1724 male
1256 1690 1347 1724 cedit
1359 1718 1368 1732 ‚
1383 1698 1455 1723 tum
1470 1692 1627 1722 vanitatis

955 1745 1097 1777 nomine
1119 1743 1210 1776 idem
1235 1742 1513 1789 reprehenditur.
1537 1741 1627 1786 Ergo

954 1797 989 1829 in
1003 1798 1154 1828 manicare
1169 1796 1298 1829 vitiosae
1316 1794 1500 1840 diligentiae
1514 1793 1626 1826 notio—-

954 1861 1033 1882 nem
1054 1861 1126 1882 esse
1146 1857 1300 1894 oportet,
1323 1848 1421 1887 sicuti
1442 1847 1476 1880 in
1487 1848 1621 1891 ficrore,

955 1902 1084 1935 vitiosae
1097 1901 1276 1935 libertatis.
1292 1900 1332 1933 E.
