1742 2989
532 209 875 253 EPISTULA
913 210 1102 253 XXIV.
1425 204 1512 249 255

132 342 1497 357 zumnsxntutms‘tssmttswnummmmwsmxnmwuwsusm

699 474 942 530 XXIV.

166 624 391 675 Fragilitatis
412 624 586 660 humanae
609 624 857 670 admonetur,
881 637 998 674 quum
1019 624 1143 660 nullos
1164 624 1201 660 in
1222 622 1462 673 quadruplici

199 689 364 738 judicio,
389 702 484 738 quos
502 689 653 738 juvenis
675 689 713 725 in
733 689 867 726 eodem
887 688 1096 733 habuerat,
1118 688 1240 725 socios
1259 687 1426 724 vidisset.

394 827 433 854 c.
472 827 706 856 PLINIUS
742 828 987 856 VALENTI
1016 812 1035 830 *
1071 829 1172 857 suo
1209 829 1240 858 s.

177 949 392 990 Pfloxmss
417 962 551 1006 quum
578 944 695 1005 apud
718 946 1012 989 centumviros
1036 947 1081 989 in
1105 946 1381 1008 quadruplici
1397 949 1519 1009 judi-

113 1020 181 1063 cio
206 1020 433 1073 dixissem,
454 1018 587 1062 subiit
615 1018 861 1062 recordatio
878 1056 888 1075 ,
909 1019 1046 1079 egisse
1073 1036 1142 1062 me
1163 1021 1371 1081 juvenem
1397 1038 1518 1082 aeque

114 1094 159 1136 in
180 1093 466 1154 quadruplici.
485 1093 700 1136 Processit
726 1093 897 1136 animus
914 1127 924 1147 ,
951 1102 999 1135 ut
1025 1092 1155 1146 solet,
1182 1092 1352 1154 longius
1373 1111 1382 1139 :
1406 1097 1517 1156 coepi

114 1177 342 1228 reputare,
367 1183 476 1226 quos
501 1167 544 1209 in
572 1167 656 1209 hoc
677 1165 867 1225 judicio,
892 1182 1001 1226 quos
1027 1167 1071 1208 in
1097 1165 1171 1209 illo
1196 1168 1334 1211 socios
1357 1167 1518 1213 laboris

1376 1250 1518 1286 tantas

118 1314 422 1357 conversiones
446 1323 497 1375 gt
522 1311 731 1373 fragilitas
758 1311 1058 1369 mortalitatis,
1082 1323 1158 1357 aut
1177 1313 1364 1357 fortunae
1383 1315 1520 1358 mobi-

114 1385 212 1430 litas
239 1386 354 1431 facit.
378 1386 570 1443 Quidam
594 1403 644 1430 ex
665 1387 714 1430 iis
729 1421 741 1441 ,
761 1386 837 1446 qui
857 1396 963 1430 tunc
987 1396 1189 1447 egerant,
1214 1386 1518 1443 decesserunt,

114 1459 312 1503 exsulant
336 1459 435 1515 alii,
459 1460 561 1503 huic
586 1469 686 1503 aetas
716 1469 758 1503 et
784 1458 988 1502 valetudo
1014 1458 1236 1503 silentium
1263 1461 1419 1513 suasit3
1446 1460 1518 1504 hic

113 1240 372 1284 habuissem.
402 1239 528 1284 Solus
554 1256 696 1293 eram,
719 1239 794 1300 qui
821 1239 865 1281 in
892 1249 1080 1300 utroque
1103 1239 1305 1284 dixissem
1335 1259 1343 1284 :

114 1543 268 1593 sponte
289 1534 537 1577 beatissimo
556 1535 646 1577 otio
667 1533 846 1589 fruitur,
861 1533 969 1577 alius
987 1534 1226 1576 exercitum
1247 1535 1377 1595 regit,
1396 1533 1518 1577 illum

114 1606 311 1650 civilibus
333 1606 487 1650 officiis
510 1606 720 1667 principis
743 1606 935 1650 amicitia
955 1607 1129 1650 exemit.
1150 1607 1278 1650 Circa
1298 1624 1377 1650 nos
1404 1608 1519 1668 ipsos

114 1696 245 1739 quam
284 1680 422 1723 multa
459 1690 628 1724 mutata
664 1678 786 1724 sunt!
816 1680 982 1725 Studiis
1017 1681 1306 1740 processimus
1325 1699 1333 1724 :
1365 1680 1519 1725 studiis

161 1811 294 1845 XXIV.
307 1812 322 1827 *
337 1812 461 1845 Nescio
480 1824 524 1844 an
544 1811 784 1856 consanguini-

113 1871 182 1897 tate
197 1864 373 1910 amplexus
390 1864 433 1897 sit
448 1867 581 1896 Fabium
601 1867 780 1902 Valentem,

113 1916 378 1949 Vitellianorum
391 1916 514 1950 ducem
522 1925 714 1957 strenuum,
724 1924 755 1949 et
764 1929 782 1950 a

114 1969 318 2014 Vespasiani
339 1969 505 2003 militibus
530 1970 654 2002 Urbini
677 1970 782 2002 inter-

113 2023 259 2064 fectum,
274 2022 316 2056 de
335 2036 404 2069 quo
421 2023 529 2056 multa
547 2022 651 2056 tradit
669 2023 780 2056 Tacit.

113 2076 204 2108 Fasti
214 2076 410 2110 consulares
421 2089 440 2109 a
451 2077 563 2109 XCVI
574 2102 582 2116 ,
597 2080 628 2109 C.
642 2079 780 2108 Fulvium

117 2131 279 2161 Valencem
306 2138 339 2162 et
365 2130 404 2162 C.
421 2129 607 2162 Antistium
621 2130 781 2162 Veterem

114 2193 202 2214 coss.
224 2183 418 2215 nominant.
433 2183 500 2215 ΕΙ).

154 2245 167 2265 1
176 2259 183 2266 .
192 2237 457 2277 Proximequum,
469 2243 533 2267 etc.
545 2236 640 2267 Rom.
651 2235 784 2268 «Proxi—

114 2299 169 2318 me
180 2298 286 2331 quum
303 2287 394 2331 apud
406 2288 636 2321 centumviros
655 2288 688 2320 iu
701 2301 782 2334 qua-

113 2338 400 2385 druplicijudicio
414 2340 574 2374 dixissem
592 2344 780 2384 :pros-ime,

113 2404 208 2437 aeque
225 2393 259 2425 in
275 2392 504 2438 quadruplici.
525 2394 723 2427 Processit.»
737 2395 779 2427 H.

113 2464 158 2469 —
179 2449 219 2476 In
250 2447 455 2488 quadruplici
475 2447 614 2488 judicio.
633 2446 714 2479 Vid.
744 2447 780 2486 I,

117 2498 156 2530 18
168 2522 176 2537 ,
193 2499 224 2531 3.
238 2499 406 2531 Caeterum
420 2510 489 2530 non
503 2507 586 2542 puto
600 2499 782 2532 commode

112 2550 230 2582 abesse
249 2552 320 2584 haec
339 2551 442 2584 verba
462 2551 495 2583 iu
514 2551 609 2584 MSS.
626 2564 645 2583 a
665 2552 782 2585 Cortio

112 2600 260 2636 laudatis
273 2630 280 2643 ‚
305 2613 441 2650 propter
470 2605 574 2637 verba
588 2629 596 2643 ‚
624 2617 699 2649 quae
729 2619 780 2638 sc-

113 2664 267 2699 quuntur
279 2683 286 2697 ,
304 2672 394 2701 (eque
409 2661 439 2689 in
455 2660 669 2701 quadruplici.
685 2658 727 2691 G.
738 2679 782 2683 —-

114 2706 147 2739 Si
157 2708 241 2752 quid
250 2709 434 2743 delendum
450 2718 534 2743 esset
545 2737 551 2749 ‚
564 2724 625 2751 ego
634 2710 782 2745 delerem

850 1814 940 1854 apud
962 1814 1180 1844 centumviros.
1202 1813 1293 1845 Nam
1319 1812 1391 1846 haec
1413 1815 1520 1848 verba

850 1865 893 1897 ab
919 1864 1036 1909 aliquo
1064 1864 1255 1909 explicandi
1282 1866 1518 1912 quadruplicis

846 1916 968 1962 judicii
984 1930 1103 1951 caussa
1123 1917 1269 1950 adscribi
1285 1925 1456 1963 poterant.
1474 1920 1514 1952 E.

848 1990 893 1994 —-
909 1972 937 2002 A
955 1971 1066 2004 Plinio
1083 1970 1251 2016 scriptum
1265 1979 1348 2016 puto
1367 1983 1376 2004 τ
1401 1990 1414 2002 ιι
1430 1973 1516 2006 Pro-

849 2023 938 2056 xime
951 2037 1058 2069 quum
1072 2024 1165 2069 apud
1178 2025 1408 2058 centumviros
1420 2025 1518 2060 dixis-

849 2089 919 2109 sem
935 2102 943 2116 ,
962 2077 1067 2110 subiit
1093 2077 1306 2117 recordatio,
1327 2078 1435 2122 egisse
1463 2091 1518 2112 me

845 2130 1007 2173 juvenem
1023 2142 1119 2175 aeque
1137 2130 1171 2163 in
1189 2130 1408 2176 quadruplici
1423 2131 1516 2177 judi-

849 2182 937 2214 cio.»
964 2183 1016 2215 Sic
1032 2182 1110 2217 cod.
1127 2183 1228 2217 Voss.
1249 2184 1282 2217 S.

898 2249 929 2277 2,
944 2238 1051 2268 Socios
1070 2240 1187 2269 laboris
1207 2239 1393 2271 habuissem.
1418 2240 1514 2272 Rom.

849 2291 982 2320 Laboris
1000 2292 1100 2321 socios
1119 2291 1306 2323 habuissem.
1331 2290 1375 2323 H.

895 2362 939 2365 -
954 2345 1140 2374 Δίον-ιιιίίιας
1160 2355 1232 2376 aevo
1261 2344 1415 2388 pliniano
1450 2343 1516 2376 dici

848 2402 954 2439 coepta
967 2402 1016 2427 est
1029 2408 1093 2441 pro
1106 2409 1229 2441 genere
1244 2396 1409 2428 humano.
1425 2397 1492 2429 En.

895 2453 925 2488 4.
954 2451 1070 2481 Studiis
1094 2451 1273 2492 periclitati
1297 2462 1411 2480 summ.
1445 2450 1516 2482 Sul)

849 2501 1045 2534 Domitiano
1074 2502 1184 2534 bonos
1212 2514 1418 2546 quacunque
1445 2510 1516 2534 arte

848 2562 1021 2600 suspectos
1031 2555 1188 2588 habente.
1203 2554 1357 2586 Breviter
1370 2553 1516 2598 comple-

848 2607 949 2639 ctitur
960 2620 1097 2641 cursum
1115 2608 1211 2639 illum
1231 2620 1327 2639 suum
1346 2608 1514 2652 panegyr.

848 2660 955 2699 XCV,
977 2664 1016 2700 4,
1037 2664 1070 2693 6.
1086 2681 1129 2685 ——
1144 2661 1193 2692 Ex
1212 2659 1331 2692 eodem
1353 2659 1418 2691 lioc
1439 2659 1516 2692 loco

848 2712 977 2757 Pauegx
988 2726 1016 2746 r.
1038 2712 1217 2752 discimus,
1240 2712 1387 2745 Plinium
1406 2714 1515 2744 studiis

1546 1394 1563 1426 3
