1742 2989
232 339 433 349 =msmmm
437 340 612 350 mmm
616 340 935 352 mmmmsmw

635 204 682 246 C.
719 203 942 247 PLINII
976 206 1103 248 LIB.
1141 207 1237 249 VI.-

936 342 1312 354 uwmmmmn
1316 342 1630 355 swxuwsmms

892 472 970 526 ΙΙ.

233 633 289 666 l)e
317 629 597 665 increbescente
626 628 811 664 brevstate
842 629 1047 666 sorenshnn
1073 631 1282 677 aenontun‚
1308 645 1381 682 qua
1409 632 1532 669 studia
1560 646 1629 669 ne-

284 693 761 743 ghgantur,conquerstur
790 693 925 738 sta‚1u
950 695 1137 743 Reguhnn
1169 696 1505 745 quadanirauone
1531 697 1631 734 deffi-

286 756 403 793 deret.

520 848 556 875 C.
594 848 823 876 PLINIUS
859 849 1120 878 ARRIANO

1150 833 1169 852 '⁶
1205 850 1307 879 suo
1343 852 1377 880 s.

296 967 446 1009 SOLEO
476 981 796 1024 nonnunquam
832 965 876 1007 in
903 965 1077 1024 judiciis
1108 983 1300 1026 quaerere
1325 969 1524 1011 Marcum
1548 970 1631 1011 Re-

233 1037 406 1099 gulum,
436 1037 538 1080 nolo
573 1038 688 1080 enim
718 1037 882 1091 dicere,
910 1037 1169 1083 desiderare.
1206 1042 1297 1084 Cur
1322 1057 1426 1101 ergo
1456 1041 1634 1101 quaero?

190 1136 206 1155 2
231 1111 430 1155 Habebat
461 1110 614 1154 studiis
643 1111 878 1166 honorem,
907 1111 1107 1167 timebat,
1137 1112 1350 1173 pallebat,
1377 1114 1594 1157 scribebat
1622 1131 1631 1158 :

232 1186 430 1245 quamvis
455 1202 543 1228 non
573 1194 716 1244 posset
741 1184 962 1245 dssdQe
994 1185 1099 1228 illud
1124 1187 1288 1247 ipsum,
1313 1187 1430 1247 quod
1459 1187 1634 1231 oculum

233 1258 363 1301 modo
388 1258 609 1312 dextrum,
629 1258 760 1301 modo
786 1258 1008 1301 sinistrum
1031 1259 1386 1313 eircuinlinebat3
1410 1260 1636 1317 dextrum,

276 1390 343 1423 IL*
358 1391 406 1423 De
423 1389 571 1422 Arriano
593 1388 661 1421 vid.
683 1387 728 1420 ad
746 1389 781 1427 Ι,
801 1387 899 1433 epist.

235 1456 265 1475 2.
280 1443 348 1476 En.

284 1508 296 1527 1
307 1522 313 1527 .
333 1499 494 1537 Quaerere.
511 1519 517 1526 .
534 1519 541 1525 .
558 1496 764 1525 ,desiderum
781 1491 902 1526 Subtili

234 1546 431 1579 discrimine
459 1559 551 1580 nunc
572 1546 699 1593 posuit.
714 1566 759 1570 ——
778 1548 904 1586 Quaere-

235 1602 291 1631 bac
315 1600 481 1645 Regulum
505 1600 537 1632 in
557 1598 714 1646 judiciIS‚
738 1597 805 1630 hoc
832 1605 900 1638 est,

232 1654 394 1698 optabat,
416 1661 452 1685 ut
472 1653 602 1685 adesset
629 1650 819 1695 exemplum
848 1650 901 1681 in-

233 1705 373 1739 dustriae
386 1714 418 1738 et
431 1705 554 1744 studii,
571 1717 641 1750 quo
658 1704 692 1735 in
710 1702 902 1736 actionibus

233 1760 403 1792 utebatur.
422 1758 590 1791 Eumdem
607 1770 686 1790 vero
705 1769 768 1788 non
784 1757 902 1787 deside-

234 1815 330 1844 rabac
356 1820 498 1857 propter
526 1811 609 1843 alias
637 1821 774 1842 caussas
789 1833 798 1848 ,
828 1821 903 1854 quae

234 1877 310 1896 eum
321 1863 479 1897 odiosum
489 1872 520 1897 et
529 1861 820 1906 contemptibilem
829 1860 904 1893 red-

234 1916 406 1950 diderant.
428 1919 516 1950 Nam
533 1917 569 1949 in
587 1915 759 1949 desiderio
774 1921 822 1947 est
838 1926 902 1947 no-

234 1969 281 2001 tio
289 1970 470 2015 cujusdam
483 1983 572 2003 amm
582 1970 608 2001 is
620 1969 671 2001 vel
684 1967 881 2001 reverentiae
893 1992 901 2008 ‚

234 2034 300 2066 qua
319 2023 347 2054 is
359 2050 366 2064 ‚
382 2036 484 2068 quem
503 2022 738 2056 desideramus
750 2047 758 2061 ‚
779 2020 903 2066 dignus

235 2073 297 2114 sit,
315 2075 368 2107 Cf.
385 2078 402 2118 ἓ
419 2075 545 2114 AVid.
562 2075 674 2121 adep.
690 2075 743 2114 II,
765 2087 795 2113 ῐ,
811 2086 844 2118 7.
862 2074 902 2105 E.

284 2140 314 2159 2.
331 2130 501 2160 Scribrbat.
518 2129 596 2160 Non
612 2127 739 2160 fidebat
752 2125 902 2171 ingenio,

236 2178 289 2212 vel
310 2180 530 2224 extenmorali
552 2180 733 2218 facultate;
750 2178 809 2210 sed
823 2179 905 2211 scri·

234 2232 502 2265 bendilaborem
511 2241 542 2265 et
551 2230 808 2264 commentandi
820 2230 902 2263 dum

235 2285 438 2323 sustineret,
456 2297 526 2317 rem
548 2297 707 2329 magnam
729 2296 799 2316 esse
818 2283 905 2315 bene

237 2337 351 2370 dicere
365 2362 374 2377 ,
393 2336 607 2370 ostendebat.
627 2336 670 2369 G.
691 2357 736 2361 -—
757 2338 904 2377 Quamvis

238 2403 300 2421 non
314 2401 442 2433 posset,
462 2398 526 2422 etc.
550 2394 650 2422 Rom.
669 2392 815 2431 Quamvis
840 2402 904 2420 non

232 2453 341 2485 posset
362 2445 498 2475 ediscere
522 2445 603 2474 illud
625 2445 735 2485 ipsum.
764 2442 812 2474 Ex
838 2441 905 2473 hoc

238 2508 376 2541 quoque
387 2503 526 2541 apparet
539 2494 574 2527 id
587 2520 595 2535 ‚
607 2493 698 2540 quod
711 2507 798 2539 saepe
808 2493 900 2533 dico,

239 2547 394 2580 librarios
419 2560 487 2580 non
508 2560 586 2580 suos
606 2546 723 2579 oculos
746 2558 877 2590 semper
891 2570 900 2585 ‚

238 2599 297 2633 sed
317 2599 475 2633 dictantis
494 2600 695 2644 plerumque
710 2610 829 2630 vocem
853 2610 903 2630 se-

238 2661 363 2698 quutos
388 2666 472 2686 esse.
501 2653 564 2685 Hic
596 2653 672 2684 fons
698 2649 904 2683 mendorum

239 2706 307 2737 sere
318 2706 580 2738 estuberrimus.
590 2704 633 2736 H.
643 2724 687 2733 --
696 2705 853 2735 Ediscere.
864 2703 904 2735 In

968 1387 1042 1420 aliis
1073 1401 1212 1435 quoque
1242 1390 1338 1423 libris
1366 1391 1489 1436 legitur
1507 1403 1514 1423 τ
1532 1390 1636 1436 idque

967 1453 1088 1473 verum
1111 1451 1208 1487 puto.
1233 1445 1400 1475 Dediscere
1425 1452 1566 1485 natum,
1594 1444 1635 1476 li-

967 1493 1073 1525 brarii
1087 1494 1156 1527 sive
1171 1494 1342 1528 audientis
1355 1508 1470 1528 errore
1481 1521 1490 1536 ‚
1504 1496 1574 1529 sive
1591 1496 1636 1529 le-

966 1545 1095 1589 gentis,
1121 1559 1160 1579 ex
1191 1547 1318 1580 ultimae
1342 1547 1448 1580 literae
1476 1548 1636 1581 vocabuli

966 1599 1140 1642 praegressi
1159 1599 1361 1644 repetitione
1383 1611 1391 1632 τ
1412 1599 1507 1644 quod
1523 1600 1638 1645 aguit

966 1650 1067 1683 lectio
1086 1651 1163 1684 libri
1180 1651 1347 1691 Medicei,
1365 1663 1394 1683 te
1419 1655 1547 1685 discere.
1570 1653 1637 1685 To-

966 1710 1040 1735 tum
1066 1703 1179 1736 locum
1204 1703 1251 1736 sic
1276 1704 1388 1749 legam
1409 1713 1441 1737 et
1462 1704 1638 1749 interpun-

967 1767 1044 1799 gani
1066 1767 1073 1788 ι
1097 1755 1276 1789 «Habebat
1296 1756 1418 1789 studiis
1438 1757 1608 1789 honorem
1627 1769 1635 1789 :

967 1808 1127 1849 timebat,
1139 1809 1289 1853 pallebat
1301 1834 1309 1848 ,
1322 1809 1506 1845 scribebat,
1517 1821 1637 1855 quam-

967 1860 1017 1893 vis
1028 1873 1097 1893 non
1107 1869 1221 1907 posset
1232 1860 1395 1894 ediscere.
1405 1860 1495 1893 Illud
1508 1861 1618 1905 ipsum
1628 1887 1637 1900 ‚

968 1912 1062 1959 quod
1072 1938 1310 1947 ...........
1319 1922 1464 1952 eventu,
1482 1912 1563 1945 anili
1583 1925 1637 1944 su-

969 1966 1175 2010 perstitione,
1184 1966 1243 1999 sed
1253 1974 1384 1999 tamenn
1393 1966 1435 2010 [et
1442 1973 1517 2011 post
1529 1975 1636 1996 tamen

968 2017 1167 2065 delendum]
1182 2032 1221 2051 «a
1232 2031 1358 2064 magno
1372 2017 1494 2051 studio]
1505 2030 1562 2050 um
1578 2016 1638 2050 ho-

968 2069 1635 2108 noreveniebat.uOculoscircumlinere,

968 2123 1169 2169 splenioque
1186 2124 1233 2156 uti
1252 2124 1332 2156 item
1354 2123 1453 2156 anilis
1473 2122 1637 2166 supersti-

967 2176 1068 2210 tionis
1094 2176 1230 2209 videtur
1252 2176 1368 2209 fuisse.
1389 2176 1423 2209 S.
1440 2196 1486 2200 -
1505 2177 1637 2206 Oculum

968 2230 1218 2260 circumlinebat.
1230 2228 1381 2274 Collyrio
1393 2228 1554 2260 utebatur
1565 2253 1573 2267 ‚
1585 2225 1637 2258 in-

969 2280 1143 2313 dicaturus
1171 2281 1448 2314 lucubrationum
1475 2281 1636 2324 frequen-

968 2334 1049 2366 tiam
1058 2359 1065 2373 ,
1077 2342 1108 2367 et
1119 2333 1411 2367 noxam.Videtur
1422 2340 1536 2365 autem
1550 2330 1635 2361 libe-

968 2386 1086 2419 berum
1105 2386 1168 2419 sibi
1188 2386 1367 2431 reliquisse
1382 2396 1459 2417 eum
1476 2381 1613 2415 oculum
1625 2407 1634 2422 ‚

968 2451 1071 2484 quem
1097 2438 1205 2484 judici
1232 2439 1444 2476 obverteret,
1472 2442 1509 2467 ut
1539 2433 1636 2479 cujus

967 2493 1082 2524 vultus
1101 2490 1335 2525 observandus
1359 2497 1443 2523 esset
1465 2499 1473 2519 :
1494 2485 1588 2532 quod
1609 2484 1636 2517 si

968 2556 1097 2589 ponas,
1125 2551 1353 2589 consequetur
1380 2553 1418 2574 ex
1442 2540 1506 2572 hoc
1534 2538 1634 2576 loco,

968 2598 1149 2643 petitorem
1171 2596 1326 2629 dextrum
1352 2593 1480 2626 stetisse
1499 2588 1632 2636 judici,

968 2662 1197 2695 possessorem
1225 2648 1413 2680 sinistrum.
1437 2642 1500 2678 Sed
1523 2648 1633 2688 potest

971 2701 1073 2734 etiam
1087 2709 1205 2734 contra
1224 2713 1258 2734 se
1273 2711 1327 2732 res
1343 2697 1514 2731 habuisse.
1531 2695 1633 2727 Caete-
