1742 2989
560 219 902 262 EPISTULA
937 220 1081 263 Xlll.

1423 238 1443 261 ι».
1455 218 1510 263 533

119 300 441 353 habitationes,
475 302 520 342 in
551 302 721 343 viatica
739 335 750 354 ,
790 304 834 343 in
872 317 927 344 ea
958 317 1063 360 quce
1084 316 1273 362 peregre
1311 311 1516 345 emuntur

121 376 479 431 (omnia‘autem
510 388 694 433 peregre
724 375 978 433 emuntur),
1012 372 1260 435 impenditis
1275 409 1286 425 ‚
1324 372 1515 432 adjicere

121 446 434 491 mercedibus?
457 446 609 504 Atque
636 445 759 489 adeo
785 462 869 506 ego
885 482 896 501 ,
923 450 1005 506 qui
1028 445 1221 490 nondum
1247 445 1408 490 liberos
1433 447 1513 490 lta-

121 520 224 575 beo,
241 531 439 581 paratus
461 535 560 562 sum
580 535 668 581 pro
692 519 921 581 republica
947 529 1126 574 nostra,
1153 522 1290 581 quasi
1305 536 1394 581 pro
1398 517 1514 577 filia

121 592 199 637 vel
206 604 427 655 parente,
464 595 645 636 tertiam
658 602 839 652 partem
863 593 980 651 ejus,
1009 592 1135 652 quod
1158 592 1359 648 conferre
1387 591 1516 635 vobis

113 665 334 726 placebit,
367 664 488 708 dare.
524 666 683 708 Totum
714 669 848 709 etiam
867 664 1129 726 pollicerer,
1163 668 1255 709 nisi
1279 668 1511 718 timerem,
1540 677 1559 705 6

121 755 175 782 ne
200 739 284 782 lzoc
309 754 467 781 Jnunus
490 753 645 782 meum
667 738 938 798 quandoque
958 739 1125 783 ambitu
1150 748 1513 798 corrzmqyerelur,

124 823 172 855 ut
194 810 394 855 accedere
419 812 566 854 multis
589 814 633 854 in
656 812 766 855 locis
786 812 917 855 video
931 847 942 866 ,
969 815 1013 855 in
1039 811 1198 871 quibus
1211 821 1517 872 prceceptores

114 882 292 944 publice
311 883 634 928 conducuntur.
655 886 780 928 Huic
797 888 908 928 vitio
932 901 1019 928 uno
1039 885 1228 928 remedio
1251 887 1424 928 occurri
1428 899 1517 944 po·
1540 904 1559 935 7

121 968 224 1011 test,
247 960 289 1000 si
297 956 563 1018 parentibus
586 958 695 1000 solis
709 957 794 1017 jus
817 956 1100 1001 conducendi
1119 958 1416 1016 relinquatur,
1446 958 1516 998 iis-

119 1029 307 1089 demque
326 1028 482 1089 religio
507 1042 623 1074 recte
629 1029 874 1088 judicandi
887 1035 1147 1076 necessitate
1167 1032 1421 1075 collationis
1438 1028 1516 1072 ad-

119 1103 266 1147 datur.
292 1106 415 1148 Nam
440 1107 520 1162 qui
526 1104 733 1160 sortasse
756 1104 811 1147 de
835 1105 983 1148 alieno
1008 1106 1302 1165 negllgentes,
1328 1114 1442 1148 certe
1464 1101 1519 1146 de
1542 1113 1561 1143 8

118 1191 199 1218 suo
221 1173 454 1235 diligentes
477 1187 602 1220 crunt
619 1193 631 1219 .·
653 1175 913 1236 dabuntque
934 1194 1116 1240 operam
1131 1213 1142 1232 ,
1169 1194 1222 1221 ne
1244 1192 1274 1221 a
1299 1193 1368 1221 me
1378 1192 1519 1237 pecu-

118 1316 252 1348 pessum
267 1303 436 1338 dederint.
451 1305 485 1338 S.
497 1325 542 1329 —-
553 1307 692 1337 viatica.
710 1306 787 1338 Nou

120 1366 199 1390 sunt
214 1358 250 1390 h.
266 1357 288 1389 l.
309 1370 384 1402 quae
401 1359 537 1403 proprie
558 1357 722 1391 dicuntur
733 1383 742 1398 ⁷
759 1371 786 1390 s.

119 1409 232 1456 ἐφόδια
243 1437 252 1452 ,
274 1410 334 1443 sed
351 1411 495 1455 pecunia
506 1435 515 1450 ,
534 1423 603 1455 qua
619 1411 696 1456 quis
713 1423 789 1456 pro-

118 1463 174 1495 cul
189 1475 208 1495 a
222 1463 333 1508 patria
349 1488 357 1503 ‚
372 1476 402 1495 e.
415 1475 448 1508 g.
461 1462 654 1495 studiorum
668 1475 788 1496 caussa

117 1527 222 1559 agens
238 1539 248 1555 ‚
267 1515 302 1547 in
316 1515 479 1548 alimenta
493 1528 553 1548 sua
574 1516 692 1549 utitur.
704 1515 787 1549 Vid.

117 1566 257 1613 Ulpian.
273 1568 403 1613 Digest.
418 1568 479 1601 lib.
495 1569 563 1601 XII
574 1593 583 1609 ‚
600 1568 652 1601 tit.
668 1569 685 1600 I
696 1595 704 1611 ,
722 1568 786 1614 leg.

121 1631 134 1652 Ι
143 1632 174 1664 7.
189 1622 222 1654 S.
236 1641 281 1645 —-
292 1623 429 1662 (Omnia
444 1632 549 1653 autem
560 1647 566 1654 .
578 1649 585 1654 .
597 1646 603 1652 .
613 1625 787 1662 emuntur.)

118 1673 257 1706 Inclusa
277 1674 313 1706 in
337 1674 547 1719 quibusdam
565 1675 703 1707 absunt.
723 1673 789 1708 Sed

117 1725 248 1758 habent
279 1727 400 1771 optimi
420 1734 454 1759 et
482 1727 599 1772 plures
629 1726 718 1758 libri.
743 1726 787 1758 G.

119 1798 163 1801 —
176 1777 420 1823 Intelliguntur
446 1791 485 1811 ea
496 1804 504 1818 ‚
525 1791 600 1823 quae
628 1791 768 1824 peregre
779 1803 788 1819 ‚

119 1829 185 1862 hoc
200 1839 251 1863 est
264 1855 273 1871 ,
290 1831 501 1871 Mediolani,
516 1840 638 1876 praeter
655 1832 789 1873 ἐνοίκια,

120 1882 242 1916 viatica
259 1908 268 1922 ‚
312 1883 490 1916 mercedes
506 1908 515 1923 ‚
558 1882 790 1928 impendenda

119 1943 228 1968 erant.
243 1936 293 1968 De
308 1935 447 1968 luxuria
469 1935 582 1968 saeculi
597 1936 649 1968 sui
662 1935 790 1967 Plinius

120 1987 176 2020 hic
190 2000 233 2020 ne
246 2000 307 2033 per
319 1989 491 2021 somnium
510 1988 649 2034 quidem
665 1987 792 2033 cogita—

120 2040 179 2073 vit.
194 2041 229 2074 S.

166 2113 211 2117 —
227 2096 366 2126 Tertiam
372 2104 499 2137 partem
513 2096 588 2136 ejus.
604 2093 792 2127 Considera

121 2146 226 2179 lector
241 2146 446 2191 prudentem
470 2147 622 2181 Secundi
645 2147 791 2180 liberali-

123 2205 225 2231 tatem
242 2224 252 2239 ‚
268 2206 301 2231 et
318 2212 404 2245 quas
424 2200 524 2245 quasi
545 2200 703 2234 fidiculas
723 2200 793 2233 suis

122 2251 352 2296 municipibus
388 2251 551 2285 adhibeat
562 2278 570 2292 ,
608 2252 652 2285 ad
681 2261 793 2286 extor-

122 2302 298 2347 quendam
314 2316 352 2336 ex
368 2305 448 2349 ipsis
462 2305 692 2338 collationem.
707 2307 786 2339 Nou

122 2356 302 2400 pollicetur
335 2364 462 2390 certam
494 2370 665 2390 summam
697 2370 704 2391 ε
734 2358 793 2391 sed

124 2409 216 2441 solus
240 2409 411 2454 promittit
433 2409 590 2442 trientem
610 2412 685 2456 ejus
705 2423 794 2443 suin-

124 2474 188 2494 mae
202 2461 300 2506 cujus
314 2461 437 2506 reliqui
452 2461 644 2508 municipes
658 2463 793 2496 bessem

127 2513 282 2547 collaturi
302 2523 426 2547 essent.
447 2516 568 2560 Itaque
593 2528 663 2548 non
687 2515 795 2560 pudo-

124 2578 197 2599 rem
213 2567 318 2600 modo
331 2568 502 2601 honorum
514 2567 669 2601 virorum
684 2581 722 2602 ac
729 2569 772 2601 uit
784 2594 793 2609 ‚

127 2625 163 2649 ut
193 2620 396 2653 erubescant
427 2621 528 2653 nimis
557 2633 679 2665 parum
710 2634 793 2655 con-

128 2670 216 2703 ferre
233 2682 239 2702 ε
258 2672 314 2705 sed
332 2673 441 2718 ipsam
459 2673 675 2718 quorundam
694 2675 795 2706 malv-

131 2721 312 2756 volentiam
340 2727 467 2759 servire
491 2727 620 2770 optimo
641 2726 792 2760 instituto

854 1307 955 1351 cogit.
991 1307 1114 1339 Procul
1150 1306 1256 1339 dubio
1282 1306 1371 1338 enim
1403 1312 1498 1337 erant
1511 1330 1519 1343 ,

853 1359 913 1404 quj
947 1359 1172 1405 jactationem
1212 1359 1521 1404 interpretarentur

855 1412 947 1444 illam
980 1412 1080 1444 Plinii
1105 1412 1368 1458 promissionem
1383 1436 1391 1450 ‚
1413 1422 1521 1455 eaque

855 1471 891 1496 ut
917 1464 983 1509 ipsi
1005 1477 1075 1497 non
1100 1477 1210 1509 parvo
1231 1471 1425 1503 constaret,
1444 1462 1522 1508 plus

853 1528 958 1561 quam
975 1517 1104 1563 alioqui
1118 1517 1250 1550 tulisset
1263 1517 1399 1549 animus
1412 1540 1421 1555 ‚
1441 1527 1521 1549 con-

854 1570 995 1602 ferrent.
1017 1569 1061 1602 G.

901 1624 934 1655 6.
954 1625 1084 1654 Ambicu
1102 1631 1363 1664 corrumperetur.
1379 1620 1452 1653 Hoc
1466 1620 1524 1652 fie-

853 1683 904 1708 ret
916 1700 925 1715 ‚
946 1676 975 1708 si
988 1675 1169 1721 eligeretur
1180 1700 1189 1715 ‚
1202 1675 1257 1707 vel
1271 1672 1524 1707 conduceretur

854 1729 902 1768 is,
924 1728 982 1773 qui
1002 1728 1109 1773 gratia
1122 1755 1130 1769 ,
1150 1727 1291 1772 opibus,
1319 1725 1525 1771 precibusve

854 1781 1041 1825 plurimum
1057 1780 1201 1826 polleret
1220 1791 1227 1812 :
1248 1792 1327 1812 nam
1344 1778 1379 1811 iu
1398 1778 1452 1810 his
1469 1790 1525 1810 re-

855 1833 919 1865 bus
934 1835 1073 1864 ambitus
1092 1832 1257 1865 cernitur.
1278 1832 1318 1863 Ε.

905 1898 936 1924 7.
964 1887 1048 1916 Huic
1077 1887 1159 1916 vitio
1175 1910 1183 1923 ,
1220 1891 1284 1917 etc.
1315 1885 1413 1915 Rom.
1447 1883 1527 1913 Huic

856 1940 938 1969 vicio
957 1940 1084 1969 occurri
1107 1950 1168 1968 uno
1190 1938 1328 1968 remedio
1348 1944 1463 1978 potest.
1480 1933 1524 1965 Η.

858 2010 902 2015 -—
916 1991 1055 2023 Praestat
1078 1990 1135 2022 hic
1154 1988 1252 2022 ordo.
1268 1989 1302 2022 S.
1320 2009 1365 2012 —
1382 1988 1502 2029 Religio
1514 2011 1523 2023 ,

858 2055 992 2075 summa
1011 2054 1094 2075 cura
1115 2050 1148 2074 et
1166 2041 1342 2086 diligentia
1368 2040 1403 2072 in
1425 2039 1527 2071 rebus

859 2094 1153 2129 administrandis.
1174 2094 1242 2126 ΕΙ).

906 2149 936 2182 8.
956 2151 1006 2179 Ne
1029 2161 1049 2179 a
1074 2160 1123 2179 me
1140 2148 1313 2189 pecuniam
1335 2143 1445 2189 [non]
1469 2144 1530 2173 nt'si

858 2200 1195 2245 dignus.Varietatein
1206 2199 1297 2232 circa
1308 2197 1402 2229 hunc
1413 2195 1527 2227 locum

859 2260 1024 2287 notarunt
1039 2252 1104 2287 viri
1122 2251 1234 2292 docti,
1253 2249 1347 2296 quod
1367 2261 1429 2294 pro
1447 2261 1467 2279 α
1482 2260 1529 2278 me

859 2307 990 2340 habent
1001 2319 1104 2338 meam
1117 2304 1259 2351 quidam
1272 2328 1281 2343 ,
1296 2302 1353 2335 alii
1367 2314 1437 2332 eam
1447 2325 1455 2337 ,
1472 2298 1531 2331 alii

859 2359 1009 2404 denique
1022 2367 1221 2403 utrumque.
1233 2355 1299 2390 Sed
1310 2353 1394 2387 illud
1408 2364 1508 2385 nemo
1519 2375 1529 2389 ,

860 2411 954 2457 quod
982 2411 1107 2450 sciam,
1138 2407 1354 2447 observavit,
1382 2403 1531 2449 negatio-

860 2477 939 2497 nem
952 2464 1007 2497 hic
1022 2464 1126 2510 plane
1142 2463 1367 2506 incongruam
1384 2469 1454 2490 csse
1471 2481 1479 2496 ,
1497 2464 1530 2488 et

861 2517 905 2550 ad
921 2516 1126 2549 sententiam
1141 2511 1414 2561 perturbandam
1433 2521 1528 2542 ever-

862 2568 1070 2614 tendamque
1094 2568 1277 2614 pertinere.
1301 2563 1396 2605 Quid
1415 2561 1530 2596 enim?

861 2621 991 2655 illudne
1005 2621 1079 2654 ‹lari
1092 2632 1232 2666 operam
1243 2631 1256 2651 w
1266 2619 1314 2650 ult
1327 2614 1505 2650 Secundus
1519 2638 1528 2652 ,

870 2677 911 2706 fVc
929 2689 990 2707 non
1010 2676 1151 2717 accipiat
1170 2674 1232 2704 nisi
1250 2673 1362 2712 dignus
1375 2675 1390 2699 ζ)
1409 2680 1451 2700 an
1469 2678 1527 2708 po-

859 2727 923 2759 tin<
939 2752 946 2766 7
978 2730 1017 2757 'Vc
1031 2728 1172 2769 accipiat
1187 2727 1247 2756 nisi
1261 2725 1372 2764 (lignus
1387 2726 1402 2750 .'*
1421 2720 1529 2762 [gilux'
