1742 2989
644 204 991 247 EPISTOLA
1026 204 1081 247 V.
1511 199 1567 243 85

158 286 289 329 modo
316 295 362 329 tu
389 300 541 328 curam
570 294 691 328 tuam
718 284 988 339 admoveris,
1018 284 1193 328 interim
1220 283 1334 336 istis⁷
1360 298 1466 325 mox
1491 281 1539 324 iis
1558 317 1568 335 ‚

156 375 254 419 quae
280 367 538 418 sequuntur.
563 358 694 401 Dices
720 367 763 401 te
789 375 879 402 non
905 375 1030 420 posse
1057 358 1159 402 satis
1185 356 1418 417 diligenter
1446 355 1485 398 id
1514 353 1570 397 fa-

157 448 280 485 cere,
312 432 396 475 nisi
422 433 544 492 prius
570 441 707 475 totam
737 432 959 477 actionem
989 431 1261 493 cognoveris.
1292 431 1452 472 Fateor
1483 445 1491 471 :
1525 428 1569 470 in

156 505 387 564 praesentia
407 514 554 548 tamen
580 514 623 548 et
647 505 728 548 ista
754 505 834 548 tibi
863 505 1148 549 familiariora
1166 504 1349 557 fient‚et
1369 501 1570 563 quaedam

156 594 208 621 ex
235 578 300 622 his
327 577 427 621 talia
454 587 585 622 erunt
603 613 613 632 ‚
642 588 690 621 ut
718 595 797 639 per
825 588 971 640 partes
996 577 1221 622 emendari
1248 576 1430 637 possint.
1464 576 1570 617 Ete-

156 651 245 693 nim
264 652 297 694 si
321 651 518 695 avulsum
544 661 695 696 statuae
714 662 868 713 caput,
885 663 959 696 aut
980 652 1229 696 membrum
1247 648 1425 710 aliquod
1444 649 1573 708 inspi-

155 741 294 780 ceres,
316 742 405 768 non
431 735 479 768 tu
505 725 681 786 quidem
709 742 761 769 ex
787 725 860 770 illo
888 742 1033 786 posses
1059 725 1396 787 congruentiam
1423 738 1571 783 aequa-

154 797 407 859 litatemque
435 798 788 859 deprehendere,
811 817 960 861 posses
1003 810 1150 843 tamen
1182 797 1407 858 judicare,
1442 813 1497 839 an
1528 796 1572 838 id

154 870 295 929 ipsum
311 872 412 914 satis
429 870 602 932 elegans
620 881 744 916 esset.
763 874 855 917 Nec
876 873 960 917 alia
975 890 1026 917 ex
1047 890 1196 917 caussa
1214 871 1430 932 principia
1445 868 1573 913 libro-

155 959 252 986 rum
280 944 676 1000 circumferuntur,
711 963 843 1006 quam
869 947 971 1008 quia
998 947 1271 990 existimatur
1298 960 1398 1005 pars
1425 941 1571 1003 aliqua

153 1017 284 1059 etiam
307 1018 399 1061 sine
421 1019 584 1062 caeteris
605 1035 696 1062 esse
717 1019 923 1080 perfecta.
950 1020 1146 1081 Longius
1167 1036 1236 1062 me
1257 1017 1457 1079 provexit
1477 1015 1571 1059 dul-

152 1089 258 1133 cedo
283 1090 481 1150 quaedaln
504 1100 650 1134 tecum
674 1091 882 1153 loquendi
908 1110 916 1136 :
939 1093 1013 1136 sed
1032 1093 1123 1152 jam
1150 1092 1283 1135 finem
1310 1090 1491 1141 faciam,
1516 1104 1572 1132 ne

154 1162 355 1217 modum,
375 1181 505 1224 quem
533 1166 664 1208 etiam
691 1166 880 1209 orationi
907 1164 1204 1209 adhibendum
1232 1173 1366 1224 puto7
1390 1164 1435 1205 in
1462 1163 1572 1223 epis-

153 1234 241 1278 tola
266 1236 484 1280 excedam.
509 1237 630 1281 Vale.

890 1389 1032 1409 suarum
1054 1377 1120 1416 IV,
1143 1379 1185 1416 6,
1213 1374 1377 1408 Phaedrus
1399 1375 1568 1414 intexuit,

887 1431 960 1475 jain
979 1429 1156 1463 Scheffero
1175 1428 1232 1461 hic
1248 1427 1443 1461 laudatum.
1462 1428 1506 1460 G.
1524 1449 1568 1452 —

890 1482 962 1515 Nec
991 1481 1144 1514 alienum
1169 1481 1211 1513 ab
1233 1481 1301 1514 hoc
1326 1481 1403 1513 loco
1434 1479 1570 1513 videtur

152 1372 241 1405 Vide
254 1373 423 1407 Cortium.
445 1376 479 1408 S.
501 1395 546 1400 —
567 1378 601 1407 Si
619 1378 734 1414 modo,
756 1384 821 1409 etc.

152 1426 249 1458 Rom.
268 1428 303 1457 Si
313 1429 408 1458 modo
427 1436 460 1458 tu
478 1441 589 1459 curam
605 1438 694 1459 tuam
712 1431 825 1460 admo-

151 1481 238 1511 veris.
257 1478 301 1511 Η.
320 1499 366 1503 —
387 1482 520 1511 Interim
539 1482 614 1513 istis.
636 1481 722 1522 Quae
744 1494 825 1514 cum

148 1530 201 1563 his
220 1531 339 1564 litteris
357 1532 471 1565 mitto.
489 1532 573 1566 Vid.
594 1546 646 1580 sq.
668 1546 698 1566 1.
717 1533 761 1567 G.
778 1555 824 1559 ——

151 1587 232 1615 Jon
250 1587 286 1617 iis
297 1610 306 1622 ,
327 1598 398 1628 quoe
416 1596 602 1629 sequuntur.
622 1589 720 1620 Rom.
743 1591 824 1619 Mox

150 1638 204 1675 iis,
233 1650 304 1679 qztoe
325 1648 508 1681 sequentur,
536 1639 624 1673 bene
638 1665 646 1679 ‚
678 1653 748 1673 non
779 1654 824 1673 se-

149 1699 298 1730 quuntur.
322 1690 366 1723 H.
390 1712 437 1716 —
461 1691 602 1725 Accedit
620 1692 768 1726 aliorum
786 1693 824 1726 li-

150 1742 292 1774 brorum
304 1744 490 1776 auctoritas
502 1756 509 1784 3
522 1752 559 1777 ut
572 1758 642 1778 non
653 1745 823 1785 dubitem,

149 1793 297 1826 Plinium
310 1795 428 1828 futuro
441 1808 543 1828 usum
555 1810 641 1830 esse.
657 1799 690 1831 S.

206 1859 257 1878 12.
286 1849 448 1890 Principia
475 1851 636 1881 librorum.
663 1850 748 1883 Tale
773 1857 823 1884 est

148 1897 234 1930 illud
246 1923 254 1938 ‚
269 1898 364 1943 quod
378 1899 499 1946 incipit
515 1904 627 1933 Orbem
644 1906 822 1934 Romanum

148 1949 242 1995 apud
271 1951 483 1985 Petronium.
509 1953 593 1986 Tale
619 1962 668 1986 est
696 1955 823 2000 princi-

148 2002 243 2047 pium
273 2004 434 2037 carminis
451 2030 460 2045 ‚
489 2005 583 2050 quod
614 2007 820 2041 fabellarum

893 1545 1170 1567 commemorare
1189 1558 1198 1574 ‚
1228 1532 1323 1579 quod
1351 1532 1475 1567 Cicero
1509 1534 1570 1566 At-

891 1587 958 1619 tico
974 1587 1094 1620 scribit
1107 1586 1206 1632 epist.
1221 1587 1306 1618 XVI
1318 1611 1327 1626 ‚
1343 1589 1362 1619 6
1375 1611 1383 1625 ‚
1396 1599 1432 1619 se
1443 1585 1571 1619 habere

890 1643 1041 1672 volumen
1057 1641 1303 1682 prooemiorum,
1322 1652 1339 1671 e
1356 1652 1426 1684 quo
1446 1638 1571 1684 eligere

892 1693 999 1726 soleat
1020 1718 1029 1733 ‚
1057 1705 1166 1738 quum
1197 1691 1340 1738 aliquod
1369 1695 1570 1738 σύγγραμμα.

890 1746 1089 1778 instituerit.
1107 1745 1147 1777 E.
1168 1765 1213 1770 —-—
1236 1750 1317 1776 Pars
1340 1747 1452 1787 aliqua
1473 1747 1570 1776 etiam

891 1801 958 1830 sine
973 1800 1105 1830 ueteris.
1120 1799 1217 1830 Rom.
1235 1802 1315 1829 Pars
1331 1799 1444 1839 aliqua
1459 1806 1488 1828 et
1502 1799 1570 1828 sine

890 1854 1020 1883 εανῑοΓὶς.
1050 1850 1093 1883 H.
1125 1871 1163 1876 -—
1187 1851 1242 1884 Sic
1266 1850 1369 1882 etiam
1400 1850 1568 1893 Excerpta

889 1902 1208 1948 Lindenbrogiana.
1240 1903 1294 1935 Cf.
1332 1903 1483 1947 Interpr.
1522 1901 1567 1937 ad

889 1956 966 1989 Liv.
994 1956 1030 1995 Ι,
1062 1967 1125 1995 11,
1153 1956 1266 1995 3;1‚
1291 1967 1354 1995 21,
1379 1954 1565 1995 23XX11.

891 2012 957 2053 47,
977 2020 1010 2051 9,
1031 2008 1064 2042 s.

1599 371 1638 392 10

1601 593 1635 611 11

1603 882 1639 903 12

1601 1012 1640 1044 13
