1742 2989
247 218 337 278 274
665 217 711 255 C..
748 213 971 255 PLINll
1007 213 1131 254 LIB.
1170 212 1221 254 V.

243 298 341 350 di03
364 307 406 340 et
431 305 578 356 specto
606 295 785 348 mimos,
804 303 845 336 et
875 292 1027 353 lyricos
1053 291 1174 352 lego,
1196 301 1239 334 et
1264 290 1488 336 Sotadicos
1513 291 1634 335 intel-

243 369 353 432 ligo3
377 368 610 430 aliquando
635 377 840 428 praeterea
865 364 1005 418 rideo,
1021 365 1164 425 jocor,
1184 363 1310 418 ludo;
1333 373 1468 423 utque
1490 365 1635 407 omnia

242 444 429 487 innoxiae
450 441 713 485 remissionis
730 455 887 500 genera
908 437 1512 499 breviter-amplectar,homo
1527 454 1634 480 sum.

199 509 217 538 ⁷²
241 519 334 560 Nec
356 532 458 558 vero
483 512 661 557 moleste
688 512 801 566 fero⁷
827 512 940 555 hanc
966 527 1054 554 esse
1080 511 1132 554 de
1151 511 1345 554 moribus
1367 511 1472 554 meis
1495 511 1636 553 existi-

240 589 504 641 mationem,
533 597 601 640 ut,
626 586 699 646 qui
732 585 953 639 nesciunt,
986 583 1084 627 talia
1114 584 1406 635 doctissimos,
1435 584 1635 643 gravissi-

240 679 352 716 mos⁷
368 661 658 705 sanctissimos
676 659 873 702 homines
887 658 1166 718 scriptitasse,
1184 674 1251 700 me
1270 657 1456 700 scribere
1474 658 1633 699 miren-

207 730 214 737 ’
240 745 325 778 tur.
349 735 416 779 Ab
446 734 528 777 illis.
558 743 722 784 autem,
749 726 908 792 quibus
936 741 1089 774 notum
1120 741 1205 783 est,
1228 747 1335 791 quos
1364 740 1636 790 quantosque

239 819 437 853 auctores
462 824 639 867 sequar,
660 805 783 849 facile
809 805 1030 866 impetrari
1058 821 1181 865 posse
1205 804 1401 859 confido,
1423 814 1472 847 ut
1493 819 1636 846 errare

239 898 335 937 me,
363 880 436 924 sed
462 896 562 923 cum
594 878 702 932 illis,
731 879 872 922 sinant
889 912 900 929 .,
927 894 1115 938 quorum
1141 894 1227 920 non
1258 877 1367 919 seria
1392 875 1540 929 modo,
1561 891 1636 917 ve·-

202 947 212 962 ⁷
241 971 337 997 rum
361 954 489 996 etiam
518 951 637 994 lusus
663 952 924 1011 exprimere,
949 949 1162 993 laudabile
1189 958 1265 992 est.
1291 951 1359 992 An
1386 964 1466 1008 ego
1487 963 1636 990 verear

239 1028 478 1084 (neminem
498 1025 764 1077 viventium,
784 1041 839 1067 ne
863 1041 993 1084 quam
1019 1024 1061 1066 in
1084 1023 1269 1082 speciem
1292 1020 1552 1064 adulationis
1574 1021 1635 1063 in„

240 1100 377 1143 eidam
394 1135 404 1152 7
431 1099 694 1154 nominabo)
723 1098 796 1141 sed
825 1114 905 1157 ego
932 1112 1109 1150 verear,
1138 1112 1192 1138 ne
1219 1111 1288 1137 me
1317 1110 1402 1136 non
1435 1094 1535 1136 satis
1562 1093 1636 1136 de-

239 1183 357 1225 neat,
385 1172 501 1232 quod
529 1172 674 1215 decuit
699 1174 759 1215 M.
780 1170 969 1214 Tullium
987 1204 998 1222 .,
1025 1170 1179 1213 Caium
1207 1166 1412 1218 Calvum,
1437 1165 1634 1209 Asinium

238 1245 507 1300 Pollionem,
542 1247 742 1288 Marcum
774 1241 1046 1296 Messallam,
1076 1241 1293 1296 Quintum
1328 1239 1635 1291 Hortensium,

238 1411 372 1430 severos
388 1409 508 1442 parum
520 1421 528 1435 ‚
547 1396 634 1428 facio
652 1402 684 1428 et
702 1394 882 1427 comoedias
896 1418 904 1432 ‚

239 1449 341 1483 audio
368 1457 399 1482 et
427 1456 544 1494 specto
572 1448 714 1487 mimos,
729 1454 759 1479 et
782 1446 906 1491 lyricos

237 1504 326 1547 lego.
338 1519 350 1529 υ
372 1501 545 1533 Hactenus
560 1499 679 1531 melius
693 1524 701 1538 ‚
717 1510 819 1543 quam
837 1496 906 1528 vul-

237 1568 281 1599 go
301 1566 307 1586 :
328 1553 481 1598 sequitur
496 1565 578 1583 vcro
597 1562 628 1582 ec
650 1553 796 1581 satiricos
818 1552 906 1580 inlel-

238 1610 320 1650 ligo‚
341 1604 434 1651 quod
457 1616 583 1649 magno
602 1615 768 1635 consensu
787 1613 906 1633 omnes

236 1657 635 1701 hodie<lam11ant‚qu1uu
646 1656 678 1687 in
689 1655 760 1687 aliis
769 1666 906 1698 quoque

237 1718 408 1754 repertum
426 1709 527 1741 fuerit
538 1733 546 1747 ‚
562 1708 906 1752 'pluresqueSocrati-

237 1776 289 1794 cos
311 1763 479 1801 habeant,
503 1760 619 1792 nullus
647 1761 826 1790 Sotadicos.
849 1758 907 1789 Sn-

239 1815 308 1846 tirae
333 1825 437 1858 quam
464 1820 629 1857 protervae
659 1811 727 1842 fuel
738 1810 785 1842 int
806 1834 814 1849 ,
842 1809 907 1842 nisi

239 1866 392 1910 exempla
414 1864 611 1904 docebunt,
632 1862 794 1895 Horatius
814 1862 905 1893 testis

239 1919 301 1951 erit
311 1918 408 1962 epist.
425 1916 469 1949 ad
482 1916 619 1948 Pisones
630 1929 663 1948 v.
680 1927 738 1947 221
750 1940 757 1954 ‚
770 1913 811 1946 ad
827 1912 902 1947 233.

238 1970 282 2002 H.
302 1990 347 1994 —
362 1971 433 2002 Nec
454 1968 537 2000 mihi
562 1968 714 2012 displicet
739 1969 903 2004 satiricos,

240 2023 295 2054 cui
321 2022 419 2054 etiam
446 2021 589 2053 verbum
614 2021 753 2062 intelligo
772 2017 908 2050 videtur

238 2072 461 2118 patrocinari.
480 2073 514 2105 S.
526 2091 571 2095 —
583 2072 708 2106 Mimis,
731 2070 789 2115 qui
806 2070 905 2102 lasci-

239 2126 348 2157 viores
363 2124 463 2156 etiam
475 2131 572 2155 erant
587 2122 748 2154 Atellanis
759 2147 768 2162 ,
780 2123 906 2154 mirum

240 2178 273 2209 in
294 2175 435 2208 modum
462 2175 721 2207 delectabantur
747 2174 903 2207 Romani.

239 2230 304 2260 Et).
322 2248 365 2252 —-
379 2230 553 2259 Sotadicos.
582 2226 738 2259 Ostendit
762 2226 818 2258 hic
836 2226 904 2258 Pli-

240 2281 316 2313 nius
329 2305 337 2320 ‚
356 2292 390 2312 sc
409 2279 573 2324 magistro
596 2281 668 2325 jam
691 2279 834 2311 liberum
847 2303 855 2317 ,
873 2286 904 2311 et

241 2344 364 2378 parum
389 2343 510 2362 curare
530 2332 780 2370 Quintilianum
805 2342 904 2362 suum

240 2391 503 2430 praeceptorem,
527 2383 585 2427 qui
605 2386 644 2413 de
667 2385 829 2420 Sotadeis,
851 2383 904 2414 in-

241 2437 333 2482 quit,
350 2434 504 2468 obscenis
518 2435 678 2466 nimirum
697 2434 906 2479 imptuisque

242 2487 450 2520 carminibus
460 2511 468 2525 ‚
478 2489 767 2528 neproecipien(lum
779 2489 904 2528 quidem

243 2550 309 2577 esc;
325 2540 340 2571 I
355 2565 364 2579 ‚
383 2539 402 2571 8
414 2564 422 2579 ,
444 2541 477 2571 6.
495 2537 538 2570 G.
554 2558 598 2562 —-
611 2541 754 2569 Sotudici
771 2546 829 2570 aut
841 2563 849 2577 ,
868 2545 917 2569 ut·

243 2591 476 2632 Quintilianus
490 2590 615 2629 scribit,
626 2593 766 2625 Sotadei,
779 2602 905 2622 nornen

243 2642 371 2675 habent
395 2655 413 2674 a
436 2642 559 2675 Sotacle
586 2650 707 2686 poeta,
734 2650 834 2686 atque
859 2643 905 2674 ita

245 2694 420 2739 raunpositi
443 2702 537 2727 erant
556 2719 564 2734 ,
587 2703 624 2726 ut
649 2693 734 2727 duas
760 2695 906 2740 syllabas

971 1392 1091 1436 longas
1111 1391 1305 1436 exciperent
1323 1389 1400 1422 duae
1422 1391 1553 1422 breves.
1577 1391 1638 1422 Re-

971 1453 1024 1476 tro
1054 1452 1167 1475 autem
1197 1442 1273 1475 lecti
1300 1454 1435 1475 sensum
1462 1442 1637 1475 habebant

970 1496 1148 1528 lascivum.
1170 1495 1234 1527 lin.

1019 1549 1050 1581 3.
1066 1552 1159 1579 Hunc
1170 1560 1233 1578 csse
1243 1549 1280 1577 de
1294 1548 1440 1578 moribus.
1452 1545 1492 1578 Id
1503 1546 1614 1590 ipsum
1624 1570 1634 1586 ,

971 1599 1064 1645 quod
1079 1600 1248 1631 mirantur
1258 1599 1413 1631 homines
1427 1623 1435 1637 ‚
1451 1612 1568 1631 versus
1581 1612 1636 1643 pa-

970 1665 1045 1684 rum
1057 1664 1192 1684 severos
1202 1664 1219 1683 a
1231 1651 1338 1683 Plinio
1349 1650 1451 1683 scribi
1464 1676 1472 1690 ‚
1485 1650 1614 1683 indicat
1626 1676 1634 1691 ,

971 1704 1046 1736 illos
1058 1704 1145 1736 bene
1155 1703 1282 1748 alioqui
1295 1702 1337 1734 (le
1351 1703 1409 1734 illo
1424 1703 1614 1736 existimare
1626 1729 1633 1742 ‚

971 1764 1002 1788 et
1015 1756 1124 1788 virum
1141 1768 1277 1800 gravem
1295 1762 1415 1800 putare
1426 1781 1434 1795 ‚
1451 1767 1468 1787 a
1482 1768 1551 1801 quo
1564 1757 1636 1788 leve

970 1808 1015 1840 ita
1042 1808 1215 1853 scripturae
1237 1819 1345 1852 genus
1371 1820 1439 1839 non
1464 1817 1636 1853 exspecta-

970 1869 1058 1892 rent.
1075 1859 1118 1891 G.

1020 1914 1052 1946 5.
1070 1915 1118 1944 M.
1141 1914 1286 1944 Tulliam.
1315 1911 1412 1944 Texit
1432 1910 1487 1943 hic
1513 1913 1637 1945 catalo—

972 1977 1053 2009 gum
1082 1971 1259 2009 poetarum
1289 1964 1367 1996 satis
1393 1963 1556 2008 longum,
1576 1966 1636 2009 qui

972 2018 1078 2061 longae
1108 2016 1327 2060 disputationi
1353 2016 1526 2048 materiem
1552 2029 1636 2063 prae.

971 2069 1050 2101 bere
1062 2069 1180 2114 possit.
1193 2067 1256 2101 Sed
1272 2075 1408 2113 praestat
1418 2093 1426 2106 ‚
1441 2067 1544 2100 credo
1555 2094 1563 2108 ,
1579 2070 1634 2102 hie

971 2121 1052 2153 nibil
1070 2121 1182 2153 (licere
1194 2145 1202 2160 ‚
1218 2128 1250 2152 et
1264 2133 1336 2153 rem
1354 2120 1519 2165 integram
1535 2122 1635 2154 relin-

970 2186 1074 2218 quere
1087 2199 1095 2213 ‚
1113 2173 1140 2205 si
1155 2173 1230 2217 quis
1242 2173 1450 2206 Vossianum
1469 2172 1512 2205 de
1527 2174 1634 2218 poetis

969 2239 1053 2270 opus
1067 2251 1075 2265 ‚
1096 2233 1292 2270 postumum
1317 2233 1349 2257 et
1375 2225 1632 2270 imperfectum,

969 2287 1153 2311 retractare
1176 2278 1268 2310 velit.
1295 2277 1338 2310 G.
1356 2298 1400 2302 -—
1415 2278 1464 2310 De
1483 2280 1517 2310 C.
1539 2281 1632 2310 Calvo

970 2339 1105 2363 oratore
1124 2344 1157 2362 v.
1179 2329 1222 2362 ad
1240 2331 1274 2369 I,
1292 2330 1388 2374 epist.
1409 2342 1425 2362 2
1438 2353 1446 2369 ‚
1471 2343 1500 2362 2.
1516 2329 1580 2362 Sed
1601 2337 1632 2362 et

970 2383 1122 2416 carmina
1141 2382 1273 2426 scripsit
1293 2382 1416 2413 lasciva
1431 2406 1439 2421 ,
1459 2389 1494 2412 ut
1517 2382 1632 2413 Catul-

969 2434 1022 2467 lus
1037 2460 1046 2474 ,
1062 2447 1130 2479 quo
1150 2433 1362 2466 familiariter
1382 2434 1552 2465 utebatur.
1566 2433 1630 2466 En.

970 2508 1014 2511 -—
1031 2490 1062 2518 C.
1085 2489 1213 2518 Asinius
1230 2488 1332 2517 Pollio
1350 2492 1380 2516 et
1401 2489 1527 2516 Dlarcus
1544 2488 1634 2516 Vale-

971 2541 1034 2570 rius
1048 2541 1198 2570 Messalla
1209 2563 1216 2575 ‚
1230 2537 1371 2582 Augusti
1389 2536 1491 2580 gratia
1512 2536 1634 2570 floren-

970 2598 1019 2623 tes
1031 2615 1040 2630 ‚
1059 2590 1222 2632 dignitate,
1233 2614 1241 2628 ‚
1258 2588 1448 2633 eloquentia
1463 2589 1633 2633 rebusque

971 2643 1070 2687 gestis
1096 2641 1283 2687 conspicui.
1302 2642 1424 2672 En.—-
1438 2643 1473 2681 Q,
1494 2644 1632 2672 Hor-len-

971 2697 1061 2727 sium.
1092 2695 1278 2727 Invenusta
1295 2692 1540 2737 judicabantur
1567 2695 1632 2739 eju
