1742 2989
197 191 284 253 392

587 193 637 233 C.
677 188 899 233 PLlNll
935 189 1060 231 Llss.
1098 187 1214 231 Vll.

193 323 372 335 mustus-b
378 324 431 334 ιιι
437 323 490 334 xxm
497 320 1221 334 zszmmmmnsmmwsmwzn-tz
1226 315 1587 330 wsmwumtmm

352 488 722 567 LIBER
783 473 1433 578 SEPTIMUS.

692 687 707 689 νὴ
715 676 1132 696 -ᾈ-ᾱαξὲήὶ-ᾢ--ῳ-ηψ
1144 685 1151 688 -

192 946 451 993 AEgrotantcm
487 942 683 985 hortatur,
715 949 756 976 ut
784 937 1042 976 valetudinem
1076 939 1263 988 patienter
1296 938 1389 974 ferat
1413 965 1422 983 ⁷
1458 949 1603 986 suoque·

513 1006 687 1055 exemplo
707 1004 820 1041 docet
836 1003 992 1040 medicis
1011 1002 1288 1052 obtemperare.

463 1146 500 1174 C.
542 1145 778 1173 PLINIUS
812 1142 1132 1172 RESTITUTO
1168 1142 1269 1170 SUO
1305 1142 1338 1169 S.

198 1236 221 1263 Γ

212 1237 440 1316 [ΕΒΠΕΤ
469 1287 537 1314 me
564 1271 655 1314 haec
681 1280 757 1313 tua
784 1269 984 1328 pertinax
1010 1267 1237 1322 valetudo,
1267 1276 1310 1310 et
1337 1282 1603 1327 quamquam

199 1356 239 1389 te
261 1344 703 1405 temperantissimum
728 1342 924 1385 noverim
939 1376 950 1397 ⁷
971 1357 1124 1385 vereor
1144 1350 1313 1397 tamen,
1339 1357 1395 1383 ne
1417 1339 1522 1401 quid
1545 1338 1605 1382 illi

196 1420 328 1462 etiam
350 1420 395 1461 in
416 1435 559 1461 mores
577 1427 674 1460 tuos
695 1415 836 1460 liceat.
859 1413 1048 1458 Proinde
1068 1430 1247 1469 mone0‚
1269 1414 1485 1473 patienter
1503 1412 1607 1455 resi-

199 1502 284 1535 stas
302 1509 310 1535 1
331 1491 415 1534 hoc
430 1489 666 1544 laudabile,
682 1489 766 1532 hoo
779 1487 982 1531 salutare.
1003 1486 1414 1531 Admittithumana
1427 1494 1606 1536 natura,

199 1564 319 1625 quod
342 1563 515 1608 suadeo.
543 1565 642 1623 Ipse
665 1571 780 1605 certe
806 1562 866 1604 sic
892 1576 1021 1621 agere
1046 1575 1176 1602 sanus
1203 1575 1302 1602 cum
1327 1558 1436 1600 meis
1462 1556 1604 1601 soleo:

201 1640 369 1698 «Spero
386 1636 562 1697 quidem
574 1670 585 1690 ‚
604 1635 638 1678 si
654 1634 764 1677 forte
779 1635 823 1676 in
839 1633 1064 1676 adversam
1078 1631 1373 1674 valetudinem
1391 1629 1585 1672 incidero
1597 1663 1608 1683 ‚

199 1709 309 1753 nihil
328 1726 397 1753 me
415 1708 764 1752 desideraturum
781 1705 849 1749 vel
863 1704 1031 1766 pudore
1044 1703 1111 1747 vel
1127 1703 1386 1764 poenitentia
1403 1702 1606 1763 dignum:

199 1784 234 1827 si
247 1793 390 1826 tamen
404 1781 674 1842 superaverit
686 1780 866 1823 morbus
877 1815 888 1835 ⁷
903 1778 1117 1822 denuntio
1129 1811 1140 1833 ,
1154 1793 1209 1821 ne
1223 1776 1329 1838 quid
1345 1775 1452 1819 mihi
1464 1775 1608 1830 detur,

247 1911 275 1942 I.
298 1922 326 1942 1.
353 1914 391 1940 In
411 1922 511 1941 mores
536 1918 605 1939 tuos
625 1910 730 1939 liceat.
756 1906 872 1938 Absti-

198 1963 366 2001 nendam,
375 1960 663 1999 moderationem,
673 1958 873 2004 patientiam

200 2024 297 2048 tuam
309 2021 493 2060 expugnet,
505 2021 537 2045 et
548 2012 627 2044 vitia
640 2011 782 2045 inducat
793 2023 873 2044 con-

201 2067 318 2100 traria.
337 2067 381 2099 G.

251 2133 278 2151 2.
286 2121 434 2151 Admittit
443 2120 584 2149 humana
596 2127 725 2148 namra.
736 2116 871 2161 Alioqui

202 2172 327 2203 frustra
351 2169 544 2203 suaderem.
570 2169 649 2201 Post
672 2177 872 2214 argumenta

201 2224 247 2255 ab
262 2225 391 2255 honesto
415 2229 447 2254 et
468 2224 555 2260 utili,
572 2230 611 2254 ut
632 2229 756 2254 vocant
768 2247 776 2261 ‚
793 2221 873 2254 sub-

198 2275 312 2320 jungit
340 2275 442 2308 etiam
465 2287 482 2307 a
505 2276 671 2316 possibili,
698 2273 801 2318 idque
828 2274 874 2306 ita

202 2339 274 2360 esse
285 2352 294 2367 ,
310 2339 372 2360 suo
387 2325 541 2371 exemplo
558 2325 707 2358 ostendit
723 2337 730 2358 z
747 2326 800 2358 vel
816 2338 875 2370 po-

201 2379 291 2419 tius,
320 2387 358 2412 ut
384 2392 484 2412 suum
510 2378 705 2423 exemplum
732 2378 874 2412 laudare

201 2440 307 2476 queat
319 2457 328 2471 ‚
348 2431 414 2464 hoc
429 2420 612 2476 praestruit.
634 2431 804 2464 Caeterum
821 2431 874 2463 in-

201 2484 360 2529 terpunxi
371 2492 450 2517 ante
459 2484 532 2517 haec
542 2483 660 2522 verba,
672 2496 746 2528 quae
758 2483 873 2516 adhuc

203 2537 296 2570 nulla
317 2545 399 2570 nota
423 2535 569 2569 discreta
594 2536 742 2568 fueraut.
760 2536 801 2568 Et
822 2536 873 2568 vi-

201 2589 266 2621 deo
277 2589 348 2634 jam
366 2589 538 2622 monuisse
557 2588 712 2622 Coruum
726 2613 733 2626 ,
756 2588 800 2621 ita
821 2587 873 2620 di-

200 2641 446 2686 stinguendum
472 2655 563 2680 esse,
582 2648 617 2673 ut
646 2653 873 2685 agnoscmnus

202 2694 360 2726 Plinium.
383 2694 424 2727 G.

983 1926 1028 1929 —-
1045 1907 1122 1936 Cum
1140 1907 1227 1936 meis.
1247 1904 1326 1936 Non
1353 1915 1439 1948 opus
1464 1910 1535 1935 erat
1556 1902 1610 1935 hic

937 1969 1079 1990 monere
1098 1956 1240 2002 intelligi
1265 1956 1452 1990 familiares
1466 1980 1475 1995 ‚
1495 1967 1610 1987 servos

937 2009 1126 2055 praesertim
1138 2034 1147 2049 ‚
1164 2016 1331 2054 aegrotum
1345 2008 1469 2041 herum
1487 2019 1609 2040 curare

934 2064 1048 2109 jussos
1062 2087 1070 2102 ‚
1086 2061 1151 2095 nisi
1165 2060 1376 2106 adscriptum
1391 2067 1480 2094 esset
1496 2072 1534 2092 ex
1548 2060 1611 2092 Ca-

939 2123 1050 2148 tanaeo
1061 2139 1069 2154 ‚
1082 2115 1217 2146 Hortari
1227 2126 1310 2145 meos
1324 2115 1466 2159 infirmos
1474 2138 1483 2151 ,
1501 2114 1611 2156 lttjbr-

940 2170 965 2200 ti
968 2169 1133 2210 terserunt
1145 2180 1155 2197 .·
1166 2165 1291 2211 quibus
1301 2165 1412 2198 verbis
1422 2171 1533 2197 totum
1545 2165 1611 2197 Pli-

940 2220 987 2253 nii
1009 2218 1192 2253 consilium
1208 2217 1385 2250 evertitur.
1401 2217 1445 2250 G.

988 2273 1021 2306 3.
1039 2275 1087 2304 Ne
1104 2273 1184 2314 qaid
1196 2273 1275 2303 milli
1288 2273 1392 2303 detur.
1404 2295 1410 2301 .
1423 2272 1609 2312 .5ciantq11e.

940 2324 1036 2358 Ferri
1047 2331 1157 2369 potest
1179 2323 1251 2357 haec
1273 2323 1393 2365 lectio,
1414 2334 1484 2368 qua
1500 2321 1610 2367 posita

940 2377 1085 2410 transire
1105 2375 1258 2410 dicemus
1276 2375 1428 2409 Plinium
1447 2388 1466 2408 a
1483 2374 1611 2407 directa

940 2430 1098 2463 oratione
1109 2454 1117 2470 ,
1134 2440 1240 2474 quam
1256 2435 1401 2468 vocant,
1421 2426 1466 2460 ad
1481 2425 1612 2458 indire-

940 2490 1043 2515 ctam.
1066 2481 1133 2516 Sed
1156 2481 1300 2527 exprimi
1324 2480 1431 2514 voluit
1458 2491 1496 2512 ex
1518 2477 1612 2510 libris

940 2535 1078 2568 Cortius
1090 2560 1098 2575 ‚
1110 2536 1337 2580 (quamquam
1348 2533 1397 2565 illi
1410 2543 1478 2565 non
1493 2530 1558 2563 nisi
1572 2543 1609 2562 ex

942 2587 1083 2621 dimidia
1107 2596 1203 2632 parte
1222 2588 1495 2631 obtemperatum
1515 2590 1565 2615 est
1578 2585 1611 2626 );

941 2655 979 2672 ηε
1005 2643 1084 2682 quid
1105 2642 1182 2672 mihi
1199 2640 1278 2671 dctis
1288 2662 1386 2669 .....
1395 2639 1565 2679 sciatisque
1587 2638 1614 2667 si

941 2695 1089 2724 Ardet-icis
1100 2718 1106 2727 ,
1137 2700 1198 2724 etv.
1226 2691 1366 2735 Legitur
1393 2690 1586 2734 importune
1603 2711 1609 2723 ,
