1742 2989
223 232 311 277 292
644 221 693 260 (j.
732 217 949 260 PLINH
986 219 1110 260 MR.
1149 219 1203 261 W.

218 314 336 341 nunc
370 298 487 353 haec,
518 296 741 340 interdum
779 297 907 340 simul
948 299 1118 352 omnia,
1150 299 1374 358 juvantur.
1404 301 1619 345 Vitassem

213 370 472 430 jamdudum
486 406 497 426 ‚
516 387 570 413 ne
594 369 764 413 viderer
786 370 997 431 argutior,
1018 371 1101 414 nisi
1122 371 1443 431 proposuissem
1470 389 1620 417 omnes

148 450 188 491 41
217 444 401 505 angulos
428 454 573 488 tecum
602 443 785 503 epistola
810 445 1053 487 circumire.
1089 446 1243 505 Neque
1269 445 1384 488 enim
1410 447 1617 501 verebar,

196 535 270 564 stne
290 517 557 561 laboriosum
586 526 696 560 esset
719 516 880 577 legenti
902 516 1002 570 tibi,
1019 518 1135 578 quod
1158 519 1311 562 visenti
1335 536 1421 562 non
1444 519 1618 576 fuisset3

216 592 454 651 praesertim
489 607 626 651 quum
663 591 1027 651 interquiescere,
1053 591 1086 635 si
1122 591 1300 647 liberet,
1335 593 1620 654 depositaque

213 664 420 725 epistola,
451 665 574 725 quasi
607 664 821 719 residere,
848 665 1001 725 saepius
1029 682 1186 725 posses,
1215 668 1426 710 Praeterea
1459 667 1617 711 indulsi

213 739 351 780 amori
386 755 497 781 meo.
536 740 646 780 Amo
676 738 818 792 enim,
850 754 945 798 quae
974 739 1162 782 maxima
1192 755 1242 782 ex
1272 750 1396 799 parte
1425 740 1516 801 ipse
1548 742 1616 783 in-

145 813 184 847 42
211 810 364 854 choavi
382 845 393 864 .,
416 820 491 854 aut
522 810 726 853 inchoata
751 810 959 870 percolui.
990 814 1040 854 In
1068 828 1235 855 summa
1260 814 1356 873 (cur
1380 814 1496 857 enirn
1527 831 1615 857 non

211 885 402 944 aperiam
434 884 512 927 tibi
543 882 608 926 vel
631 883 847 943 judicium
874 901 1019 927 meum
1045 884 1111 927 vel
1144 884 1392 946 erroremi‘)
1422 887 1612 946 primum

208 974 289 1017 ego
318 957 513 1001 officium
540 956 765 1017 scriptoris
791 958 992 1001 existimo
1009 993 1020 1013 ,
1046 967 1092 1001 ut
1117 957 1292 1001 titulum
1320 975 1445 1002 suum
1473 959 1614 1021 legat,

209 1039 338 1089 atque
378 1029 615 1073 identidem
652 1030 893 1090 interroget
926 1047 995 1087 se,
1033 1031 1139 1091 quid
1172 1033 1352 1092 coeperit
1387 1033 1575 1077 seribere
1604 1051 1612 1076 :

209 1105 428 1163 sciatque,
453 1104 486 1146 si
514 1104 705 1146 materiae
732 1103 1018 1159 immoratur,
1047 1121 1134 1147 non
1161 1121 1252 1148 esse
1279 1104 1485 1166 longum3
1515 1106 1612 1150 lon-

208 1178 432 1238 gissimum
451 1213 461 1230 ,
487 1179 519 1221 51
546 1176 711 1238 aliquid
737 1178 914 1221 arcessit
940 1188 1070 1238 atque
1098 1178 1302 1222 adtrahit.
1328 1179 1484 1234 Vides,
1506 1189 1614 1240 quot

206 1252 402 1295 versibus
416 1253 654 1305 Homerus,
674 1261 780 1311 quot
802 1250 1011 1312 Virgilius
1032 1268 1150 1294 arma
1164 1287 1174 1305 ‚
1191 1251 1262 1295 hic
1281 1252 1444 1306 AEneae‚
1462 1253 1610 1297 Achil-

207 1323 255 1367 lis
283 1324 379 1380 ille,
409 1324 622 1368 describat
648 1341 656 1367 :
686 1324 829 1367 brevis
852 1333 997 1368 tamen
1028 1334 1213 1385 uterque
1240 1334 1329 1379 est,
1355 1326 1455 1386 quia
1482 1326 1610 1382 facit,

206 1398 323 1458 quod
346 1398 547 1442 instituit.
567 1397 701 1443 Vides
716 1433 726 1451 ‚
745 1408 792 1441 ut
817 1400 978 1442 Aratus
1004 1399 1292 1442 minutissima
1316 1399 1445 1442 etiarn
1471 1399 1611 1444 sidera

206 1480 480 1514 consectetur
505 1481 546 1513 et
572 1471 745 1531 colligat
773 1489 782 1514 ε
810 1471 990 1514 1110(111111
1020 1481 1164 1514 tamen
1191 1481 1345 1515 servat.
1367 1473 1467 1515 Non
1493 1474 1610 1517 enim

161 1551 178 1579 ί
207 1559 414 1586 excursus
444 1542 515 1586 1110
546 1544 660 1603 ejus,
687 1543 759 1586 sed
793 1560 904 1603 opus
932 1545 1075 1603 ipsum
1104 1554 1179 1587 est.
1205 1543 1413 1587 Similiter
1441 1562 1539 1599 nos,
1562 1557 1611 1590 ut

205 1632 338 1675 parva
358 1617 527 1676 magnis
541 1651 552 1671 ⁷
571 1632 701 1676 quam
725 1625 861 1659 totam
883 1615 1027 1659 villam
1050 1616 1186 1660 oculis
1208 1617 1292 1659 tuis
1312 1617 1525 1676 subjicere
1541 1635 1610 1663 co—

251 1729 471 1756 —Juvaneun
493 1724 629 1757 Cortius
648 1725 682 1757 in
705 1724 781 1770 pari
800 1726 871 1758 fere

204 1778 405 1827 auctoritfffe
420 1777 585 1809 librorum
606 1777 739 1822 praefert
762 1779 871 1808 lavan-

205 1840 255 1862 cur
268 1845 278 1863 .·
291 1830 350 1863 sed
367 1829 433 1863 hoc
453 1828 587 1862 videtur
601 1842 673 1862 esse
691 1837 871 1874 poetarum

204 1884 396 1929 proprium.
417 1884 636 1916 Burmannus
658 1883 749 1915 notis
769 1883 874 1929 majo-

203 1936 296 1968 ribus
308 1935 351 1969 ad
367 1935 500 1969 Phaedr.
518 1935 553 1967 II
564 1961 573 1976 ‚
588 1936 606 1969 5
619 1961 627 1976 ,
647 1939 685 1974 14
699 1960 707 1975 ,
722 1938 874 1967 Ιιεταηιιιν

206 1989 301 2022 malit
315 2017 323 2031 ‚
335 1989 429 2035 quod
441 1988 624 2034 pulchrum
635 2001 716 2021 sane
728 1996 777 2021 est
787 2013 795 2028 ,
808 2000 871 2021 nec

205 2042 247 2073 ab
262 2042 464 2075 auctoritate
478 2043 645 2074 librorum
660 2041 869 2074 destituitur.

203 2093 246 2126 G.
259 2115 303 2118 —
313 2096 410 2127 Rom.
423 2097 587 2126 Interdum
599 2096 693 2126 simul
705 2096 812 2126 omnia
826 2096 871 2125 Ia·

208 2157 333 2179 vantur.
353 2148 526 2180 Poeticum
550 2147 690 2192 quidem
712 2147 777 2179 hoc
800 2159 872 2179 ver-

204 2199 286 2231 bum
309 2208 358 2231 est
374 2225 382 2239 ,
404 2199 463 2232 sed
484 2200 591 2232 multa
611 2199 716 2245 hujus
738 2199 871 2244 generis

204 2251 269 2285 alia
284 2252 410 2284 Plinius
424 2252 458 2284 in
473 2251 759 2297 descriptionibus
775 2251 872 2284 adhi-

204 2304 272 2337 bet.
286 2305 338 2338 SIC
356 2306 373 2347 g
398 2316 433 2347 [9
455 2315 463 2336 Ῐ
486 2307 601 2336 [Vemlls
619 2318 870 2347 COlllllSqllCPTO-

204 2367 341 2400 spec-lue,
355 2364 386 2389 et
397 2357 462 2389 alia
474 2357 547 2389 aliis
559 2357 640 2389 locis
652 2357 813 2402 plurima.
822 2358 865 2390 H.

250 2430 295 2434 -—
318 2412 482 2454 Argutior.
509 2410 715 2454 Loquacior.
746 2411 868 2443 Cicero

205 2462 249 2495 ad
269 2463 370 2495 Attio.
385 2463 455 2502 VI,
474 2462 491 2495 5
506 2487 514 2501 ‚
532 2462 602 2494 init.
624 2478 636 2489 κ
650 2462 766 2494 obvias
786 2462 869 2496 mihi

204 2515 317 2548 literas
330 2528 434 2560 quain
449 2515 681 2560 argutissimas
699 2515 742 2547 de
761 2515 869 2548 omni-

206 2568 268 2600 bus
281 2569 384 2600 rebus
398 2569 518 2601 crebro
533 2568 662 2600 mittas.
680 2568 713 2600 S.

251 2625 306 2660 [51.
327 2624 374 2652 Ne
394 2623 602 2658 laboriosum,
623 2628 686 2653 etv.
707 2623 803 2653 Rom.
824 2625 869 2653 Ne·

205 2676 395 2706 laboriosum
412 2684 490 2706 esset
504 2676 560 2706 tibi
575 2676 704 2718 legenti,
723 2677 812 2717 quud
822 2677 870 2706 vi-

210 2728 293 2758 senti.
317 2726 357 2758 Π.

984 1729 1025 1764 42
1033 1751 1040 1757 .
1052 1728 1091 1755 In
1102 1738 1235 1757 summa.
1248 1724 1361 1758 Etiam
1372 1726 1470 1759 Rom.
1480 1731 1519 1759 In
1529 1742 1609 1761 sum-

937 1790 989 1808 ma
1002 1803 1010 1815 ,
1036 1784 1073 1809 ut
1090 1777 1191 1816 alibi.
1222 1778 1300 1810 Post
1313 1803 1322 1818 ‚
1336 1781 1476 1821 primum
1493 1794 1550 1824 ego
1569 1785 1608 1814 de

937 1832 1043 1875 officio
1067 1832 1229 1872 scriptoris
1254 1833 1413 1864 escistimo.
1438 1833 1527 1866 Tum
1543 1859 1552 1874 ‚
1582 1839 1609 1867 si

937 1884 1064 1925 aliquid
1073 1885 1211 1915 arcessit.
1224 1882 1255 1914 H
1261 1888 1350 1915 .-—T
1349 1886 1443 1916 italus
1453 1911 1462 1924 ,
1476 1886 1606 1927 thema,

936 1935 1122 1980 propositio
1140 1935 1357 1980 explicanda.
1374 1937 1441 1970 En.

983 1989 1039 2028 43.
1055 1991 1225 2019 Homerus.
1242 2013 1249 2020 .
1266 2014 1272 2019 .
1288 2013 1295 2019 .
1308 1991 1466 2032 Virgilius.
1485 1990 1548 2022 Ille
1561 1992 1603 2025 Il.

937 2055 955 2074 0-
970 2065 979 2080 ‚
1012 2041 1097 2085 478,
1126 2053 1200 2086 sqq.
1226 2041 1280 2073 hic
1299 2043 1378 2074 AEn.
1393 2042 1501 2085 VIII,
1522 2049 1603 2090 407,

936 2105 1011 2139 sqq.
1040 2094 1083 2126 G.
1109 2114 1149 2118 —
1162 2095 1297 2125 Achillis
1325 2096 1377 2126 ille
1389 2120 1399 2132 ,
1430 2098 1602 2130 describat.

934 2147 1032 2178 Rom.
1052 2150 1109 2179 Ille
1121 2148 1254 2178 Achillis
1272 2149 1439 2180 describat.
1452 2148 1495 2180 H.

982 2203 1037 2239 44.
1063 2191 1104 2230 'Ut
1125 2212 1227 2242 parva
1247 2202 1379 2243 magnis.
1405 2201 1485 2234 Scil.
1517 2215 1603 2235 com·

928 2264 1100 2294 ponamus.
1125 2252 1347 2285 proverbium
1371 2266 1409 2286 ex
1428 2253 1487 2286 illo
1502 2254 1600 2300 Virg.

935 2305 999 2336 ecl.
1027 2305 1061 2344 I,
1095 2306 1135 2338 23
1147 2330 1155 2344 ‚
1186 2307 1230 2337 sic
1260 2307 1384 2348 mugnis
1414 2319 1602 2349 componere

928 2369 1033 2399 parva
1059 2359 1209 2390 solebam.
1239 2357 1285 2389 Ut
1310 2370 1409 2403 supra
1432 2360 1448 2391 I
1462 2384 1471 2398 ‚
1501 2373 1517 2392 2
1530 2385 1538 2400 ,
1567 2374 1596 2394 2.

936 2412 1050 2448 Pauci,
1066 2424 1144 2453 quos
1159 2423 1268 2452 (equus
1281 2414 1409 2443 amavit.
1427 2412 1513 2444 Nam
1528 2426 1600 2444 con—

924 2464 1090 2506 feramus,
1112 2463 1206 2508 quod
1229 2471 1276 2495 est
1295 2463 1328 2495 111
1349 2463 1443 2496 libris
1459 2465 1599 2509 quibus-

934 2515 1012 2548 dam
1027 2541 1036 2556 ,
1057 2529 1075 2548 e
1097 2517 1208 2561 glossa
1231 2524 1291 2549 est.
1313 2516 1356 2549 G.
1376 2536 1421 2540 —
1438 2518 1536 2549 Rom.
1561 2522 1601 2549 Ue

928 2582 1033 2611 parva
1047 2571 1170 2611 magnis
1181 2580 1413 2611 comparemus,
1430 2569 1486 2601 ubi
1496 2571 1599 2615 vulgo

934 2623 1018 2664 confi
1025 2635 1143 2654 ramus.
1156 2622 1350 2666 Utrumque
1360 2622 1502 2654 verbum
1516 2623 1600 2655 omi-

935 2675 977 2707 sit
989 2674 1129 2707 Plinius.
1141 2675 1185 2707 H.
1195 2695 1239 2699 —
1248 2676 1352 2706 Oculis
1370 2676 1429 2705 tuis
1447 2677 1599 2718 subjicere

935 2741 1098 2760 cotmmur.
1112 2728 1165 2761 Sic
1181 2735 1213 2760 et
1227 2729 1323 2760 Rom.
1343 2727 1461 2760 Postea
1473 2729 1503 2758 ιή
1518 2729 1593 2765 lzoc,
