1742 2989
163 214 217 259 52
600 219 646 258 C.
684 215 902 257 PLINII
937 214 1059 257 LIB.
1096 215 1126 257 I.

159 299 324 344 Graecis
351 297 569 340 orationes
593 297 730 356 Lysiae
758 304 944 339 ostentat
961 330 971 349 ,
1001 312 1052 338 cx
1077 295 1234 339 nostris
1257 294 1561 340 Gracchorum

160 372 452 431 Catonisque,
469 387 655 430 quorum
678 385 778 412 sane
799 367 997 428 plurimae
1014 379 1110 412 sunt
1130 370 1393 413 circumcisae
1410 378 1452 412 et
1465 369 1560 413 hre-

158 461 231 488 ves
256 462 264 488 :
293 461 374 505 ego
401 443 538 504 Lysiae
563 441 904 485 Demosthenem
920 476 931 494 ‚
962 441 1208 485 AEschinem
1226 476 1237 496 ‚
1268 441 1530 502 Hyperidem
1551 476 1562 496 ‚

159 517 407 578 multosque
427 525 631 576 praeterea
648 531 658 569 3
681 514 908 567 Gracchis,
929 523 969 557 et
990 515 1149 558 Catoni
1166 550 1178 570 ‚
1197 513 1460 569 Pollionem,
1479 516 1563 558 Cae-

159 608 299 636 sarem
315 626 326 646 ‚
349 589 528 635 Caelium
547 624 558 643 ‚
578 589 621 631 in
643 588 793 649 primis
814 589 1014 631 Marcum
1035 585 1227 630 Tullium
1245 621 1256 639 ‚
1277 602 1477 647 oppon0‚
1496 603 1563 630 cu-

154 666 226 725 jus
244 665 384 708 oratio
402 664 565 723 optima
585 661 723 704 fertur
743 677 833 704 esse
848 695 859 715 ‚
880 677 975 720 quoe
994 661 1196 703 maxima.
1220 661 1275 702 Et
1293 658 1492 711 hercule,
1514 668 1562 702 ut

159 737 251 781 aliae
264 738 388 780 bonae
405 753 491 791 res,
508 737 566 778 ita
580 735 722 777 bonus
736 732 846 776 liber
858 732 1010 775 melior
1023 741 1084 775 est
1101 732 1283 792 quisque
1299 747 1389 791 quo
1404 731 1557 790 major.

113 823 131 857 5
158 810 315 866 Vides,
339 819 384 854 ut
399 818 581 859 statuas,
603 808 749 867 signa,
770 806 982 866 picturas,
1003 805 1232 848 hominum
1252 804 1439 864 denique
1458 804 1564 848 mul-

159 893 392 943 torumque
409 880 662 926 animalium
681 879 862 935 formas,
883 879 1089 922 arborum
1107 879 1237 921 etiam
1250 913 1260 930 ,
1275 878 1306 920 si
1328 877 1459 921 modo
1475 879 1563 921 sint

157 956 348 1011 decorae,
378 954 485 998 nihil
517 954 655 1013 magis
684 969 815 1013 quam
846 951 1089 1012 amplitudo
1118 951 1409 995 commendet.
1438 951 1561 995 Idem

157 1029 429 1073 orationibus
462 1028 605 1071 evenit
631 1044 638 1070 :
667 1027 772 1087 quin
800 1027 929 1070 etiam
958 1025 1254 1069 voluminibus
1278 1025 1380 1085 ipsis
1407 1035 1559 1068 aucto·

156 1103 331 1146 ritatem
363 1100 596 1161 quamdam
632 1109 673 1143 et
707 1098 1076 1159 pulchritudinem
1110 1098 1257 1157 adjicit
1286 1098 1557 1158 magnitudo⁸

111 1192 130 1224 6
157 1179 260 1220 Haec
284 1175 353 1219 ille
375 1174 599 1234 multaque
623 1173 728 1225 alia,
755 1189 850 1232 quae
872 1189 895 1215 a
920 1188 989 1214 nie
1014 1172 1058 1214 in
1081 1170 1276 1214 eamdem
1301 1171 1560 1214 sententiam

156 1248 298 1292 solent
325 1247 435 1300 dici,
474 1256 521 1290 ut
555 1257 617 1290 est
649 1246 692 1288 in
727 1244 992 1305 disputando
1029 1243 1486 1304 incomprehensibilis
1519 1253 1561 1288 et

155 1321 374 1376 lubricus,
406 1323 465 1364 ita
490 1319 651 1373 eludit,
689 1328 737 1362 ut
772 1317 1032 1370 contendat,
1069 1317 1148 1360 hos
1182 1317 1324 1377 ipsos,
1372 1333 1561 1377 quorum

112 1415 126 1442 7
156 1395 429 1438 orationibus
455 1394 594 1443 nitar;
624 1392 830 1453 pauciora
861 1390 1018 1434 dixisse
1048 1406 1179 1450 quam
1209 1389 1436 1432 ediderint.
1468 1391 1561 1449 Ego

156 1477 309 1512 contra
335 1476 456 1527 puto.
493 1468 643 1509 Testes
672 1474 773 1508 sunt
798 1463 944 1506 multae
971 1463 1211 1506 multorum
1242 1464 1487 1515 orationes,
1518 1473 1561 1506 et.

155 1541 379 1586 Ciceronis
410 1556 489 1599 pro
514 1541 722 1589 Murena,
758 1553 838 1597 pro
864 1538 1041 1580 Vareno
1064 1553 1072 1578 ε
1102 1536 1146 1578 in
1171 1536 1329 1595 quibus
1353 1536 1494 1578 brevis
1518 1544 1560 1578 et

156 1614 272 1657 nuda
294 1614 414 1674 quasi
443 1612 707 1672 subscriptio
735 1610 1023 1670 quorumdam
1049 1611 1282 1652 criminum
1300 1608 1399 1652 solis
1425 1608 1560 1652 titulis

158 1687 388 1730 indicatur.
424 1688 488 1729 Ex
511 1685 578 1727 his
602 1692 783 1744 apparet
799 1718 810 1738 ‚
840 1681 960 1726 illum
983 1681 1196 1742 permulta
1218 1681 1398 1737 dixisse3
1422 1698 1558 1742 quum

203 1843 231 1872 4.
253 1835 435 1876 Inprimis.
453 1856 459 1863 .
476 1856 482 1862 .
499 1844 652 1874 ‚oppona
668 1832 764 1863 Rom.
783 1834 826 1861 Et

155 1892 186 1920 [ἠ
204 1889 316 1930 primis
334 1889 379 1917 M.
404 1886 539 1916 Tullium
557 1897 693 1926 oppono.
714 1883 757 1915 H.
779 1903 823 1906 --

155 1945 214 1977 Et,
234 1941 357 1971 hercule
373 1963 381 1975 ‚
405 1947 453 1969 ut.
471 1963 477 1969 .
494 1939 652 1979 .qui5que.
667 1938 765 1968 Rom.
781 1938 824 1966 Et

157 1994 330 2024 mehercule
343 2017 350 2027 ,
382 2001 417 2022 ut
449 1992 524 2021 alite
560 1992 650 2020 bonoe
675 2002 722 2021 res
737 2015 745 2027 ‚
776 1991 822 2020 ita

156 2048 253 2077 bonus
271 2047 348 2076 liber
366 2046 498 2086 quisque
515 2044 626 2073 melior
640 2052 694 2073 esc.
717 2042 760 2074 H.
778 2062 823 2065 ——-

158 2099 282 2129 Melior.
308 2096 434 2141 Supple
460 2108 515 2130 ee,
538 2106 613 2137 qum
638 2094 763 2137 ellipsis
789 2093 823 2124 in

156 2150 216 2183 tali
252 2149 435 2181 verberum
470 2146 724 2179 construction<-
757 2147 823 2177 fre-

155 2200 392 2248 quentissima.
430 2198 519 2230 Vide
557 2198 732 2231 Drakenb.
779 2197 822 2229 ad

157 2256 233 2288 Liv.
249 2254 365 2286 XXVI
377 2277 385 2291 ‚
405 2265 445 2285 20
459 2276 468 2291 ,
486 2253 516 2284 5.
534 2252 585 2283 Ita
603 2260 633 2283 et
649 2251 770 2282 Gaesi.
787 2251 820 2282 S.

205 2310 234 2339 5.
266 2309 376 2349 Signa.
409 2305 459 2337 De
489 2305 593 2349 signis
620 2303 823 2336 militaribus

157 2360 306 2393 Plinium
338 2371 407 2390 non
430 2365 513 2402 puto
536 2358 715 2401 cogitasse.
734 2355 822 2387 Vide

158 2414 253 2446 Clav.
276 2412 433 2445 Ciceron.
454 2410 490 2442 h.
510 2422 541 2441 v.
564 2409 643 2441 coll.
666 2409 819 2452 Lessing.

161 2469 305 2497 Kleinere
335 2466 447 2505 Antiq.
484 2465 610 2504 Fragm.
646 2473 681 2505 p.
716 2467 777 2504 jos-
814 2473 821 2493 τ

159 2520 260 2563 Signa
278 2525 477 2561 statuasque
490 2515 601 2560 jungit
620 2514 720 2545 etiam
738 2515 823 2546 Cato

158 2571 191 2603 in
207 2572 400 2614 fragmento
414 2567 556 2613 insigni,
571 2565 664 2611 quod
679 2578 789 2598 serxax
800 2568 822 2599 it

158 2623 288 2655 Gellius
306 2622 380 2662 ΠΙ,
398 2634 429 2666 7.
452 2622 485 2654 S.
513 2639 558 2644 ——-
580 2621 679 2659 Quin.
696 2644 702 2649 .
721 2621 820 2660 ,ψη-ῖς,

158 2677 254 2708 Rom.
274 2678 375 2715 Quum
395 2677 490 2706 etiam
506 2673 720 2704 voluminibus
738 2673 820 2712 ipsis.

160 2728 201 2760 H,
213 2748 255 2752 --
268 2733 282 2758 Ι·
295 2727 578 2768 0.Jmm',›2il21csipsis.
594 2724 646 2758 Sic
658 2736 821 2767 magnum

889 1828 995 1861 heroa
1021 1828 1216 1874 Eugenium
1248 1829 1283 1861 in
1310 1828 1559 1862 Bibliothecam

889 1881 1202 1926 splendidissimam
1243 1881 1420 1925 collegisse
1454 1880 1559 1914 audio

889 1935 1029 1967 maximi
1050 1933 1235 1978 praesertim
1255 1933 1438 1966 voluminis
1456 1934 1559 1967 libros

890 1994 921 2019 et
942 1987 1069 2019 chartae
1089 1994 1239 2031 augustae
1258 1986 1471 2019 commissos.
1489 1985 1533 2019 G.

936 2043 966 2072 6.
996 2041 1159 2071 Pauciora
1184 2041 1303 2070 dixisse
1328 2052 1425 2080 qaam
1451 2041 1558 2070 edide-

890 2094 967 2124 rint.
989 2094 1108 2137 Neque
1133 2091 1223 2123 enirn
1248 2091 1417 2124 scribebat
1437 2091 1558 2124 Cicero

890 2145 1062 2177 orationes
1082 2152 1265 2188 antequam
1288 2143 1364 2176 illas
1389 2143 1531 2176 haberet
1548 2157 1556 2176 .·

889 2196 947 2230 sed
964 2209 1039 2241 quie
1055 2197 1087 2228 in
1109 2195 1244 2240 agendo
1261 2195 1559 2229 animadvertisset

889 2250 1037 2282 maxime
1072 2248 1210 2293 probari
1246 2247 1460 2281 auditoribus
1477 2273 1485 2288 ,
1517 2262 1557 2282 ea

890 2301 1014 2335 deinde
1037 2301 1141 2334 literis
1158 2300 1349 2334 mandavit.
1365 2301 1470 2333 Tusc.
1491 2302 1555 2341 IV,

892 2358 944 2389 25.
959 2372 969 2382 «
981 2356 1057 2386 Jam
1072 2355 1175 2387 rebus
1187 2354 1367 2387 transactis
1380 2361 1412 2386 et
1424 2361 1558 2398 praeter-

889 2408 960 2446 itis,
990 2407 1162 2439 orationes
1189 2407 1417 2439 scribimus.»
1448 2406 1557 2449 Igitur

889 2459 982 2505 quod
999 2460 1147 2492 maxime
1160 2460 1302 2504 probata
1317 2466 1403 2491 esset
1414 2457 1557 2490 Horten-

891 2514 930 2545 sii
945 2526 1005 2557 pro
1021 2512 1180 2545 Messalla
1193 2511 1303 2544 oratio
1314 2536 1322 2550 ‚
1337 2512 1465 2543 totidem
1479 2521 1560 2552 quot·

890 2569 977 2597 delcit
1001 2567 1105 2597 verbis
1129 2566 1248 2607 scripta
1273 2573 1327 2595 est.
1351 2563 1423 2596 Cic.
1450 2562 1557 2594 Bruto

891 2632 921 2652 c.
943 2622 1000 2662 96.
1025 2616 1115 2650 Add.
1135 2619 1255 2650 Noster
1274 2617 1339 2655 IV,
1357 2629 1376 2659 9
1393 2640 1401 2655 ,
1429 2616 1483 2647 2¹3.
1509 2614 1551 2647 G.

938 2684 968 2711 7.
983 2671 1184 2713 Subscriptio.
1204 2668 1324 2710 Qualis
1338 2668 1503 2700 nimirum
1518 2667 1554 2698 in

891 2723 1006 2756 libello
1020 2722 1226 2756 accusatoris
1238 2746 1246 2761 ,
1260 2720 1319 2766 qui
1332 2718 1412 2753 inde
1425 2720 1555 2752 subscri-
