1742 2989
656 179 1006 223 EPISTOLA
1041 180 1127 222 IX.

186 279 288 325 gare
314 262 427 323 leges
458 271 502 305 et
539 260 795 314 intendere,
830 276 920 303 non
953 261 1046 303 sine
1080 260 1251 303 ratione
1280 260 1452 302 veniam
1479 260 1601 305 dedit

1505 196 1589 223 221

186 336 324 393 facto,
345 336 477 379 vetito
495 334 673 396 quidem
689 370 700 389 ,
720 351 810 377 non
833 343 980 377 tamen
1006 333 1230 377 inusitato.
1245 332 1480 376 Praevaluit
1503 351 1598 378 sen·
1628 348 1668 380 18

185 410 324 452 tentia
356 408 574 469 Caepionis
606 424 614 450 ε
646 407 755 467 quin
782 408 916 450 immo
947 407 1230 467 consurgenti
1262 406 1301 449 ei
1332 405 1386 449 ad
1418 423 1600 451 censen-

185 481 317 538 dum,
344 480 633 525 acclamatum
671 489 761 533 est,
789 480 908 540 quod
939 479 1047 523 solet
1078 479 1385 522 residentibus.
1416 481 1482 522 Ex
1513 496 1601 539 quo

186 565 310 615 potes
336 555 568 610 aestimare,
588 563 757 614 quanto
783 570 1001 597 consensu
1025 554 1079 597 sit
1105 562 1360 613 exceptum,
1379 569 1516 612 quum
1540 553 1604 595 di-

187 638 326 684 ceret,
347 628 463 688 quod
487 637 575 671 tam
596 627 835 671 favorabile
863 627 968 683 fuit,
986 644 1123 687 quum
1145 626 1344 670 dicturus
1366 626 1601 670 videretur.

186 706 300 748 Sunt
325 713 470 746 tamen
487 738 497 758 ,
524 712 573 746 ut
599 702 643 745 in
675 711 853 758 senatu,
872 702 932 745 ita
959 702 1002 744 in
1031 701 1231 757 civitate,
1252 701 1296 743 in
1324 699 1432 743 duas
1457 709 1604 760 partes

187 775 416 820 hominum
441 776 608 836 judicia
637 775 802 832 divisa3
830 792 933 819 nam
958 775 1118 836 quibus
1144 774 1361 818 sententia
1385 774 1605 834 Caepionis

189 849 374 909 placuit,
393 851 654 894 sententiam
684 850 849 905 Macri,
874 859 922 892 ut
950 849 1105 892 duram
1132 848 1431 909 rigidamque,
1458 864 1606 908 repre-

185 923 412 968 hendunt:
442 924 603 985 quibus
631 923 795 979 Macri,
822 921 940 966 illam
972 915 1153 966 alteram
1186 920 1442 964 dissolutam
1473 930 1606 981 atque

187 996 318 1039 etiam
338 998 703 1058 incongruentem
722 1006 895 1040 vocant.
911 997 1087 1057 Negant
1102 996 1219 1039 enini
1233 1011 1484 1055 congruens
1500 1011 1606 1051 esse,

189 1070 377 1114 retinere
404 1072 449 1114 in
476 1081 657 1127 senatu,
675 1071 746 1114 cui
764 1069 933 1131 judices
958 1069 1144 1112 dederis.
1168 1070 1270 1112 Fuit
1294 1079 1334 1112 et
1357 1069 1486 1111 tertia
1507 1084 1608 1111 sen-

190 1144 327 1187 tentia
343 1161 352 1188 :
368 1144 572 1188 Valerius
593 1144 818 1188 Paullinus
841 1144 1050 1187 adsensus
1075 1143 1273 1203 Caepioni
1290 1178 1300 1197 ,
1315 1142 1399 1185 hoc
1420 1140 1610 1202 amplius

189 1218 384 1273 censuit,
405 1217 685 1262 referendum
707 1217 759 1261 de
776 1216 1047 1277 Theophane
1061 1251 1071 1270 ,
1095 1231 1230 1275 quum
1257 1213 1521 1274 legationem
1547 1229 1611 1256 re-

190 1292 446 1334 nuntiasset.
477 1292 702 1352 Arguebat
729 1291 845 1334 enim
876 1289 1015 1333 inulta
1046 1289 1089 1331 in
1123 1288 1402 1332 accusatione
1429 1286 1610 1346 fecisse,

190 1380 285 1423 quae
312 1363 382 1406 illa
416 1364 507 1424 ipsa
534 1364 654 1424 lege,
683 1380 769 1424 qua
797 1366 979 1407 Bassum
1005 1371 1311 1416 accusaverat,
1338 1370 1609 1404 tenerentur.

191 1437 275 1480 Sed
299 1437 413 1480 hanc
441 1438 705 1480 sententiam
729 1437 929 1481 consules
945 1473 955 1491 ,
976 1452 1245 1496 quamquam
1272 1434 1471 1477 maximae
1496 1433 1611 1494 parti

191 1520 366 1554 senatus
390 1511 500 1554 mire
517 1511 749 1571 probatur,
773 1527 862 1553 non
884 1520 985 1553 sunt
1008 1509 1277 1570 persequuti.
1301 1507 1526 1551 Paullinus
1550 1516 1611 1549 ta-

192 1599 293 1626 men
319 1594 360 1627 et
384 1585 562 1644 justitiae
589 1584 747 1627 famam
777 1594 820 1627 et
846 1584 1103 1627 constantiae
1129 1581 1241 1625 tulit.
1267 1581 1405 1624 Misso
1431 1589 1611 1635 senatu,

192 1659 370 1713 Bassus,
390 1675 550 1719 magna
570 1658 802 1701 hominum
821 1657 1090 1717 frequentia,
1108 1670 1273 1715 magno
1292 1653 1505 1709 clamore,
1526 1669 1614 1695 ma-

195 1746 281 1789 gno
306 1730 465 1790 gaudio
494 1740 701 1791 exceptus
728 1740 806 1774 est.
835 1732 1015 1773 Fecerat
1042 1745 1141 1772 eum
1172 1726 1458 1771 favorabilem
1484 1743 1614 1769 reno-

194 1811 293 1845 vata
315 1802 618 1846 discriminum
639 1813 764 1846 vetus
785 1802 921 1859 fama,
938 1812 1181 1862 notumque
1206 1799 1412 1862 periculis
1432 1815 1615 1855 nomen,

244 1969 295 2002 18.
309 1971 518 2013 Consurgenci
528 1971 567 2002 ei.
580 1969 634 2002 Al.
646 1968 809 2001 omittunt
821 1971 867 2000 ei:

196 2028 228 2053 et
254 2020 388 2055 videtur
409 2035 427 2054 a
447 2022 636 2068 glossatore
657 2021 867 2066 profectum.

196 2075 332 2108 Centies
355 2075 490 2107 librarii
509 2075 576 2108 hoc
599 2087 796 2120 pronomen
819 2074 870 2106 in—

196 2127 379 2160 ferserunt.
398 2129 432 2162 S.

242 2200 288 2204 ——
306 2184 360 2212 Ex
380 2194 443 2223 quo
463 2189 557 2223 potes
575 2181 747 2211 (estimare.
769 2180 868 2211 Rom.

198 2235 252 2264 Ex
270 2246 332 2275 quo
349 2242 441 2275 potes
463 2234 667 2271 existimare,
694 2239 799 2264 recte.
824 2232 868 2264 H.

197 2305 243 2309 —
255 2285 422 2330 Perpetua
435 2285 593 2317 confusio
604 2309 613 2325 ,
628 2286 726 2330 cujus
740 2285 871 2317 fontem

199 2337 332 2383 aperuit
351 2337 525 2370 Drakenb.
546 2336 590 2369 ad
610 2337 684 2369 Liv.
706 2337 871 2375 XXXIV,

201 2404 240 2429 2,
275 2391 304 2423 5.
333 2389 425 2422 Add.
454 2390 600 2421 Biinem.
633 2388 677 2421 ad
711 2391 870 2421 Lactant.

198 2455 278 2487 pag.
300 2444 366 2486 687
382 2468 390 2480 ‚
414 2442 494 2475 coll.
520 2441 725 2487 Heusinger.
748 2442 874 2474 Emen-

199 2493 271 2528 dat.
291 2507 323 2539 p.
345 2498 400 2538 89.
421 2496 454 2528 S.

253 2559 305 2593 19.
332 2552 373 2579 Ut
390 2550 506 2579 duram
517 2573 526 2585 ,
545 2554 608 2579 etc.
625 2546 724 2577 Rom.
746 2549 787 2577 L‘c
799 2548 874 2589 rigi-

202 2601 278 2631 dam
291 2602 470 2642 duramque
482 2600 724 2642 reprehendunt.
748 2598 791 2631 H.

252 2665 304 2685 20.
326 2654 531 2695 Legationem
556 2654 776 2683 renunciasset.
802 2650 876 2684 Hoc

203 2711 274 2746 est,
300 2704 524 2751 deposuisset.
553 2704 759 2737 Renuntiato
786 2704 875 2737 euim

935 1967 1021 2014 quid
1038 1968 1146 2013 egeris
1161 1992 1169 2007 ‚
1187 1966 1285 2000 finita
1299 1973 1459 1999 censetur
1474 1966 1614 2011 legatio.

935 2021 1083 2065 Copiose
1120 2020 1270 2052 illustrat
1303 2019 1396 2052 hanc
1429 2018 1617 2051 formulam

935 2074 1156 2106 Burmannus
1174 2071 1218 2105 ad
1233 2072 1468 2114 Qui11til.VII‚
1483 2076 1502 2112 4
1515 2097 1523 2111 ,
1538 2084 1615 2117 pag.

937 2127 1016 2167 634.
1036 2126 1080 2159 G.
1105 2147 1150 2150 —-
1174 2127 1272 2158 Rom.
1301 2129 1404 2167 Quum
1425 2127 1615 2168 legationem

936 2182 1157 2211 renuntiasset.
1174 2178 1219 2211 H.

983 2252 1028 2256 ——
1041 2234 1207 2275 Arguebat
1219 2233 1313 2263 enim.
1334 2232 1432 2263 Rom.
1450 2233 1616 2274 Argueba-

939 2294 990 2315 tm-
1003 2286 1095 2316 enim.
1117 2284 1160 2317 H.

987 2349 1041 2369 21.
1063 2339 1144 2368 Mite
1152 2339 1322 2379 probatur,
1341 2344 1404 2367 etc.
1420 2336 1516 2367 Rom.
1535 2336 1618 2366 Mire

934 2392 1157 2432 probabatur,
1186 2402 1250 2421 non
1277 2398 1349 2420 sunt
1372 2390 1540 2431 persecuti.
1564 2388 1617 2421 Sic

941 2441 1019 2474 Ald.
1041 2454 1182 2487 quoque
1196 2467 1204 2481 ,
1226 2454 1296 2474 11011
1311 2444 1483 2484 probatur.
1507 2440 1549 2472 H.
1572 2460 1618 2464 -—

940 2495 1028 2527 Item
1053 2495 1148 2527 Cort.
1180 2494 1274 2527 nulla
1307 2500 1425 2525 notam
1454 2493 1619 2525 varietate

940 2547 1109 2580 lectionis.
1135 2548 1206 2580 Nec
1229 2544 1423 2579 Bruinincri
1451 2545 1619 2590 Excerpta

941 2600 1134 2646 quidquam
1143 2598 1618 2642 habentdiscrepamiaePrae-

944 2654 1015 2685 fero
1040 2653 1292 2698 imperfectum.
1314 2652 1347 2684 S.
1375 2670 1420 2675 —-—
1444 2654 1614 2694 Persequi.

943 2705 1082 2749 exsequi
1097 2705 1311 2738 voluntatem
1329 2703 1482 2736 alterius.
1503 2704 1568 2737 En.

1633 711 1672 743 19

1635 1091 1677 1111 20

1641 1456 1677 1477 21

1642 1598 1682 1619 22
