1742 2989
242 177 330 221 '568
649 180 694 220 (j.
732 177 959 220 PLINII
993 179 1119 221 LIB.
1160 179 1241 222 Vl.

240 269 309 313 ut,
329 259 433 302 duni
461 258 732 313 defenditur,
754 260 894 319 turpis
911 294 921 313 ,
948 258 1052 302 dum
1077 269 1279 314 accusat,
1300 258 1532 303 sceleratus
1551 276 1648 319 pro-

238 333 431 376 baretur.
464 334 688 392 Corrupto
718 333 834 374 enim
865 333 1015 376 scribae
1043 349 1192 388 servo,
1216 334 1508 393 interceperat
1532 348 1648 376 com-

237 406 500 460 mentarios,
528 404 924 466 intercideratque,
959 422 1008 449 ac
1042 423 1119 467 per
1148 423 1368 450 summum
1400 404 1520 449 nefas
1554 415 1646 448 ute-

193 484 210 517 5
237 480 367 523 batur
396 480 602 523 adversus
633 480 823 522 amicum
861 480 1044 523 crimine
1075 497 1167 524 suo.
1203 480 1323 524 Fecit
1352 478 1647 539 pulcherrime

238 555 393 598 Caesar.
419 555 519 597 Non
551 554 669 595 enim
705 552 758 595 de
792 553 1050 607 Bruttiano,
1085 552 1159 596 sed
1193 554 1338 596 statim
1369 552 1422 595 de
1451 551 1648 595 Atticino

239 628 501 687 perrogavit.
525 628 773 670 Damnatus
798 635 841 669 et
866 627 910 668 in
934 625 1121 669 insulam
1147 626 1362 687 relegatus
1385 643 1393 668 :
1416 625 1647 668 Bruttiano

231 696 521 759 justissimum
572 700 837 760 integritatis
885 699 1185 742 testimonium
1225 698 1445 742 redditum
1471 733 1481 753 ⁷
1515 712 1644 756 quem

190 781 211 809 65
236 773 413 834 quidem
435 774 566 816 etiam
590 772 845 816 constantiae
870 771 1008 833 gloria
1034 781 1180 815 secuta
1206 781 1282 815 est.
1307 773 1420 815 Nam
1445 769 1647 813 defensus

235 847 582 908 expeditissime,
615 847 835 890 accusavit
870 846 1182 901 veliementer3
1217 862 1296 888 nec
1338 845 1498 888 minus*
1522 859 1646 897 acer,

192 938 207 966 7
236 937 367 981 quam
390 920 531 962 bonus
557 928 599 961 et¹
620 920 815 962 sincerus
843 919 1058 979 apparuit.
1074 918 1207 975 Quod
1228 918 1307 961 tibi
1330 916 1506 976 scripsi,
1529 926 1577 958 ut
1604 925 1647 958 te

235 993 437 1036 sortitum
461 992 733 1052 provinciam
754 1008 1092 1052 praemonerent,
1114 991 1353 1051 plurimum
1374 990 1453 1033 tibi
1473 988 1645 1042 credas,

236 1083 315 1109 nec
343 1066 547 1126 cuiquam
580 1065 682 1108 satis
717 1064 824 1108 fidas
859 1082 868 1108 ε
903 1064 1060 1107 deinde
1090 1065 1224 1119 scias,
1254 1064 1289 1106 si
1318 1062 1413 1123 quis
1441 1061 1552 1105 forte
1582 1070 1646 1115 te,

235 1139 352 1200 quod
379 1138 633 1192 abominor,
654 1136 773 1181 fallat
789 1173 800 1193 7
826 1147 1023 1198 paratam
1051 1136 1262 1180 ultionem
1284 1153 1291 1178 :
1316 1151 1401 1196 qua
1423 1144 1570 1177 tamen
1587 1149 1646 1176 ne

188 1216 209 1247 8
235 1213 288 1256 sit
315 1229 448 1272 opus,
474 1213 604 1255 etiam
632 1221 765 1271 atque
790 1212 921 1254 etiam
943 1210 1131 1253 attende.
1152 1211 1307 1270 Neque
1332 1209 1450 1251 enim
1471 1217 1558 1250 tam
1577 1207 1646 1266 ju-

232 1284 426 1328 cundum
453 1295 517 1328 est
543 1284 764 1328 vindicare
780 1319 791 1339 ‚
816 1300 949 1344 quain
974 1283 1117 1344 decipi
1147 1284 1367 1326 miserum.
1384 1280 1507 1325 Vale.

235 1427 348 1451 tamen
364 1432 382 1451 a
396 1418 509 1451 Plinio
523 1426 585 1451 est.
602 1419 679 1452 Non
695 1418 787 1451 enim
804 1430 843 1450 ex
855 1420 908 1463 ju-

234 1472 325 1504 ‹licio
339 1474 473 1510 recedit,
495 1472 555 1516 qui
570 1473 761 1515 defienditur,
779 1471 838 1515 qui
856 1484 909 1502 ac—

233 1534 343 1561 cusat,
372 1523 432 1556 sed
463 1524 522 1568 qui
546 1524 735 1558 absolvitur
761 1522 907 1556 damna-

233 1584 345 1609 turve.
363 1576 407 1608 H.

281 1649 325 1653 --
343 1630 566 1660 Intet·ciderat.
591 1628 661 1668 Qui
686 1629 792 1667 norit,
819 1628 904 1673 quid

232 1682 274 1713 sit
296 1680 387 1726 apud
408 1681 553 1714 rusticos
577 1683 789 1719 incer-radere,
811 1684 905 1713 inter-

234 1736 358 1771 vellere,
373 1745 497 1778 nempe
508 1757 516 1772 ‚
528 1733 616 1765 inter
630 1733 733 1778 plura
749 1733 905 1780 ejusdem

234 1786 367 1830 generis
391 1786 533 1818 eradere
555 1785 714 1831 quaedam
739 1786 792 1818 vel
815 1786 906 1819 evel-

234 1838 301 1871 lere
314 1850 322 1878 ;
333 1838 425 1871 idem
435 1839 539 1872 etiam
550 1840 737 1870 intercidere
747 1838 831 1884 quid
842 1839 906 1872 sibi

234 1890 313 1923 velit
327 1916 334 1930 ‚
359 1891 459 1924 facile
478 1891 645 1936 intelliget
657 1916 665 1931 ‚
683 1891 849 1924 nimirum
864 1891 907 1924 de

235 1943 490 1977 commentariis
508 1944 592 1976 hinc
611 1942 694 1976 inde
709 1943 841 1989 aliquid
855 1958 908 1977 ex—

234 1996 348 2029 cidere
375 2003 408 2029 et
425 1997 524 2042 quasi
546 2003 697 2029 castrare
711 2021 719 2036 ‚
739 1996 833 2041 quod
852 1997 906 2029 hic

236 2050 314 2081 fecit
335 2049 524 2089 Atticinus,
546 2057 620 2081 tum
640 2056 676 2080 ut
699 2050 826 2094 scripto
844 2062 907 2082 suo

234 2101 454 2134 convinceret
474 2100 517 2133 de
532 2101 743 2146 quibusdam
759 2103 908 2136 Bruttia·

234 2165 338 2194 num,
355 2162 428 2185 tum
449 2162 486 2186 ut
502 2153 670 2198 probandi
684 2153 842 2199 quaedam
858 2154 907 2187 fa-

235 2205 395 2237 vultatom
412 2205 461 2237 illi
479 2205 656 2239 adimeret.
675 2206 728 2239 Sic
748 2207 908 2240 utebatur

974 1417 1139 1450 adversus
1152 1418 1303 1451 amicum
1320 1417 1465 1449 crimine
1479 1427 1540 1448 suo
1552 1439 1560 1454 ,
1578 1414 1644 1446 hoc

974 1479 1042 1510 est,
1060 1471 1294 1504 instrumentis
1306 1495 1314 1509 ‚
1329 1481 1404 1514 quae
1418 1467 1561 1513 produci
1574 1479 1646 1500 non

973 1531 1152 1567 poterant,
1173 1523 1256 1568 quin
1277 1520 1422 1567 perfidia
1444 1521 1550 1565 ipsius
1576 1531 1645 1552 una

973 1576 1199 1620 proferretur.
1215 1575 1257 1607 G.

1022 1628 1054 1661 5.
1074 1632 1120 1659 De
1136 1630 1277 1659 Atticino
1289 1628 1482 1669 [terrogavit.
1502 1625 1646 1659 Senten-

971 1681 1034 1713 tias
1048 1689 1080 1713 et
1094 1681 1261 1725 suffragia
1276 1679 1429 1711 omnium
1444 1690 1461 1711 a
1479 1676 1589 1722 primo
1602 1675 1648 1708 ad

972 1733 1133 1765 ultimum
1149 1732 1302 1777 rogavit,
1319 1739 1355 1763 ut
1367 1730 1553 1764 damnatus
1567 1736 1646 1762 ante

972 1786 1141 1818 Atticinus
1152 1788 1222 1831 jam
1237 1785 1411 1817 neminem
1427 1811 1435 1825 ‚
1457 1782 1521 1815 nisi
1534 1781 1644 1814 fortu-

972 1852 1035 1872 nas
1055 1852 1133 1872 suas
1153 1846 1184 1871 et
1204 1837 1314 1870 scelus
1334 1847 1496 1869 accusare
1517 1840 1643 1879 posset.

973 1891 1015 1924 G.
1034 1912 1076 1915 —
1091 1892 1188 1923 Rom.
1210 1895 1256 1922 De
1270 1891 1435 1921 Attacinio
1451 1887 1644 1930 pronuntia-

975 1947 1027 1977 vit.
1043 1944 1086 1977 H.

1021 2010 1054 2042 7.
1076 2000 1143 2028 Nec
1168 1998 1318 2038 cuiquam
1344 1995 1421 2024 satis
1439 1993 1542 2036 fidas.
1565 1990 1643 2022 Non

974 2058 1059 2095 puto
1072 2062 1158 2094 opus
1171 2061 1243 2082 esse
1255 2074 1263 2087 ‚
1279 2055 1315 2080 ut
1328 2048 1405 2078 satis
1418 2044 1474 2076 hic
1487 2043 1643 2076 dicamus

976 2102 1066 2135 idem
1078 2100 1252 2148 essequod
1262 2101 1361 2132 valde.
1372 2111 1384 2131 x
1394 2098 1424 2130 el
1434 2098 1525 2128 nimis
1536 2094 1642 2129 adeo:

974 2168 1017 2187 ne
1030 2157 1136 2199 fidas,
1152 2160 1318 2198 quantun·
1339 2153 1416 2183 sati,-
1430 2156 1477 2183 est
1493 2147 1536 2181 ad
1553 2148 1618 2180 hoc
1632 2172 1642 2186 ‚

977 2215 1011 2239 nt
1027 2207 1167 2242 fallaris.
1183 2207 1226 2239 G.

734 2386 756 2390 e<
769 2377 1066 2397 --ψ--ω-ἥιπ-ζὶιει-ιιψΔ
1119 2387 1140 2391 --
1182 2388 1189 2389 ff
