1742 2989
543 211 882 255 EPISTOLA
919 214 1085 256 XXII.
1457 213 1508 257 61

131 336 1480 350 mmmmmflsmmwsmmzxsnxmmmmmmmztvsmu
1486 340 1502 350 t

701 470 922 527 XXII.

116 634 324 679 Aristonis,
343 647 456 683 quem
482 632 630 679 laudat,
663 632 842 670 diuturna
864 633 1079 670 valetudine
1108 634 1145 670 in
1174 634 1268 671 urbe
1296 648 1335 671 se
1360 634 1519 671 detineri

167 698 308 735 scribit.
341 701 385 735 In
410 698 537 734 amicis
568 697 766 734 laudandis
789 710 866 734 non
889 711 1037 748 semper
1059 697 1106 734 ab
1129 697 1349 748 hyperbolis
1373 698 1518 736 abhor-

166 763 283 799 ruisse
307 776 354 799 ex
373 763 436 798 illa
455 762 615 812 epistola
635 771 804 812 apparet.
830 765 897 800 En.

274 902 314 931 c.
353 901 585 930 PL1N1us
619 901 856 931 CATlLlo
884 888 902 905 ²*
928 903 1147 932 SEVERO
1182 903 1286 932 suo
1323 905 1356 932 s.

178 1017 271 1060 Dm
287 1016 377 1075 jam
398 1017 443 1059 in
463 1015 572 1059 urbe
592 1014 735 1059 haereo
749 1050 760 1070 ,
780 1025 823 1058 61
842 1016 1018 1076 quidem
1039 1017 1265 1061 attonitus.
1285 1018 1517 1062 Perturbat

114 1106 182 1132 me
203 1088 334 1150 longa
354 1100 396 1132 et
416 1090 619 1150 pertinax
636 1087 840 1132 valetudo
861 1090 947 1132 Titi
967 1091 1204 1145 Aristonis,
1225 1107 1355 1150 quem
1377 1092 1520 1152 singu-

113 1161 261 1205 lariter
283 1171 324 1205 et
346 1162 482 1205 miror
504 1172 548 1205 et
569 1161 716 1222 diligo.
737 1161 858 1206 Nihil
883 1172 945 1205 est
967 1163 1083 1205 enim
1108 1162 1180 1206 illo
1202 1164 1398 1223 gravius,
1418 1181 1518 1208 san-

112 1236 224 1279 ctius
241 1270 252 1291 ‚
278 1234 447 1278 doctius
473 1252 481 1279 :
507 1245 557 1279 ut
581 1235 688 1278 mihi
715 1252 802 1278 non
830 1252 944 1278 unus
967 1235 1122 1289 1101110,
1142 1235 1216 1279 sed
1239 1235 1391 1280 litterae
1419 1238 1520 1298 ipsae

113 1324 352 1368 omnesque
372 1308 497 1351 bonae
521 1318 634 1351 artes
657 1309 700 1350 in
723 1325 811 1351 uno
835 1308 1012 1351 1101111116
1033 1325 1251 1352 51111111111111
1275 1310 1518 1370 periculum

113 1380 232 1423 adire
256 1380 501 1423 videantur.
533 1381 678 1437 Quam
706 1382 872 1441 peritus
896 1380 965 1424 ille
989 1391 1031 1424 et
1056 1382 1213 1441 privati
1233 1383 1345 1442 juris
1369 1393 1412 1426 et
1434 1401 1519 1444 pu-
1548 1403 1553 1410 ·

112 1451 233 1497 hliei!
262 1455 490 1510 Quantum
515 1470 658 1497 rerum
676 1490 687 1509 ,
713 1464 927 1514 quantuni
953 1454 1279 1515 exemplorum,
1304 1467 1519 1516 quantum

112 1527 385 1587 antiquitatis
410 1525 549 1571 tenet!
574 1527 696 1572 Nihil
724 1537 787 1570 est
813 1527 931 1588 quod
957 1528 1120 1571 discere
1147 1528 1250 1572 velis
1267 1565 1277 1583 ‚
1304 1529 1422 1589 quod
1448 1529 1519 1573 ille

112 1599 269 1643 docere
298 1617 386 1643 non
416 1601 552 1660 possit
580 1618 588 1643 ἐ
622 1600 727 1644 mihi
758 1611 874 1644 certe
892 1636 902 1656 ‚
935 1602 1105 1661 quoties
1131 1601 1292 1662 aliquid
1320 1603 1517 1646 abditum

113 1689 260 1733 quaero
275 1709 286 1729 ‚
311 1672 381 1717 ille
401 1674 631 1717 thesaurus
652 1684 728 1717 est.
755 1676 850 1717 Jam
872 1684 1035 1735 quanta
1059 1676 1334 1719 sermonibus
1354 1676 1446 1736 ejus
1465 1677 1519 1720 fi-

113 1742 206 1788 des!
233 1755 397 1805 quanta
421 1745 678 1790 auctoritas!
706 1764 838 1807 quam
863 1764 1009 1808 pressa
1032 1758 1075 1792 et
1096 1748 1253 1792 decora
1274 1748 1516 1794 cunctatio!

159 1871 271 1904 XXII.
287 1872 301 1886 *
314 1872 439 1903 Catilio.
457 1871 599 1904 Catilius
612 1872 757 1905 Severus
773 1898 781 1911 ‚

113 1924 254 1956 fortasse
265 1924 474 1956 Veronensis
488 1924 543 1957 ille
556 1950 564 1963 ,
580 1923 622 1957 de
636 1936 705 1969 quo
716 1924 782 1956 Pli-

112 1977 190 2009 nius
210 1976 339 2022 passim
359 1977 526 2022 loquitur.
549 1976 601 2010 Ad
622 1977 782 2011 consula-

849 1873 932 1905 tiam
951 1899 960 1914 ,
981 1885 1045 1906 nee
1065 1875 1177 1907 statim
1192 1899 1200 1913 ,
1220 1874 1362 1908 vixdum
1383 1877 1517 1921 cognita

854 1938 889 1957 re
904 1951 912 1965 ⁷
933 1927 1148 1971 pronuntiat.
1171 1928 1225 1960 Cf.
1248 1929 1296 1960 IX
1311 1953 1318 1967 ‚
1344 1941 1363 1971 9
1383 1954 1391 1969 ‚
1420 1943 1451 1962 2.
1472 1931 1515 1965 G.

848 1998 892 2002 ο-
924 1979 1011 2011 Puto
1041 1979 1234 2013 Gesneruin
1264 1982 1350 2013 116116
1379 1995 1517 2016 sensnm

114 2038 185 2062 tum
221 2030 414 2074 pervenisse
450 2039 592 2077 apparet
628 2044 667 2064 ex
702 2033 752 2065 VI
769 2058 778 2073 ,
848 2030 973 2064 vidisse
1002 2044 1009 2064 :
1038 2044 1118 2065 nam
1141 2033 1235 2079 quod
1262 2034 1319 2066 alii
1342 2038 1517 2068 modestam

112 2094 166 2126 ep.
188 2093 242 2125 27.
262 2081 327 2114 En.
848 2084 1033 2129 explicant,
1046 2098 1161 2118 11011116
1174 2085 1206 2118 id
1218 2086 1330 2131 ipsum
1345 2088 1517 2120 modestiae

160 2146 192 2166 2.
215 2136 444 2177 Exemplorum
454 2159 553 2167 .....
563 2139 778 2179 antiquitatis.
847 2139 1287 2184 est,premere‚reprimere
1299 2141 1516 2180 sententiam,

116 2184 287 2230 Praecipua
301 2199 383 2231 pars
398 2187 561 2220 doctrinae
575 2190 697 2223 veteris
709 2216 717 2230 ‚
732 2191 783 2224 in<

114 2238 233 2283 primis
252 2240 408 2272 oratoriae
425 2265 434 2280 ‚
461 2248 497 2273 ut
523 2242 599 2286 quis
622 2242 782 2276 historia-

113 2303 192 2322 rum
209 2315 218 2330 ‚
235 2299 267 2323 et
283 2293 394 2325 omnis
415 2293 625 2338 antiquitatis
644 2296 783 2330 scientia

115 2342 269 2388 polleret.
284 2344 361 2377 Cic.
376 2345 439 2378 Or.
454 2347 469 2378 Ι
481 2371 489 2386 ,
509 2348 526 2379 5
545 2358 552 2379 :
575 2351 723 2380 Tenenda
741 2359 785 2380 esc

115 2398 239 2428 oratori
248 2400 350 2429 omnis
362 2401 542 2441 antiquitas
551 2404 784 2442 exemplorum-

116 2460 176 2491 que
189 2451 250 2482 vis.
268 2449 309 2482 E.

161 2521 207 2526 —
220 2504 317 2543 Quod
332 2504 451 2534 discere
463 2506 553 2536 velis.
568 2503 686 2537 Plures
704 2506 785 2539 Cor-

116 2552 152 2585 tii
167 2553 247 2586 libri
261 2557 351 2597 quod
364 2557 472 2588 doceri
484 2558 576 2588 velis.
588 2556 714 2590 Placet.
730 2560 786 2590 Di-

115 2618 198 2638 tcere
212 2606 558 2652 interpretamentum
573 2608 722 2644 videtur.
747 2610 782 2645 S.

163 2661 193 2691 3.
208 2663 320 2692 Pressa
331 2685 337 2692 .
353 2685 360 2692 .
376 2686 383 2692 .
400 2663 591 2695 ‚cunctatio¹
608 2663 693 2704 Quae
707 2675 784 2708 pre-

115 2710 174 2743 mit
192 2736 200 2750 ,
225 2713 381 2758 reprimit
415 2714 618 2760 aliquandiu
651 2723 783 2748 senten-

847 2189 882 2222 id
895 2189 989 2236 quod
1006 2191 1076 2235 ipse
1091 2191 1220 2224 Plinius
1237 2205 1312 2225 inox
1331 2192 1413 2226 dicit
1427 2196 1518 2225 ltcesi-

849 2252 918 2274 tare
930 2268 936 2277 ,
959 2244 1123 2282 dubitare,
1142 2247 1326 2277 diversitate
1341 2249 1515 2279 rationum.

849 2296 964 2329 Nolim
983 2309 1045 2342 ego
1063 2310 1140 2329 cum
1161 2297 1235 2330 Giei
1247 2298 1313 2343 igio
1328 2311 1421 2331 nunc
1438 2313 1518 2332 con·

850 2348 938 2381 ferre
964 2349 1021 2382 ilia
1043 2350 1119 2382 loca
1133 2375 1141 2389 ,
1168 2350 1201 2382 in
1228 2351 1353 2395 quibus
1373 2365 1516 2393 pressum

850 2405 954 2434 stilum
964 2402 1031 2439 ‚vel
1046 2404 1370 2436 orationemveteres
1384 2403 1514 2437 dixere:

850 2455 977 2487 namin
994 2455 1047 2487 his
1063 2455 1222 2488 omnibns
1234 2481 1242 2495 ,
1259 2469 1333 2501 quar
1345 2470 1454 2499 pressa
1469 2456 1517 2488 (11-

851 2515 999 2547 cuntur,
1025 2508 1132 2553 magis
1162 2508 1363 2541 brevitatem
1381 2533 1389 2548 ‚
1412 2509 1517 2554 copiae

850 2568 883 2593 et
914 2559 1134 2593 abundantiae
1165 2562 1356 2606 oppositam
1374 2586 1382 2601 ‚
1411 2574 1517 2606 quain

851 2613 1067 2653 modestiam,
1080 2612 1269 2646 declarant.
1282 2614 1335 2646 Cf.
1349 2626 1423 2659 quae
1435 2613 1518 2646 dixi-

850 2678 926 2699 mus
940 2665 982 2699 ad
998 2679 1051 2710 ep.
1078 2669 1137 2706 16,
1155 2673 1186 2705 4.
1208 2667 1248 2698 κζ.

896 2739 940 2743 -—
960 2723 1072 2751 Pressa
1087 2729 1119 2750 et
1133 2721 1250 2751 decora
1267 2721 1429 2751 cunctatio
1448 2732 1514 2753 non
