1757 2880
662 93 1043 137 SCHAEFERL
1499 103 1554 129 xv

208 202 448 243 Hactenus
481 193 819 254 Heusingerus.
857 192 927 235 De
958 189 1074 232 meis
1112 188 1160 231 in
1199 186 1401 230 Plinium
1433 186 1558 230 notis

146 297 243 327 non
264 277 419 323 habeo
443 274 573 338 quod
597 273 886 337 praeloquar,
912 271 1001 315 nisi
1023 279 1076 314 ut
1099 269 1299 314 lectores
1323 266 1558 321 obtester,

145 361 416 408 humaniter
439 357 773 418 benevoleque
798 353 1103 399 meminerint
1129 367 1323 396 summa²
1351 350 1560 412 trepida-

143 445 288 490 tionis
309 458 445 496 meae,
467 440 571 502 qui,
596 437 661 483 nil
687 437 778 482 tale
802 437 962 481 animo
983 434 1262 497 praecipiens
1286 433 1564 495 imparatus-

146 543 265 589 que,
296 524 355 569 ad
385 523 591 568 alienum
619 520 865 583 negotium
895 515 1242 563 absolvendum
1272 514 1561 560 accesserim.

146 612 340 653 Factum
369 614 437 650 est
468 604 555 649 hac
585 604 685 666 ipsa
711 601 1052 665 trepidatione,
1080 608 1133 644 ut
1163 598 1251 643 alia
1281 615 1305 642 e
1335 597 1566 642 memoria

147 689 451 735 elaberentur
466 722 476 742 ,
499 686 585 730 alia
611 702 716 730 sero
739 691 1073 739 occurrerent,
1090 698 1195 744 quae
1211 697 1411 725 monere
1428 689 1473 724 et
1488 694 1567 741 po-

147 764 357 825 tuissem,
368 779 414 815 et
425 784 538 814 vero
551 768 690 813 etiam
707 765 994 811 debuissem.
1007 768 1190 809 Horum
1204 772 1405 826 partem,
1416 777 1566 823 quum

147 854 319 917 passim
334 851 393 897 ad
405 850 655 896 Addenda
670 849 1028 912 provocaverim
1039 883 1049 903 ,
1065 863 1196 893 nunc
1212 843 1464 908 supplebo.

211 936 358 999 Epist.
378 939 422 990 I,
443 934 491 988 8,
515 951 554 978 2.
580 936 813 977 Petiturus
830 947 933 976 sum
953 934 1085 974 enim.
1108 928 1328 973 Solennis
1349 926 1426 970 hic
1447 924 1567 969 ordo

148 1016 428 1073 verborum,
456 1031 603 1078 quem
633 1013 944 1059 vehementer
978 1012 1127 1055 miror
1163 1009 1373 1072 Gierigio
1405 1007 1568 1070 displi-

149 1116 255 1144 cere
280 1099 506 1162 potuisse.
536 1099 625 1141 Tot
647 1096 749 1157 ejus
777 1093 992 1157 exempla
1014 1094 1142 1138 enim
1166 1093 1216 1136 in
1241 1091 1434 1153 optimis
1455 1090 1572 1134 scri-

149 1182 367 1244 ptoribus
410 1188 694 1234 occurrunt,
731 1187 783 1222 ut
825 1177 1050 1232 alterum,
1087 1174 1146 1219 ab
1182 1173 1263 1218 illo
1300 1172 1571 1235 praelatum,

150 1279 287 1307 aures
327 1267 551 1307 Romanae
586 1275 752 1323 parum
791 1257 1020 1321 probasse
1056 1255 1321 1300 videantur.
1364 1254 1410 1298 Si
1449 1252 1571 1297 forte

149 1343 362 1397 dubitas,
392 1360 452 1387 en
480 1341 659 1387 nubem
692 1340 1023 1403 exemplorum
1046 1356 1054 1382 ε
1085 1340 1295 1400 AEquutc'
1319 1346 1423 1380 sunt
1448 1339 1572 1379 enim

150 1425 267 1470 Plin.
289 1429 513 1487 Panegyr.
532 1426 680 1479 XXV,
704 1441 754 1478 23
778 1422 894 1466 Alia
917 1433 984 1465 est
1007 1424 1128 1465 enim
1152 1420 1246 1464 Cic.
1271 1418 1330 1463 de
1352 1421 1483 1463 Orat.
1506 1419 1572 1473 II,

154 1507 229 1563 25,
249 1517 294 1553 et
309 1510 473 1553 Senec.
499 1507 634 1568 epist.
659 1506 735 1567 89,
755 1507 832 1560 143
854 1507 1093 1549 Αηίιηίεεῖ
1110 1505 1234 1547 enlm
1252 1502 1348 1546 Cic.
1364 1499 1422 1545 de
1440 1503 1571 1545 Orat.

152 1593 244 1644 III,
279 1588 364 1651 593
392 1586 602 1634 Facilius
631 1598 699 1632 est
727 1591 851 1631 enim
885 1587 982 1631 Cic.
1017 1585 1075 1630 de
1107 1588 1236 1629 Orat.
1275 1587 1343 1637 II,
1374 1585 1458 1636 443
1484 1584 1577 1625 Ηίσ

153 1683 222 1717 θεῖ
249 1675 374 1715 enim
403 1674 568 1715 Senec.
599 1671 733 1731 epist.
765 1670 847 1725 82,
886 1686 954 1721 11,
976 1677 1021 1712 et
1046 1669 1130 1728 94,
1160 1665 1237 1727 693
1269 1668 1486 1709 Homz'm's
1512 1673 1579 1708 est

152 1758 273 1798 enim
290 1752 406 1797 Plin.
426 1753 702 1814 epist.V[Il,
732 1752 801 1806 16,
821 1754 868 1806 43
885 1747 1175 1795 Incredibile
1192 1752 1391 1792 estem'm
1406 1747 1499 1792 Cic.
1520 1744 1578 1790 de

152 1920 260 1971 XX,
284 1916 326 1962 3.
357 1916 458 1977 (Sic
486 1916 613 1959 euim
640 1912 706 1958 ibi
725 1930 781 1958 ex
800 1912 933 1957 libris
958 1912 1143 1974 scriptis
1165 1910 1401 1972 editisque
1422 1909 1576 1972 pluri-

154 1996 246 2042 bus
273 1997 543 2060 legendum.
575 1997 798 2041 Deterior
825 1995 944 2040 alter
968 1993 1110 2050 ordo,
1128 2002 1347 2056 repertus
1368 1990 1427 2036 al)
1451 1995 1489 2036 J.
1511 1992 1575 2035 M.

158 2080 456 2142 Heusingero
478 2080 527 2124 in
551 2077 676 2123 libro
696 2076 998 2133 Coloniensi,
1016 2074 1313 2121 Incredibilis
1336 2078 1459 2119 enim
1478 2072 1578 2129 est)

158 2156 520 2222 Indulgendum
545 2171 612 2206 est
634 2165 759 2206 enim
788 2163 953 2205 Senec.
985 2160 1117 2221 epist.
1146 2160 1252 2214 104,
1283 2156 1336 2213 33
1362 2159 1579 2218 Ingenio-

158 2247 254 2286 εἷο]Ί
280 2253 345 2286 θεῖ
366 2248 488 2287 enim
513 2244 630 2288 Plin.
660 2247 886 2305 Panegyr.
914 2245 1010 2297 LV,
1035 2259 1087 2297 23
1116 2244 1335 2303 Longum
1368 2249 1435 2283 est
1459 2240 1580 2281 enim

159 2325 252 2368 Cic.
286 2323 344 2368 de
376 2327 506 2369 Orat.
538 2329 606 2382 ΙΙ,
640 2342 730 2387 273
762 2328 923 2369 Minus
951 2334 1019 2369 est
1049 2328 1173 2368 enim
1205 2322 1320 2366 Plin.
1353 2324 1577 2384 Panegyr.

160 2407 467 2460 LXXXVIII,
500 2423 554 2468 73
587 2410 791 2453 Naturae
819 2417 887 2450 est
906 2409 1029 2450 enim
1051 2408 1215 2450 Senec.
1247 2405 1383 2467 epist.
1412 2421 1496 2464 90,
1530 2401 1580 2453 ὃς

164 2485 392 2530 Naturale
418 2497 486 2530 est
514 2492 638 2532 enim
667 2489 786 2533 Plin.
823 2489 940 2548 epist
965 2490 1052 2543 IV,
1094 2504 1164 2542 ν,
1199 2486 1250 2539 33
1283 2489 1485 2531 Necesse
1519 2495 1588 2528 esc

163 2572 287 2613 enlm
313 2569 408 2614 Cic.
442 2569 576 2631 epist.
621 2567 679 2613 ad
712 2569 813 2613 Aul.
847 2571 1145 2631 Torquatum
1173 2571 1261 2617 VI,
1305 2586 1355 2617 2;
1392 2566 1449 2612 ad
1477 2566 1581 2611 Aul.
