1742 2989
160 210 245 256 138

568 213 617 254 C.
655 211 881 254 PLINII
915 210 1041 253 LIB.
1077 211 1143 252 II.

87 305 126 344 14
153 290 308 336 millies
333 302 377 335 et
401 292 627 336 ducenties
652 292 922 336 habiturum.
950 293 1008 336 Et
1039 290 1244 345 habebit,
1275 289 1310 333 si
1336 286 1491 343 modo,
1512 297 1561 331 ut

151 365 309 426 coepit,
327 363 467 409 aliena
488 374 748 409 testamenta
765 399 777 421 ‚
796 364 916 426 quod
937 373 1003 409 est
1026 360 1400 424 improbissimum
1423 375 1560 421 genus

151 438 269 493 falsi,
301 438 427 499 ipsis,
459 454 649 499 quorum
682 448 786 482 sunt
807 437 907 495 illa,
935 436 1175 482 dictaverit.
1194 433 1317 480 Vale.

150 574 226 619 gius
245 580 320 606 tum
337 571 468 620 reliqua
483 597 492 614 ‚
509 580 584 607 tum
600 572 723 607 laudat
741 573 821 606 Val.

150 626 242 660 Max.
267 627 306 666 I,
330 628 375 667 6,
400 640 434 671 9.
460 625 552 660 Add.
578 626 649 660 Jul.
674 627 760 660 Obs.
780 625 824 659 de

150 678 286 725 prodig.
308 691 384 724 129.
411 679 454 713 G.
475 700 521 705 —-
538 681 637 713 Rom.
664 681 823 712 Invenisse

149 744 181 763 se
193 741 272 764 exta
285 733 445 775 duplicia,
461 734 575 775 quibus
583 734 747 775 portendi.
763 731 808 764 H.

201 788 254 824 14.
278 787 384 817 Genus
391 786 488 829 falsi.
500 785 592 830 Lege
606 783 768 818 Cornelia
782 783 824 817 de

150 836 247 869 falsis
264 843 398 870 tenetur
412 850 446 871 v.
466 849 500 882 g.
515 837 576 883 qui
590 837 655 871 sibi
669 837 704 870 in
720 844 824 871 testa-

150 895 267 921 mento
287 889 429 922 alterius
455 888 590 935 aliquid
615 889 798 935 adscripsit
814 913 823 929 ‚

149 940 244 985 quod
262 941 377 974 lnultae
396 941 650 975 Pandectarum
672 941 764 988 leges
783 942 819 974 h.

150 1001 173 1025 t.
195 992 321 1026 docent
341 1005 348 1026 :
371 993 454 1028 add.
473 994 542 1027 Tit.
563 994 650 1028 Cod.
674 994 718 1028 de
742 995 798 1028 his
812 1020 820 1035 ‚

150 1046 211 1090 qui
230 1046 293 1078 sihi
311 1045 514 1081 adscribunt
531 1047 567 1080 in
585 1054 720 1081 testam.
744 1046 822 1081 vide

149 1098 201 1131 Jo.
220 1098 295 1133 Jac.
326 1099 495 1134 Mascovii
515 1099 558 1133 de
585 1100 651 1134 hac
674 1113 711 1134 re
730 1099 819 1146 disp.

889 572 984 618 Lips.
1015 571 1114 616 1731.
1142 569 1351 616 Indignatur
1373 568 1478 614 igitur
1501 568 1561 601 Se-

890 624 1046 666 cundus,
1065 636 1137 657 non
1155 622 1279 658 eadem
1302 633 1403 668 poena
1428 621 1562 660 teneri,

890 678 951 724 qui
982 676 1138 712 testatori
1170 675 1351 709 dictaverit
1380 680 1562 707 testamen-

890 738 978 764 tum.
992 729 1059 765 Sed
1073 729 1168 763 hunc
1181 728 1329 763 absolvit
1342 727 1366 760 l.
1382 726 1484 760 XXII
1495 750 1505 766 ‚
1520 725 1560 758 C.

890 783 933 817 de
948 782 1174 817 testamentis.
1193 798 1209 811 α
1220 779 1437 815 Dictantibus
1459 784 1563 811 testa-

890 843 1021 870 menta.
1039 857 1045 868 ο
1063 860 1069 867 .
1085 859 1092 867 .
1109 835 1275 880 legatum.
1291 858 1299 866 .
1315 858 1322 865 .
1339 858 1345 865 .
1363 837 1563 865 testatorem

890 901 989 935 posse
1004 887 1201 933 relinquere
1217 912 1226 928 ,
1244 886 1387 919 minime
1401 883 1563 917 dubitan-

890 941 975 975 dum
998 947 1060 974 est.
1088 940 1220 973 Caussa
1244 936 1449 972 diversitatis
1475 935 1563 967 forte

888 994 961 1027 haec
974 1000 1023 1027 est
1039 1017 1048 1033 ‚
1067 991 1162 1038 quod
1187 991 1377 1024 dictantem
1400 987 1496 1022 audit
1512 993 1564 1019 te-

888 1054 995 1080 stator
1007 1070 1016 1086 ,
1029 1057 1069 1079 ac
1082 1052 1205 1078 testem
1216 1068 1225 1084 ‚
1235 1043 1295 1089 qui
1306 1040 1420 1077 scribit
1432 1065 1441 1082 ‚
1454 1045 1566 1086 potest

889 1098 1025 1133 facilius
1042 1097 1173 1132 fallere.
1191 1095 1235 1130 G.
