1742 2989
555 228 902 270 EPISTULA
938 227 1084 270 VIII.

138 315 288 356 viram
310 311 500 355 volitare
519 325 719 371 perora.
746 310 1030 368 Quamquam
1054 305 1109 351 ο]
1129 306 1213 352 Sed
1233 307 1318 350 hoc
1338 309 1439 351 satis
1459 317 1540 363 est,

137 385 253 446 quod
280 400 415 445 prope
442 382 531 426 sola
561 383 742 426 historia
769 382 960 442 polliceri
984 381 1169 426 videtur.
1195 377 1398 424 Orationi
1424 381 1542 425 enim

137 468 178 501 et
204 457 384 502 carmini
404 472 537 517 parva
558 457 718 516 gratia,
741 456 822 499 nisi
841 454 1089 516 eloquentia
1109 456 1162 498 sit
1182 470 1349 498 summa
1371 470 1379 497 :
1402 453 1542 497 histo-

1449 242 1535 286 293·

138 533 200 574 ria
238 547 414 592 quoquo
446 529 577 573 modo
613 531 774 590 scripta
811 529 1011 573 delectat.
1045 531 1157 573 Sunt
1193 529 1310 571 enim
1341 527 1542 570 homines

138 613 296 646 natura
317 603 497 657 curiosi,
533 612 575 646 et
593 602 832 662 quamlibet
868 603 985 646 nuda
1021 619 1165 646 rerum
1203 602 1454 662 cognitione
1470 617 1543 644 ca-

137 677 346 736 piuntur,
374 685 423 719 ut
452 677 525 736 qui
556 675 844 720 sermunculis
873 676 1003 719 etiam
1036 674 1292 735 fabellisque
1312 674 1543 718 ducantur.

136 752 210 793 Me
241 766 342 792 vero
377 748 430 792 ad
466 749 549 792 hoc
589 748 782 792 studium
831 749 1017 810 impellit
1049 750 1333 793 domesticum
1368 764 1544 808 quoque

136 821 396 883 exemplum.
432 822 687 866 Avunculus
722 839 872 876 meus,
909 823 1109 883 idemque
1151 839 1228 882 per
1263 821 1544 881 adoptionem

135 906 281 957 paler,
302 897 521 947 historias,
542 907 583 940 et
602 897 778 957 quidem
799 896 1141 956 religiosissime,
1160 897 1345 955 scripsit.
1360 895 1546 938 Invenio

135 981 282 1014 autem
315 971 429 1031 apud
458 971 700 1031 sapientes,
728 970 1082 1013 honestissimum
1109 986 1199 1012 esse
1224 968 1442 1027 majorum
1472 984 1546 1010 ve-

138 1045 264 1104 stigia
296 1045 439 1105 sequi⁷
469 1045 502 1088 si
532 1044 663 1087 modo
689 1054 806 1087 recto
834 1044 987 1086 itinere
1016 1043 1326 1103 prcecesserint.
1351 1043 1442 1085 Cur
1466 1057 1546 1101 ego
1583 1063 1592 1075 κ

805 1133 954 1160 oraves
992 1133 1176 1159 caussas.
1220 1117 1308 1158 Has
1347 1114 1544 1175 (etiamsi

803 1152 827 1177 t>

136 1189 244 1231 mihi
270 1191 411 1233 tenuis
438 1207 488 1233 ex
514 1191 574 1233 eis
601 1189 721 1250 spes)
750 1190 919 1233 destino
947 1199 1199 1242 retractare,
1226 1206 1279 1231 ne
1304 1198 1451 1231 tantus
1479 1187 1548 1231 ille

137 1116 350 1160 cunctor?
382 1117 463 1178 Egi
501 1133 682 1178 magnas
720 1127 762 1160 et

137 1260 260 1304 labor
287 1279 429 1317 meus⁷
452 1263 495 1305 ni
522 1263 630 1315 hoc,
657 1263 775 1323 quod
804 1262 1021 1323 reliquum
1041 1272 1103 1306 est
1129 1262 1287 1315 studii,
1314 1261 1548 1314 addidero,

137 1349 307 1376 mecum
340 1335 503 1394 pariter
535 1336 780 1380 intercidat.
817 1338 931 1379 Nam
968 1337 1001 1379 si
1037 1337 1251 1379 rationem
1283 1335 1549 1395 posteritatis

137 1405 321 1460 habeas,
351 1408 567 1468 quidquid
604 1426 692 1451 non
727 1413 789 1452 est
825 1419 1074 1469 peractum,
1106 1426 1187 1468 pro
1218 1426 1307 1451 non
1342 1409 1549 1452 inchoato

137 1488 214 1521 est.
235 1480 386 1534 Dices,
410 1482 544 1524 Potes
566 1481 703 1525 simul
720 1494 762 1526 el
791 1483 1023 1526 rescribere
1051 1486 1252 1526 actiones
1267 1516 1278 1535 ,
1299 1493 1343 1525 et
1369 1498 1547 1542 compo-

137 1567 239 1594 nere
264 1552 507 1597 historiam.
530 1552 732 1598 Utinaml
756 1556 827 1599 sed
855 1565 1092 1616 utrumque
1118 1566 1206 1599 tam
1233 1572 1441 1615 magnum
1463 1566 1525 1598 est
1540 1591 1549 1607 7

135 1634 186 1667 ut
211 1625 384 1670 abunde
409 1627 465 1670 sit
486 1627 670 1671 alterum
696 1629 881 1673 efficere.
911 1629 1246 1672 Undevicesimo
1272 1629 1409 1672 aetatis
1435 1644 1551 1671 anno

142 1788 215 1828 III,
231 1789 263 1821 8.
283 1788 492 1822 «Tentanda
513 1790 566 1822 via
585 1798 654 1829 est,
675 1803 740 1835 qua
758 1804 813 1823 me

143 1854 283 1886 quoque
313 1842 439 1887 possim
465 1842 584 1875 tollere
620 1843 748 1882 humo,
768 1845 814 1876 vi-

141 1902 285 1939 ctorque
308 1895 419 1927 virum
439 1895 581 1928 volitare
602 1908 662 1940 per
681 1909 753 1929 ora.
766 1896 810 1929 G.

188 1967 232 1972 ——
246 1950 450 1990 Quamquam
461 1954 498 1980 o!
513 1949 662 1993 Elegans
678 1950 813 1995 aposio-

142 2000 230 2044 pesis
243 1999 361 2032 itidem
373 2000 567 2045 Virgiliana
582 2027 590 2041 ,
603 2001 695 2046 apud
709 2014 813 2047 quem

143 2053 275 2091 AEn.V‚
292 2053 353 2096 195
368 2078 375 2092 ‚
391 2053 613 2087 Mnestheus:
628 2073 642 2083 «
654 2056 731 2087 Non
742 2056 815 2100 jam

143 2117 254 2149 prima
280 2113 381 2150 peto,
401 2119 514 2152 neque
539 2108 674 2140 vincere
696 2116 813 2148 certo;

145 2157 366 2202 Quamquam
403 2171 440 2191 0.
455 2184 462 2190 .
480 2185 484 2189 .
526 2159 592 2193 Sed
629 2169 791 2205 superent
806 2186 814 2199 ‚

144 2209 269 2254 quibus
287 2209 350 2242 hoe
363 2236 371 2250 ‚
391 2212 553 2256 Neptune
567 2238 575 2252 ,
590 2212 724 2246 dedisti.
741 2230 754 2241 »
769 2214 817 2245 Si-

144 2261 270 2294 militer
290 2263 413 2296 Noster
427 2289 436 2304 ,
467 2272 543 2309 post
576 2266 790 2311 aposiopesin
807 2291 814 2302 ,

144 2318 201 2346 sed
215 2317 273 2346 hoc
291 2318 368 2348 satis
388 2327 451 2354 est,
474 2317 636 2351 nimirum
657 2321 816 2350 diuturni-

145 2378 214 2405 tas,
246 2378 277 2399 et
301 2372 453 2400 memoria
471 2373 682 2411 posteritatis.
709 2371 752 2404 G.
771 2392 815 2396 —

143 2421 243 2453 Rom.
258 2424 460 2464 Quamquam
470 2425 658 2455 oJSedsacis
669 2434 729 2461 est,
744 2424 816 2456 sine

146 2476 215 2505 hoc.
229 2473 273 2506 H.

191 2546 236 2550 —-
249 2529 397 2558 Orationi
410 2529 491 2558 enim
506 2538 535 2559 et
551 2531 698 2561 carmini.
715 2531 812 2562 Rom.

148 2580 298 2610 Orationi
312 2589 341 2610 et
359 2582 506 2612 carmini.
528 2581 629 2613 Deest
651 2585 745 2615 enim.
768 2583 811 2616 H.

147 2651 190 2654 --—
208 2633 281 2663 Nisi
300 2634 482 2674 eloquentia
503 2636 545 2665 sit
562 2647 695 2667 summa.
715 2638 813 2669 Rom.

155 2684 218 2714 Visi
232 2686 413 2726 eloquentia
427 2696 472 2717 est
486 2700 618 2719 summa.
630 2687 674 2720 H.

199 2740 225 2776 'l-
252 2739 293 2768 Et
317 2741 491 2779 quamlibet
515 2742 615 2772 nuda.
651 2742 746 2773 Rom.
779 2745 818 2773 lit

879 1794 1022 1833 qnalibet
1038 1794 1137 1824 nuda.
1156 1790 1235 1823 Ald.
1249 1799 1364 1824 tamen
1377 1816 1385 1831 ,
1399 1801 1430 1822 et
1447 1805 1550 1834 quam

879 1846 962 1876 libet.
977 1844 1021 1876 H.

924 1917 969 1921 —-
984 1899 1198 1929 Domesticmn
1217 1910 1343 1940 quoque
1362 1898 1551 1938 exemplum.

879 1951 962 1982 Rom
970 1976 976 1982 .
987 1952 1201 1982 Domesticnm
1212 1952 1389 1992 exemplum
1398 1949 1469 1981 sine
1477 1962 1552 1992 quo-

880 2016 950 2045 qlle.
969 2002 1012 2035 H.

929 2056 961 2089 5.
980 2056 1140 2086 Historias
1150 2079 1156 2086 .
1170 2081 1176 2087 .
1189 2057 1337 2098 .scripsit.
1350 2053 1433 2086 Vid.
1449 2066 1524 2099 supi
1534 2066 1552 2086 a

881 2107 956 2147 III,
978 2107 1080 2148 5,.4,
1103 2120 1154 2152 sq.
1173 2108 1216 2139 G.

928 2162 961 2193 6.
986 2163 1048 2192 Cur
1066 2173 1123 2204 ego
1139 2186 1146 2197 ‚
1169 2168 1234 2193 etc.
1256 2162 1354 2192 Rom.
1382 2163 1444 2191 Cur
1471 2162 1552 2191 enim

883 2226 978 2255 qllllln
992 2223 1039 2244 [oc
1048 2215 1239 2256 eg'ilnllg'llls
1250 2223 1400 2256 ‘'fg''aVes
1410 2226 1550 2244 caussas.

883 2265 961 2298 Ald.
986 2268 1043 2297 Cui
1061 2279 1135 2309 ergo
1154 2276 1287 2298 cunctor
1297 2272 1313 2296 .³
1332 2267 1402 2307 Egi.
1424 2266 1467 2297 Π.

929 2339 973 2343 —-
989 2321 1100 2350 Tenuis
1115 2332 1156 2351 ex
1171 2321 1211 2350 eis
1231 2332 1309 2362 spes.
1325 2320 1421 2350 Rom.
1444 2320 1554 2348 Tenuis

882 2385 924 2403 ea·
942 2373 989 2403 lais
1007 2384 1087 2414 spes.
1109 2372 1153 2405 H.
1169 2393 1214 2396 ——
1231 2375 1370 2403 Mecum.
1388 2396 1394 2401 .
1412 2372 1555 2401 amerci-

883 2427 953 2456 dat.
980 2424 1022 2456 Et
1048 2432 1163 2457 tamen
1194 2422 1378 2457 intercidit.
1417 2423 1554 2454 Poteras

883 2477 996 2522 itaque
1012 2502 1020 2516 ‚
1039 2478 1196 2511 Secunde
1211 2503 1219 2517 ‚
1240 2484 1407 2523 quantum
1428 2474 1470 2507 ad
1492 2488 1553 2507 11ος

880 2530 938 2562 illo
956 2531 1165 2564 retractandi
1182 2532 1300 2564 labore
1316 2527 1551 2574 supersedere.

879 2584 943 2617 Sed
973 2584 1171 2617 exstiterunt
1196 2593 1309 2617 taine-n
1340 2580 1552 2627 aliquamdiu

882 2644 957 2682 post
972 2637 1118 2669 Plinium
1136 2637 1317 2669 Orationes
1333 2634 1423 2667 illius
1436 2660 1443 2671 ‚
1460 2633 1551 2679 quod

883 2703 920 2722 ex
940 2690 1130 2735 Apollinari
1150 2689 1290 2723 Sidonio
1304 2696 1335 2719 et
1347 2686 1552 2720 Cassiodow

884 2751 1029 2775 constat.
1043 2742 1086 2775 G.

1570 535 1589 570 ὲκ
