1742 2989
628 221 973 263 EPISTOLA
1008 220 1113 263 XX.
1483 234 1563 278 ¹97

177 304 413 358 manifestis
439 300 520 345 illis
540 302 789 362 apertisque
811 301 1027 362 suffragiis
1050 300 1267 344 licentiam
1289 301 1565 343 concionum,

177 378 215 420 N
221 393 277 419 on
294 386 463 435 tempus
480 373 708 434 loquendi,
728 390 816 417 non
831 374 998 418 tacendi
1021 373 1229 417 modestia
1243 409 1254 429 ,
1274 372 1569 433 non'denique

176 448 351 492 sedendi
367 447 555 508 dignitas
575 446 914 490 custodiebatur.
936 447 1088 507 Magni
1109 446 1301 506 undique
1320 445 1570 506 dissonique
1599 454 1617 490 4

177 521 386 565 clamores
420 538 428 564 :
465 519 784 580 procurrebant
823 535 972 563 omnes
1012 535 1112 563 cum
1148 520 1239 563 suis
1285 518 1526 562 candidatis
1564 536 1570 559 :

176 594 313 638 multa
356 594 531 654 agmina
565 594 610 636 in
652 592 815 647 medio,
852 591 1064 652 multique
1102 590 1252 634 circuli
1294 601 1337 634 et
1370 590 1572 635 indecora

177 667 403 711 confusio:
435 666 542 710 adeo
573 665 892 710 desciveramus
920 682 943 708 a
972 664 1288 709 consuetudine
1315 673 1572 724 parentum,

176 740 293 800 apud
322 756 432 801 quos
457 740 604 783 omnia
630 738 859 799 disposita,
885 737 1132 791 moderata,
1159 736 1419 797 tranquilla,
1443 737 1573 796 maje-

176 822 331 857 statem
357 813 462 869 loci,
479 812 781 873 pudoremque
798 810 1066 856 retinebant!
1085 813 1331 872 Supersunt
1352 827 1498 871 senes,
1522 826 1572 853 ex
1603 816 1620 848 5

175 887 334 947 quibus
369 886 521 930 audire
557 885 674 929 soleo
714 886 833 929 hunc
871 885 1066 929 ordinem
1099 886 1392 929 comitiorum.
1428 886 1576 929 Citato

176 960 354 1003 nomine
383 959 628 1013 candidati,
653 958 873 1003 silentium
896 975 1130 1002 summum.
1160 959 1345 1002 Dicebat
1375 960 1465 1019 ipse
1498 975 1578 1019 pro

179 1048 224 1075 se
240 1068 250 1086 ,
275 1033 409 1075 vitam
429 1048 551 1075 suam
569 1031 840 1091 explicabat,
864 1041 993 1075 testes
1015 1042 1058 1075 ct
1075 1032 1320 1075 laudatores
1340 1032 1493 1083 dabat,
1513 1031 1578 1074 vel

177 1122 301 1161 eum,
320 1106 401 1149 sub
427 1122 515 1166 quo
545 1104 833 1159 militaverat,
851 1104 917 1147 vel
946 1121 1068 1160 eum,
1094 1107 1163 1148 cui
1196 1114 1386 1165 quaestor
1418 1104 1581 1156 fuerat,

177 1176 243 1220 vel
271 1188 530 1237 utrumque,
564 1178 598 1220 si
622 1187 793 1237 poterat
819 1194 826 1219 :
856 1177 1043 1222 addebat
1063 1178 1273 1237 quosdam
1297 1195 1347 1221 ex
1367 1177 1580 1238 suffraga—

178 1251 376 1294 toribus:
406 1249 464 1294 illi
503 1252 693 1311 graviter
729 1260 771 1294 et
809 1251 959 1311 paucis
998 1250 1316 1311 loquebantur3
1342 1250 1437 1311 plus
1473 1251 1580 1303 hoc,

177 1339 310 1383 quam
351 1339 526 1383 preces,
569 1323 787 1383 proderat.
832 1324 1167 1383 Nonnunquam
1210 1323 1467 1367 candidatus
1508 1333 1583 1366 aut

178 1395 343 1440 natales
370 1396 695 1455 competitoris,
723 1405 798 1439 aut
819 1412 979 1449 annos,
1004 1406 1080 1439 aut
1105 1397 1236 1439 etiam
1258 1412 1400 1439 mores
1425 1412 1583 1456 argue-

176 1470 250 1514 bat
268 1486 277 1512 :
300 1468 504 1513 audiebat
524 1478 698 1512 senatus
715 1469 928 1529 gravitate
947 1470 1169 1525 censoria;
1188 1470 1248 1512 ita
1267 1470 1422 1529 saepius
1441 1468 1584 1529 digni,

178 1558 311 1602 quam
341 1541 545 1602 gratiosi,
570 1540 877 1601 praevalebant.
902 1542 1012 1598 Quae
1032 1558 1151 1585 nunc
1175 1541 1409 1585 immodico
1434 1541 1584 1585 favore

177 1625 412 1676 corrupta,
437 1614 493 1658 ad
524 1615 656 1658 tacita
691 1613 924 1675 suffragia,
956 1615 1080 1675 quasi
1116 1615 1170 1658 ad
1207 1615 1479 1671 remedium,
1508 1615 1585 1659 de-

185 1697 419 1732 currerunt
437 1705 448 1743 3
470 1687 589 1748 quod
610 1687 787 1730 interim
808 1686 936 1748 plane
957 1687 1198 1731 remedium
1222 1688 1327 1732 fuit:
1356 1699 1448 1732 erat
1469 1689 1584 1732 enim

185 1776 348 1804 novum
375 1769 418 1803 et
448 1760 654 1803 subitum.
678 1760 763 1803 Sed
792 1776 971 1812 vereor,
997 1777 1051 1803 ne
1091 1760 1356 1821 procedente
1391 1771 1588 1822 tempore

186 1878 363 1908 Licentiam
375 1877 572 1908 concionum.
594 1873 716 1907 Cicero
730 1885 784 1918 ep.
801 1874 833 1905 II
844 1898 853 1913 ,

191 1940 228 1960 12
247 1953 256 1967 ,
282 1927 356 1960 init.
385 1927 430 1961 ad
453 1927 598 1961 Coelium
624 1937 631 1958 ε
654 1929 855 1958 tmnulcuosae

187 1982 364 2013 conciones.
382 1981 415 2014 S.

234 2037 266 2073 4.
286 2035 415 2076 Magni.
428 2059 434 2065 .
447 2058 452 2064 .
463 2036 626 2065 clamores.
644 2035 744 2064 Rom.
760 2048 774 2058 α
785 2031 858 2063 Ma-

188 2086 245 2130 gni
261 2085 409 2131 denique
426 2093 458 2118 et
471 2084 625 2130 undique
642 2083 773 2116 dissoni
790 2083 858 2116 cla-

190 2151 313 2171 mores.
328 2155 340 2167 >1
376 2143 479 2181 Lege,
509 2137 624 2182 magni
645 2135 800 2182 undique
827 2144 859 2168 et

190 2189 320 2224 dissoni
342 2191 521 2224 clamores.
543 2195 606 2222 Pro
626 2189 780 2234 undique
803 2190 859 2222 alii

190 2244 401 2288 scripserunt
419 2261 435 2272 κ
447 2243 605 2288 denique.
617 2259 630 2271 ο
658 2242 702 2274 Η.

239 2297 271 2328 5.
287 2299 330 2327 Et
342 2298 526 2328 laudatores
545 2298 661 2333 dabat,
678 2303 742 2328 etc.
759 2296 858 2327 Rom.

193 2353 235 2380 Ec
244 2351 426 2380 laudatores
440 2350 560 2385 dabat,
575 2350 631 2379 vel
644 2361 713 2379 eum
729 2350 784 2379 sub
799 2360 860 2390 quo

192 2403 332 2443 legatus,
353 2403 409 2432 ‘nel
420 2413 489 2431 eum
500 2426 509 2438 ,
526 2402 578 2431 cui
592 2401 858 2443 qucescorjicerat.

191 2452 295 2486 lectio
314 2452 525 2497 optimorum
549 2452 731 2484 librorum.
752 2452 795 2483 H.
817 2471 861 2475 —-

191 2504 363 2550 Gierigius
380 2512 482 2549 negat
497 2504 673 2536 latinitatis
692 2504 861 2537 rationem

192 2557 261 2602 pati
274 2560 330 2589 sub
345 2571 408 2601 quo
427 2560 571 2599 leguens‚·
591 2568 661 2601 quo
676 2556 753 2601 jure
767 2581 776 2596 ,
791 2554 862 2600 ipse

194 2608 330 2641 viderit.
354 2609 437 2642 Mox
452 2616 519 2642 tres
541 2607 678 2642 codices
698 2619 705 2640 ι
725 2611 780 2640 snb
801 2620 862 2650 quo

196 2671 335 2702 qua’stor
344 2663 467 2705 fuerat.
499 2660 604 2704 Quod
624 2669 656 2694 et
675 2661 789 2706 ipsum
806 2661 864 2694 bo—

197 2725 291 2746 num.
309 2714 341 2747 S.

967 1886 999 1917 7.
1013 1877 1091 1916 Quae
1101 1888 1195 1908 minc.
1204 1902 1211 1909 .
1219 1878 1444 1909 decurrerant.
1453 1877 1592 1910 Cicero·

921 1927 1025 1961 niana
1037 1928 1158 1973 figura,
1167 1928 1333 1975 adjuncta
1340 1937 1517 1974 ponuntur
1526 1942 1590 1975 pro

923 1980 1094 2028 subjectis.
1115 1981 1289 2015 Sententia
1309 1982 1401 2015 enim
1425 1981 1496 2015 haec
1515 1990 1565 2014 est
1581 2009 1589 2021 ,

931 2050 943 2061 u
954 2046 1029 2078 quae
1045 2046 1152 2080 quum
1170 2042 1334 2080 corrupta
1350 2042 1429 2068 sunt
1444 2060 1452 2074 ,
1472 2034 1591 2067 decur—

924 2096 1045 2121 rerunt
1072 2088 1252 2127 homines3
1272 2091 1343 2124 vel,
1367 2087 1494 2132 quibus
1520 2099 1593 2119 cor-

924 2134 1032 2179 ruptis
1057 2133 1239 2167 decursum
1271 2143 1331 2168 est.
1354 2151 1366 2162 »
1390 2135 1459 2179 Ipsi
1475 2135 1591 2180 profe-

925 2194 980 2219 cto
993 2186 1150 2220 homines
1164 2187 1314 2232 corrupti
1327 2211 1335 2226 ,
1350 2186 1592 2219 animadversa

926 2239 1061 2272 levitate
1083 2252 1143 2272 sua
1158 2264 1166 2279 ‚
1189 2239 1245 2272 cui
1271 2239 1367 2271 aliter
1385 2239 1503 2271 obsisti
1523 2251 1590 2270 non

925 2299 1060 2336 posset,
1092 2290 1319 2324 decurrerunt
1351 2291 1395 2324 ad
1426 2291 1513 2324 illud
1543 2303 1593 2322 re-

928 2343 1093 2376 medium.
1115 2347 1155 2376 G.
1176 2364 1221 2369 ——
1239 2346 1336 2377 lloni.
1360 2346 1460 2385 Quasi
1480 2345 1527 2375 acl
1543 2356 1594 2373 re-

927 2399 1064 2428 mediam
1082 2399 1336 2429 decucurrerunt.
1358 2397 1400 2428 H.
1412 2396 1574 2428 —Miror
1585 2421 1593 2435 ‚

927 2449 1081 2481 Cortium
1112 2449 1203 2483 hauc
1232 2450 1398 2488 formam,
1426 2461 1531 2494 quam
1559 2448 1594 2479 in

926 2500 1020 2533 libris
1041 2502 1110 2534 suis
1134 2503 1333 2547 reperisset,
1357 2501 1502 2546 vulgata:
1525 2513 1593 2532 non

926 2554 1126 2598 praetulisse.
1156 2554 1223 2588 Sed
1241 2554 1384 2587 omnino
1409 2553 1442 2585 in
1470 2552 1595 2585 talibus

927 2619 1049 2652 parum
1083 2615 1245 2640 constans
1276 2606 1352 2638 fuit.
1386 2605 1477 2637 Vide
1517 2618 1594 2637 eum

929 2672 962 2704 p.
981 2659 1038 2703 57‚
1054 2660 1117 2703 98,
1142 2661 1202 2693 188
1215 2685 1222 2698 ‚
1241 2672 1302 2692 202
1317 2658 1492 2699 ‚1307;Cs.
1512 2661 1596 2689 Dra-

930 2712 1032 2744 kenb.
1051 2712 1179 2744 adLiv.
1197 2714 1234 2749 I,
1259 2725 1294 2744 12
1312 2736 1319 2750 ,
1341 2710 1594 2750 8;I‚15,i.S..

1608 1333 1628 1361 (ᾧ

1611 1560 1629 1590 Nl
