1742 2989
548 180 895 223 EPISTOLA
930 181 1066 222 XXI.

1425 178 1514 224 2563

111 261 277 305 'luridus
302 270 475 315 tamen,
500 260 638 320 qualis
663 277 775 315 esse,
797 278 933 322 quum
958 261 1130 314 deficit,
1154 260 1274 304 solet.
1299 265 1518 306 Occursa-

110 334 217 377 bant
245 333 567 393 trepidantibus
593 334 740 378 adhuc
766 334 903 378 oculis
931 344 1100 377 mutata
1130 336 1306 389 omnia,
1342 335 1518 395 altoque

111 407 281 459 cinere,
307 415 516 465 tanquam
549 407 670 458 nive,
704 407 906 450 obducta.
943 407 1143 467 Regressi
1169 408 1412 463 Misenum,
1441 426 1519 451 cu-
1549 425 1589 457 19

111 479 215 521 ratis
240 487 461 538 utcunque
481 479 759 539 corporibus,
783 496 1035 540 suspensam
1058 479 1324 540 dubiamque
1346 491 1519 524 noctem

111 567 186 610 spe
219 566 269 594 ac
302 559 422 593 metu
453 552 674 611 exegimus

711 569 719 594 :
748 562 888 596 metus
918 552 1192 613 praevalebat.
1222 555 1336 596 Nam
1367 564 1409 597 et
1438 564 1522 597 tre-

113 641 210 667 mor
248 633 371 683 terrae
407 625 736 683 perseverabat,
768 636 810 669 et
842 626 1038 686 plerique
1072 626 1285 686 lymphati
1320 628 1521 671 terrificis

112 697 498 740 vaticinationibus
524 707 566 740 et
589 715 663 741 sua
691 708 735 742 et
758 699 898 743 aliena
921 699 1036 743 mala
1059 698 1412 743 ludificabantur.
1434 703 1523 744 No-

113 769 178 813 bis
209 779 355 813 tamen
384 786 438 812 ne
466 780 572 827 tunc
599 771 800 831 quidem,
824 790 1092 834 quamquam
1121 783 1164 816 et
1189 777 1379 834 expertis
1406 777 1520 834 peri·

113 843 277 897 culum,
309 853 352 887 et
383 845 762 904 exspectantibus,
789 846 977 889 abeundi
1007 846 1266 902 consilium,
1299 847 1437 891 donee
1470 848 1522 891 de

112 916 330 960 avunculo
357 918 551 961 nuntius.
577 921 678 962 Haec
696 954 706 974 ‚
734 935 1014 979 nequaquam
1042 919 1224 963 historia
1250 920 1380 980 digna
1399 955 1409 971 „
1434 937 1523 963 non

113 987 512 1050 scripturus'leges‚
534 1000 577 1033 et
599 991 700 1046 tibi,
719 991 881 1035 seilicet
902 992 976 1052 qui
998 992 1241 1052 requisisti,
1266 993 1523 1053 imputabis,
1542 1045 1546 1050 η

113 1064 146 1105 si
172 1062 304 1122 digna
332 1076 393 1105 ne*
415 1063 597 1123 epistola
625 1064 800 1124 quidem
828 1064 1107 1108 videbuntur.
1124 1064 1244 1108 Vale.

162 1196 215 1217 20.
240 1187 339 1216 Nobis
364 1195 469 1216 tamen
491 1198 529 1216 ne
552 1195 626 1217 tunc
647 1188 784 1228 quidem.

112 1236 166 1270 Sic
185 1244 218 1269 et
237 1237 335 1269 Rom.
354 1236 397 1269 H.
410 1257 456 1262 -—
470 1240 674 1281 Quamquam
687 1249 717 1270 et
731 1251 786 1270 ex-

108 1291 206 1331 pertis
217 1314 225 1329 ‚
241 1297 306 1322 etc.
322 1290 421 1322 Rom.
440 1292 634 1333 Quanquam
651 1293 787 1334 expertis

111 1343 298 1383 periculum,
318 1351 349 1372 et
361 1354 400 1373 ea
412 1345 635 1384 spectantibus.
649 1342 693 1375 H.

159 1408 201 1413 —-
225 1392 323 1425 Hoec,
349 1401 557 1431 nequaquam
584 1391 715 1421 historia
741 1391 788 1420 di-

110 1453 195 1483 gna,
219 1453 283 1472 non
305 1443 477 1484 scripturus
503 1444 594 1484 leges.
618 1441 787 1475 Gruterus

113 1492 185 1526 haec
209 1493 418 1538 interpolata
439 1501 561 1539 putat,
588 1493 788 1539 legendum-

114 1557 180 1590 que
194 1545 353 1578 brevius:
374 1545 478 1578 «Haec
499 1559 719 1593 nequaquam
738 1546 788 1579 hi-

853 1187 960 1219 storia
976 1185 1081 1231 digna
1098 1198 1105 1218 :
1126 1186 1188 1218 tihi
1207 1187 1416 1232 imputabis,
1432 1186 1459 1220 si
1478 1186 1526 1219 di-

854 1251 919 1285 gna
933 1251 1047 1284 neque
1060 1238 1204 1284 epistola
1218 1238 1439 1272 videbuntur.
1457 1255 1470 1267 »
1480 1239 1523 1272 G.

852 1291 1022 1324 ——Nimia
1037 1290 1179 1336 quidem
1199 1291 1271 1323 haec
1293 1291 1433 1324 Gruteri
1453 1292 1526 1324 bre-

853 1345 941 1377 vitas
954 1352 1022 1383 est;
1039 1343 1097 1377 sed
1110 1353 1210 1377 acute
1226 1344 1253 1376 is
1267 1352 1381 1377 tamen
1398 1345 1504 1377 sensit
1517 1369 1525 1384 ,

853 1396 969 1428 locum
983 1409 1053 1428 non
1068 1397 1150 1429 satis
1164 1395 1525 1438 emendatum.Quum

853 1461 973 1481 sensus
983 1457 1112 1494 pateat,
1123 1457 1319 1495 exspectare
1328 1462 1510 1494 possumus
1518 1475 1524 1484 .

853 1499 939 1533 dum
953 1514 992 1534 ex
1004 1502 1120 1547 aliquo
1132 1500 1261 1535 Codice
1273 1502 1326 1534 vel
1335 1501 1429 1536 edito
1439 1502 1527 1535 libro

854 1554 993 1587 saniora
1009 1554 1233 1599 proferantur
1246 1555 1286 1587 E.

131 1672 1328 1686 ιιὶνινννιΜνκαιΜινυνιιιιιικνιιηὶνιννιννιννινιςνγιιικπηκιιι
1334 1678 1345 1686 ι
1351 1678 1364 1686 ι
1370 1677 1466 1686 xxxx*
1474 1678 1487 1686 =

723 1793 908 1849 XXI.

120 1933 283 1983 Verginii
303 1935 466 1971 Romani
488 1933 718 1983 probitatem
742 1943 779 1970 et
798 1935 1010 1972 doctrinam
1023 1965 1032 1980 ‚
1052 1939 1260 1986 praesertim
1283 1939 1320 1973 in
1344 1939 1521 1975 comoedia

624 1997 846 2045 scribenda,
870 1999 1008 2035 laudat.

388 2125 429 2153 c.
468 2124 704 2153 PLINIUS
740 2125 986 2155 CANINIO
1023 2114 1041 2130 ⁴

177 2231 280 2273 SUM
307 2245 360 2271 ex
388 2229 464 2282 iis,
498 2230 572 2289 qui
604 2229 737 2272 mirer
765 2231 969 2291 antiquos

1077 2128 1180 2156 SUO
1215 2129 1247 2157 S.

997 2249 1005 2274 :
1038 2249 1126 2276 non
1154 2243 1298 2277 tamen
1315 2270 1325 2287 ,
1352 2245 1397 2278 ut
1423 2238 1524 2295 qui—

114 2302 238 2354 dam,
261 2310 510 2360 temporum
536 2311 788 2345 nostrorum
814 2304 988 2363 ingenia
1012 2305 1216 2366 despicio.
1232 2309 1386 2367 Neque
1406 2310 1520 2350 enim

156 2421 267 2454 XXL*
278 2421 327 2453 De
336 2422 472 2452 Caninio
481 2433 513 2452 v.
522 2419 567 2453 ad
576 2422 602 2460 I,
613 2434 666 2466 ep.
678 2422 709 2454 3.
723 2422 786 2454 Eo.

164 2485 177 2505 ι
187 2499 193 2505 .
210 2476 283 2503 Sum
298 2486 338 2504 ex
352 2474 407 2510 iis,
425 2474 596 2514 quimirer.
610 2473 688 2505 Haec
707 2474 788 2506 ferri

114 2537 182 2558 non
195 2533 353 2570 possunt.
368 2526 452 2569 Leg.
464 2528 537 2556 Sum
549 2537 590 2556 ex
604 2527 654 2565 iis,
667 2527 724 2568 qui
733 2527 789 2557 mi-

116 2587 238 2610 rantur.
251 2577 415 2622 Neglecta
430 2590 448 2609 a
463 2577 609 2609 librariis
621 2602 629 2616 ,
646 2576 677 2609 id
693 2576 788 2622 quod

116 2629 238 2663 millies
265 2629 409 2669 accidit,
430 2637 511 2662 nota
533 2630 788 2662 terminationis

117 2694 155 2711 m·
170 2681 263 2723 (vid.
285 2682 461 2715 Drakenh.
489 2681 530 2715 ad
552 2682 625 2714 Liv.
643 2682 671 2714 Χ
687 2708 696 2722 ,
723 2694 762 2714 ω
780 2710 785 2715 .

860 2428 903 2467 ι),
918 2432 1059 2470 tumque
1074 2428 1201 2459 extritis
1217 2427 1322 2459 literis
1338 2439 1411 2466 ant,
1429 2429 1522 2473 quod

855 2472 1051 2516 proximum
1071 2474 1277 2507 vocabulum
1298 2474 1419 2507 iisdem
1442 2475 1524 2508 inci-

856 2533 971 2570 peret,
987 2526 1214 2559 mit-relictum
1230 2526 1406 2571 imperitus
1418 2527 1523 2559 homo

855 2577 1024 2623 explicare
1062 2579 1105 2611 ita
1139 2587 1282 2612 conatus
1316 2586 1384 2619 est,
1410 2587 1445 2611 ut
1472 2582 1527 2613 Se·-

856 2630 970 2663 cundo
991 2632 1219 2665 soloecismum
1240 2631 1454 2665 obtruderct.
1474 2634 1506 2666 S.

911 2703 945 2707 μ
964 2686 1071 2725 Neque
1099 2686 1180 2714 euim
1209 2686 1319 2724 quasi.
1343 2691 1406 2716 etc.
1427 2686 1525 2718 Rom.

1551 715 1591 735 2«)
