1742 2989
549 211 897 253 EPISTULA
932 212 1097 253 XVII.

1444 228 1528 270 ¹25>

127 294 270 337 durat.
297 295 420 336 Mare
445 307 536 334 non
565 307 668 334 sane
695 292 897 351 pretiosis
922 292 1114 352 piscibus
1140 291 1334 335 abundat
1356 309 1364 334 :
1394 291 1528 335 soleas
1557 306 1598 335 28

129 376 274 410 tamen
320 375 364 408 et
398 363 574 425 squillas
616 365 804 424 optimas
846 365 1051 425 suggerit.
1080 363 1197 409 Villa
1235 380 1339 407 vero
1363 374 1532 408 ⁴nostra

128 441 260 484 etiam
285 438 624 482 mediterraneas
648 438 795 498 copias
822 447 1022 498 praestat,
1053 437 1118 481 lac
1146 437 1191 480 in
1215 437 1369 497 primis
1396 454 1404 480 :
1429 453 1531 480 nam

130 513 231 557 illuc
257 529 280 556 e
304 512 474 573 pascuis
496 527 654 572 pecora
680 512 973 565 conveniunt,
1004 512 1038 555 si
1060 511 1237 571 quando
1257 527 1415 571 aquam
1439 527 1533 554 um-

128 587 340 646 bramque
376 593 612 628 sectantur.
645 585 837 628 Justisne
859 584 913 628 de
947 584 1109 629 caussis
1139 600 1239 627 eum
1272 583 1353 626 tibi
1386 583 1535 627 videor
1562 605 1601 635 29

129 658 344 714 incolere,
370 657 641 711 inhabitare,
672 655 852 717 diligere
879 655 1125 701 secessum?
1150 673 1281 716 quem
1305 666 1379 711 tu,
1405 656 1536 700 nimis

129 732 323 781 urbanus
349 747 418 784 es,
447 731 531 773 nisi
560 730 861 790 concupiscis:
887 740 1018 791 atque
1039 731 1209 774 utinam
1230 728 1534 790 concupiscas!

129 815 179 848 ut
209 814 274 848 tot
300 803 519 864 tantisque
535 802 712 846 dotibus
736 802 892 846 villulae
919 813 1077 847 nostrae
1104 803 1292 847 maxima
1309 820 1536 847 commen-

128 878 248 922 datio
279 894 331 921 ex
356 887 433 921 tuo
459 877 750 921 contubernio
776 876 966 921 accedat.
979 876 1099 921 Vale.

129 1017 205 1049 Non
223 1024 309 1062 puto
324 1015 379 1048 hic
394 1014 438 1048 dc
456 1015 529 1048 solo
547 1015 641 1060 putri
657 1027 697 1047 ac
712 1014 801 1048 duro

128 1068 349 1114 cogitandum
367 1080 451 1102 esse.
473 1066 685 1101 Referendus
700 1093 708 1109 ‚
728 1067 802 1113 opi-

130 1135 193 1154 nor
207 1147 215 1161 ,
230 1121 327 1154 locus
344 1120 388 1154 ad
405 1120 694 1154 inambulationes
713 1121 749 1153 in
764 1121 803 1153 li-

129 1182 202 1207 tore
210 1199 219 1214 ‚
229 1187 313 1220 quas
324 1186 577 1219 nonnunquam
586 1173 689 1219 longa
698 1173 803 1207 maris

128 1227 360 1272 tranquillitas
388 1226 534 1273 adjuvat
547 1252 556 1267 ‚
588 1227 708 1272 saepius
739 1226 803 1259 fre—

129 1292 239 1324 quens
252 1287 286 1312 et
299 1279 492 1312 contrarius
505 1279 628 1312 fluctus
642 1279 798 1325 impedit.

134 1335 258 1365 Mollire
285 1345 387 1366 sensu
419 1332 521 1365 simili
544 1331 738 1365 adhibitum
765 1332 800 1365 in

129 1385 255 1420 Caesar.
290 1386 331 1418 B.
360 1386 402 1418 G.
428 1386 518 1425 VII,
553 1387 595 1425 46
607 1410 617 1426 ,
645 1387 807 1428 quidquid

130 1440 203 1470 haic
226 1440 377 1471 circuitus
396 1440 443 1469 ad
464 1439 672 1470 molliendum
690 1439 804 1469 clivum

129 1500 328 1530 accesserat,
362 1489 421 1523 ubi
442 1490 582 1523 Graecus
608 1489 802 1535 interpres:

130 1545 162 1577 αἱ
189 1542 227 1578 δὲ
253 1548 330 1591 πρὸς
355 1547 391 1578 τὸ
417 1541 531 1590 ῥᾳδίαν
559 1545 614 1580 τὴν
639 1548 695 1577 τοῦ
719 1546 804 1590 ὄρους

131 1597 368 1644 ἀπεργάζεσθαι
387 1599 423 1631 ἀν
432 1596 548 1631 &Gom-w
569 1594 660 1630 οὖσαι
681 1598 806 1630 σκολιό-

129 1663 237 1689 τητες.
262 1652 444 1692 Μαλακὸς,
464 1657 677 1695 cognataque
702 1649 806 1683 verba

129 1700 259 1735 Graecis
269 1702 318 1736 sic
331 1702 399 1735 dici
406 1702 487 1735 satis
497 1710 619 1735 notum
627 1710 689 1735 est.
700 1701 807 1743 Quod

132 1752 160 1785 si
177 1757 301 1786 mollire
314 1757 407 1788 reet'e
427 1755 644 1801 interpretati
662 1767 782 1788 sumus
796 1780 805 1795 ‚

133 1813 275 1849 apparet
288 1831 296 1845 ,
308 1806 485 1851 quomodo
496 1810 664 1843 indurare,
678 1807 726 1838 illi
735 1820 807 1840 ver-

133 1856 178 1888 bo
192 1858 388 1903 oppositum
401 1884 410 1899 ‚
424 1859 687 1904 intelligendum
701 1860 755 1892 sit.
772 1861 806 1894 S.

184 1910 237 1942 28.
252 1913 558 1955 Soleas...Squillas.
580 1915 686 1944 Solea.
702 1912 806 1944 Linn.

867 1016 1105 1060 pleuronectes
1142 1015 1230 1048 solea
1244 1040 1252 1054 ‚
1283 1015 1384 1060 piscis
1416 1015 1539 1060 lingum

869 1068 1016 1101 formam
1033 1068 1198 1101 referens.
1218 1069 1316 1111 Squil.
1338 1068 1442 1100 Linn.
1463 1080 1540 1100 can-

868 1133 925 1153 cer
937 1122 1060 1167 squilla
1074 1146 1083 1161 ‚
1097 1134 1204 1167 genus
1218 1132 1422 1153 cancrorum
1436 1119 1542 1153 chelis

869 1172 1123 1207 destitutorum.
1139 1175 1204 1206 En.

915 1247 960 1251 —
979 1229 1162 1270 Siquando
1188 1240 1309 1270 aquam
1335 1228 1543 1269 umbramque

869 1290 1042 1312 sectantur.
1072 1281 1170 1312 Rom.
1197 1282 1232 1310 Si
1258 1281 1389 1322 quando
1421 1291 1543 1321 aquam

867 1335 1049 1365 umbramve
1062 1341 1234 1364 sectantur.
1254 1331 1298 1365 H.

918 1398 972 1426 29.
989 1387 1128 1417 Justisne
1141 1387 1180 1416 de
1198 1386 1318 1417 caussis
1329 1409 1338 1422 ‚
1358 1392 1423 1416 etc.
1444 1384 1542 1415 Rom.

869 1440 1009 1470 Jttsct'me
1033 1440 1072 1469 de
1101 1441 1221 1470 caussis
1241 1440 1316 1481 jam
1344 1438 1403 1468 tibi
1427 1438 1547 1468 videor

871 1493 1028 1528 incolere,
1061 1492 1260 1523 inhabitare.
1287 1489 1341 1523 Sic
1365 1497 1398 1522 et
1415 1487 1543 1521 Medic.

871 1544 1033 1577 omnibus
1046 1542 1119 1576 aliis
1133 1543 1257 1576 melius
1267 1566 1276 1584 ,
1290 1543 1434 1589 quijam
1449 1541 1547 1574 omit-

872 1605 961 1630 tunt.
974 1596 1018 1629 H.
1035 1617 1080 1621 ——
1092 1597 1228 1630 Plenius
1242 1597 1408 1641 Excerpta
1425 1595 1547 1627 Brum-

873 1650 959 1683 meri
982 1661 989 1682 :
1008 1652 1159 1693 eumjam
1175 1652 1240 1682 tibi.
1257 1647 1419 1681 Probavit
1424 1650 1499 1691 jam
1516 1655 1548 1679 et

874 1702 1013 1735 Cortius
1027 1727 1035 1742 ‚
1053 1714 1116 1734 nec
1132 1710 1246 1734 tamen
1260 1727 1267 1741 ‚
1287 1700 1383 1746 quod
1402 1700 1436 1732 in
1453 1696 1553 1732 tanta*

875 1758 947 1802 ejus
971 1767 1052 1799 erga
1074 1755 1201 1787 librum
1224 1753 1422 1786 Mediceum
1449 1764 1547 1784 reve-

873 1807 981 1841 rentia
1007 1815 1238 1853 exspectasses
1254 1831 1262 1846 ,
1281 1805 1423 1850 recepit.
1449 1805 1482 1837 S.
1504 1825 1541 1828 -—

875 1862 977 1891 Nimis
991 1863 1141 1891 urbanus.
1155 1859 1263 1892 Urbis
1276 1866 1307 1891 et
1321 1857 1398 1891 vitae
1410 1857 1549 1889 urbanae

875 1912 976 1945 nimis
991 1924 1123 1945 amans.
1141 1912 1180 1943 E.
