1742 2989
589 217 934 260 EPISTOLA
968 218 1076 259 ΧΧ.
1481 214 1537 261 55

133 303 313 345 vitatem
333 298 601 353 dicentibus,
624 297 699 341 sed
721 299 892 358 copiam
908 334 918 354 ‚
938 298 1023 342 hoc
1043 306 1128 351 est,
1150 296 1421 356 diligentiam
1441 314 1540 341 sua-

133 375 238 418 dent
261 391 270 417 :
296 389 427 433 quam
454 381 684 432 praestare,
710 371 791 414 nisi
822 372 867 414 in
895 370 1210 431 angustissimis
1237 369 1422 425 caussis,
1451 386 1540 413 non

133 455 276 507 potest
308 445 511 489 brevitas.
540 444 755 504 Adjiciam
773 480 783 498 ‚
813 445 932 505 quod
966 460 1035 487 me
1063 443 1213 487 docuit
1239 459 1367 494 usus,
1397 444 1538 504 magi-

132 529 221 563 ster
238 519 459 580 egregius;
479 517 730 577 frequenter
745 519 811 578 egi
823 553 833 571 ‚
849 516 1304 578 frequenterjudicavi
1319 551 1329 572 ‚
1343 516 1541 576 frequen-

131 601 198 636 ter
218 593 262 635 in
281 590 462 635 consilio
482 590 557 634 fui.
582 590 715 634 Aliud
733 590 840 634 alios
860 600 1030 645 movet3
1050 606 1099 633 ac
1120 589 1378 650 plerumque
1396 605 1539 649 parvae

132 681 199 708 res
218 665 426 707 maximas
449 664 642 707 trahunt.
670 664 803 708 Varia
827 674 928 707 sunt
948 663 1178 706 hominum
1197 662 1362 722 judicia
1378 697 1388 715 ,
1410 663 1540 705 variae

130 737 376 781 voluntates
407 755 415 780 :

130 827 241 870 saepe
260 810 477 854 diversum
493 846 504 864 ‚
530 810 750 854 interdum
771 810 884 854 idem
902 845 912 860 ,
936 810 1009 853 sed
1027 826 1079 852 ex
1096 808 1274 851 diversis
1294 809 1428 851 animi
1449 824 1540 851 mo-

446 737 546 780 inde
575 738 651 797 qui
685 737 882 781 eamdem
908 753 1101 781 caussam
1128 735 1255 779 simul
1279 734 1539 790 audierunt,

131 883 246 927 tibus
269 885 477 927 sentiunt.
504 886 720 927 Praeterea
745 900 831 927 suae
857 883 1053 943 quisquis
1075 881 1318 924 inventioni
1340 880 1475 933 favet,
1499 890 1539 923 et

129 957 251 1016 quasi
278 957 561 1001 fortissimum
588 957 895 1018 amplectitur,
916 973 1055 1017 quum
1076 956 1129 999 ab
1154 954 1238 998 alio
1263 954 1428 998 dictum
1452 963 1540 1008 est,

129 1029 247 1089 quod
277 1030 367 1090 ipse
397 1030 611 1090 praevidit.
646 1032 867 1075 Omnibus
896 1047 1000 1090 ergo
1032 1029 1226 1073 dandum
1256 1038 1318 1072 est
1348 1028 1537 1088 aliquid,

128 1102 247 1161 quod
271 1112 447 1146 teneant
463 1137 474 1157 ‚
496 1103 615 1163 quod
638 1114 892 1163 agnoscant.
922 1103 1045 1146 Dixit
1066 1101 1303 1162 aliquando
1325 1101 1431 1144 mihi
1456 1104 1539 1144 Re·
1587 1111 1603 1138 ί

130 1174 282 1233 gulus,
313 1192 450 1235 quum
479 1175 606 1219 simul
635 1176 882 1220 adessemus
908 1193 916 1219 :
950 1178 1015 1219 Tu
1045 1179 1200 1218 omm'cz
1229 1190 1334 1234 quce
1360 1185 1464 1217 suut
1494 1178 1542 1217 z'tz

128 1264 306 1302 caussa,
321 1259 462 1310 putas
470 1250 755 1310 exsequenda
768 1267 780 1293 .·
791 1267 874 1311 ego
874 1250 1087 1311 jugulum
1100 1252 1252 1292 statim
1264 1246 1412 1301 video,
1427 1248 1543 1290 hunc

117 1337 295 1381 premo.
323 1321 506 1381 (Premit
528 1339 631 1366 sane
651 1324 772 1384 quod
795 1324 940 1384 eligit,
962 1323 1036 1367 sed
1054 1324 1098 1366 in
1118 1322 1319 1383 eligendo
1338 1321 1541 1381 frequen-

130 1402 195 1435 ter
222 1393 382 1454 errat.)
410 1396 633 1455 Respondi
658 1413 666 1439 :
692 1400 830 1440 Posse
837 1397 980 1454 fiet-l,
1012 1406 1061 1439 ut
1077 1412 1196 1456 genu
1220 1405 1351 1448 esset,
1381 1405 1464 1437 aut
1483 1398 1542 1437 [ι’-

123 1531 184 1561 pus
199 1521 355 1562 accipiat,
373 1519 443 1552 scil.
465 1520 554 1553 actio
566 1545 574 1559 ‚
589 1533 658 1566 quo
678 1521 799 1567 peragi

127 1571 245 1615 possit.
280 1572 355 1605 Hoc
392 1580 525 1618 tempus
559 1573 586 1605 si
618 1582 766 1620 negatur
789 1598 797 1613 ‚

129 1622 285 1668 adeoque
311 1625 460 1670 amplam
481 1633 513 1658 et
532 1626 705 1672 copiosam
725 1639 801 1659 ora-

129 1676 257 1709 tionem
274 1689 373 1709 suam
388 1678 499 1710 facere
516 1691 585 1711 non
601 1687 711 1724 potest
727 1692 802 1712 ora-

128 1736 181 1761 tor
194 1754 202 1768 ‚
218 1732 307 1761 nulla
327 1733 421 1773 culpa
440 1741 487 1762 est
502 1735 660 1770 oratoris,
677 1733 734 1777 qui
754 1732 802 1764 in-

131 1781 219 1813 vitus
248 1789 281 1814 et
307 1790 447 1815 coactus
474 1783 635 1816 brevitati
664 1784 802 1817 studere

129 1832 276 1866 debebat
293 1859 301 1873 ‚
328 1837 386 1866 sed
409 1838 556 1867 maxima
574 1838 713 1879 judicis,
743 1838 802 1881 qui

128 1893 266 1931 tempus
277 1885 405 1931 agendi
417 1887 685 1931 praecidit.Tunc
699 1889 803 1933 igitur

129 1938 272 1971 actionis
291 1939 439 1972 brevitas
458 1952 529 1972 non
548 1948 598 1972 est
618 1940 724 1973 libera
743 1954 803 1973 ne-

129 2003 195 2035 que
209 1991 274 2035 ipsi
289 1991 415 2024 actioni
431 1992 615 2025 tribuenda
627 2019 635 2033 ‚
650 1993 709 2025 sed
724 2006 804 2038 pen-

129 2042 185 2075 det
209 2056 227 2076 a
250 2044 415 2077 brevitate
434 2045 619 2085 orationis,
639 2045 683 2078 ad
698 2059 804 2090 quam

129 2103 245 2128 orator
274 2096 401 2142 judicis
431 2098 635 2131 auctoritate
663 2107 805 2131 coactus

134 2148 258 2181 fuerat.
269 2149 439 2195 Gierigius
452 2150 559 2184 edidit
574 2154 741 2189 orationis,
758 2164 807 2184 se-

130 2209 229 2233 cutus
248 2202 418 2235 rationem
441 2204 588 2236 Ernestii
606 2205 720 2248 patrui
743 2217 804 2237 no-

132 2254 188 2285 stri
199 2279 207 2293 ,
228 2255 288 2300 qui
302 2254 433 2288 dixerat
445 2281 453 2295 ‚
472 2257 643 2289 actionem
657 2256 712 2289 hic
730 2270 802 2290 non

132 2306 371 2347 considerari,
399 2316 569 2352 quatenus
597 2310 640 2342 al)
668 2317 804 2343 oratore

129 2358 278 2403 pendeat
293 2384 300 2398 ,
317 2359 375 2391 sed
389 2367 560 2404 quatenus
574 2362 617 2393 ab
630 2362 798 2394 oratione.

134 2411 245 2455 [Vide
265 2411 410 2445 Gesneri
429 2412 473 2445 ad
492 2414 523 2445 J.
542 2415 583 2446 A.
605 2415 801 2447 Ernestium

130 2464 323 2510 epistolam.
351 2466 410 2509 S.]
432 2465 563 2498 Verum
592 2479 708 2499 nonne
730 2467 801 2500 haec

132 2516 252 2550 eodem
271 2517 435 2551 redeunt?
456 2531 572 2552 nonne
591 2520 681 2552 actio
701 2520 803 2553 etiam

133 2569 175 2603 ab
197 2578 334 2603 oratore
355 2571 481 2616 pendet
496 2597 503 2611 ‚
527 2573 587 2617 qui
611 2573 802 2605 orationem

132 2621 268 2653 scribit?
283 2623 375 2668 Ergo
389 2624 491 2657 etiam
505 2624 606 2669 culpa
618 2649 626 2664 ,
642 2624 668 2657 si
683 2638 804 2658 verum

133 2674 256 2718 quaeris
273 2700 282 2714 ‚
307 2678 445 2722 proprie
473 2677 619 2711 oratoris
647 2685 695 2710 est
714 2703 722 2717 7
752 2678 803 2710 vel

136 2737 203 2758 non
221 2734 281 2760 est.
303 2728 343 2760 E.

928 1535 978 1553 12.
1012 1523 1179 1552 Alaximas
1209 1522 1352 1552 trahunt.
1383 1520 1540 1565 Intellige

865 1582 979 1607 motus
996 1573 1192 1606 animorum
1206 1598 1213 1611 ,
1230 1585 1407 1605 assensum
1422 1598 1429 1611 ‚
1445 1573 1540 1618 plau-

866 1640 936 1659 sus.
968 1627 1035 1658 Alii
1068 1628 1212 1657 maxime
1242 1628 1376 1657 trahunt
1389 1652 1397 1664 ,
1431 1626 1537 1658 intell.

867 1679 1000 1712 animos
1015 1704 1022 1719 ‚
1038 1678 1133 1724 quod
1149 1691 1212 1711 nec
1228 1679 1339 1723 ipsum
1356 1678 1542 1712 damnave-

866 1732 942 1764 rim.
960 1732 1005 1764 G.
1024 1753 1069 1756 —
1082 1734 1179 1764 Rom.
1205 1735 1248 1763 xl!
1260 1734 1451 1774 plerumque
1463 1745 1543 1774 par-

869 1797 913 1815 VCC'
928 1798 975 1815 ΓΒΕ
993 1786 1156 1816 ΙῘΖΠ.ΥῐΙΙῘ(ῖ5
1176 1786 1318 1815 [ΓαῘΙΠΙΖῙ.
1341 1784 1384 1816 II.

921 1839 970 1867 13.
1000 1838 1159 1879 Quisquis.
1189 1837 1256 1869 Pro
1284 1839 1429 1879 quisque.
1451 1836 1540 1881 Vide

868 1889 1029 1920 Lambin.
1052 1888 1095 1920 ad
1111 1889 1269 1921 ciceron.
1291 1889 1460 1934 FpistNl
1475 1914 1484 1927 ‚
1505 1902 1515 1919 1
1533 1901 1541 1927 ;

868 1940 989 1973 Gifan.
1007 1941 1190 1974 observat.
1212 1943 1252 1973 L.
1271 1943 1311 1974 L.
1329 1954 1362 1986 p.
1383 1945 1448 1982 406
1461 1966 1469 1981 ,
1486 1941 1541 1974 ed.

869 1993 1006 2026 Altenb.
1024 1993 1238 2038 Significatio
1253 1995 1376 2039 primax
1386 1994 1425 2027 iis
1444 1994 1544 2027 Criti-

870 2046 917 2079 cis
931 2045 1038 2079 dubia
1050 2060 1062 2079 1
1072 2046 1119 2079 isa
1132 2072 1139 2085 ‚
1149 2046 1241 2079 velut
1252 2047 1282 2080 J.
1295 2048 1352 2080 Fr.
1366 2047 1545 2080 Gronovio

871 2099 916 2132 ad
935 2100 1010 2132 Liv.
1027 2100 1215 2132 XXXVIII
1231 2126 1239 2141 ‚
1262 2113 1300 2144 17
1319 2126 1327 2140 ,
1351 2101 1389 2133 13
1405 2126 1413 2141 ,
1434 2101 1493 2132 ubi
1509 2114 1522 2132 1
1536 2127 1542 2132 .

871 2153 1047 2185 Drakenb.
1076 2153 1238 2186 Cortiana
1272 2152 1414 2197 quidem
1445 2153 1481 2185 h.
1522 2154 1543 2184 l.

872 2207 1006 2248 quisque
1019 2205 1137 2238 habet.
1155 2206 1189 2239 S.

921 2266 972 2295 14.
997 2260 1198 2291 Adessemus.
1214 2260 1302 2291 Raro
1323 2260 1369 2292 sic
1390 2258 1546 2291 absolute

871 2308 914 2341 de
936 2310 1164 2343 advocatione
1184 2310 1323 2344 dicitur.
1344 2313 1463 2355 Longe
1482 2312 1547 2343 fre-

870 2363 1050 2407 quentiora
1065 2372 1163 2396 sunt:
1177 2366 1289 2395 adesse
1302 2366 1418 2401 alicui,
1433 2374 1547 2395 contra

868 2418 1019 2458 aliquem.
1040 2417 1170 2450 Plinius
1184 2442 1192 2457 ‚
1219 2417 1235 2448 I
1250 2442 1257 2456 ‚
1282 2418 1299 2451 5
1315 2442 1323 2456 ,
1348 2417 1364 2450 5
1378 2441 1386 2456 ‚
1407 2418 1544 2447 Aderam

869 2471 1040 2501 Art'otzz'lloe
1050 2494 1150 2502 .....
1174 2473 1309 2513 Regulus
1338 2478 1473 2507 commm-
1506 2469 1521 2499 I
1536 2494 1543 2505 ⁷

872 2522 912 2554 23
931 2547 940 2561 ‚
963 2523 980 2555 3
997 2547 1005 2561 ,
1026 2525 1082 2554 vel
1099 2524 1152 2554 ille
1168 2525 1221 2555 cui
1236 2525 1379 2554 adessem
1392 2547 1401 2559 ,
1422 2523 1478 2552 vel
1492 2522 1545 2551 illc

870 2587 963 2616 quem
976 2585 1101 2607 contra.
1115 2576 1148 2609 S.
1161 2596 1205 2600 —-
1218 2576 1339 2606 Premit
1353 2586 1441 2611 sane.
1459 2575 1549 2613 quod

871 2629 968 2671 eligit.
991 2630 1088 2660 Rom.
1110 2629 1230 2659 Premit
1254 2639 1354 2665 sanej
1377 2627 1467 2669 quod
1487 2627 1545 2656 ele-

867 2682 927 2722 git.
942 2680 984 2712 H.
998 2702 1042 2705 —
1053 2682 1104 2713 Ita
1121 2689 1153 2712 et
1164 2680 1302 2713 Cortius
1317 2692 1357 2713 ex
1372 2679 1439 2712 suis.
1451 2677 1542 2709 litu-ia

871 2731 978 2765 dedit.
997 2733 1100 2765 Ben‹·.
1119 2733 1153 2765 S.
1221 2734 1225 2738 ”

1563 461 1602 482 12
