1742 2989
545 188 899 245 EPJSToLA
933 189 1042 231 XX.
1407 186 1498 247 319

92 274 180 317 divi
200 273 317 317 enim
339 281 381 315 te
403 286 514 331 saepe
538 269 800 314 referentem
814 305 826 326 ‚
849 286 939 314 esse
966 269 1046 313 tibi
1070 278 1114 311 et
1136 283 1236 311 aera
1261 266 1500 324 salubrem,

90 357 134 391 et
159 346 225 390 lac
247 343 497 406 hujusmodi
521 343 823 387 curationibus
843 341 1354 387 accommodatissimum.
1373 343 1500 402 Rogo
1526 362 1545 393 γ

92 436 221 481 ergo,
250 418 412 463 scribas
434 416 543 472 tuis,
565 426 615 460 ut
642 415 703 460 illi
723 416 848 471 villa,
874 426 923 460 ut
947 415 1103 459 domus
1123 423 1293 475 pateat3
1313 413 1502 457 offerant

92 494 223 536 etiam
247 491 492 552 sumptibus
518 490 636 550 ejuS‚
658 491 692 533 si
718 489 824 550 quid
850 506 959 550 opus
983 490 1065 532 erit
1087 506 1094 532 :
1116 489 1199 532 erit
1224 497 1369 531 autem
1392 504 1502 548 opus

93 565 279 609 modico.
302 567 378 608 Est
401 564 517 608 enim
544 573 631 607 tarn
654 580 812 624 parcus
835 573 878 607 et
897 563 1151 614 continens,
1174 571 1222 604 ut
1248 578 1338 604 non
1362 561 1501 605 solum
1531 564 1549 593 ὃ

96 639 292 691 delicias7
309 655 460 682 verum
487 637 618 681 etiam
645 639 922 681 necessitates
947 635 1232 689 valetudinis,
1254 634 1504 695 frugalitate

100 713 346 772 restringat.
377 714 470 772 Ego
501 710 795 771 proficiscenti
825 720 996 754 tantum
1024 708 1170 753 viatici
1198 707 1337 763 dabo,
1363 724 1505 768 quan-

98 796 190 829 tum
224 785 413 829 sufficiat
438 785 560 828 eunti
589 785 634 827 in
664 793 752 828 tua.
771 783 896 829 Vale.

95 918 353 964 Transpadanis
365 944 373 959 ,
393 918 540 952 alterum
562 920 597 951 in
612 918 768 952 Umbria.

96 972 185 1006 Plin.
203 973 247 1005 H.
264 974 307 1005 N.
325 973 398 1013 ΙΙΙ,
420 976 459 1013 14
479 980 511 1005 et
532 984 584 1016 19.
600 972 665 1005 ΕΙ).

143 1030 280 1058 -Aercz
297 1028 467 1058 salubrem,
482 1026 580 1058 Rom.
594 1029 709 1058 Aerem
721 1039 772 1058 sa-

99 1080 228 1110 lubrem.
247 1078 291 1111 H.

148 1144 180 1171 7.
200 1135 240 1163 Ut
263 1132 312 1163 illi
336 1133 438 1169 villa,
459 1141 492 1163 ut
515 1133 627 1163 domus
643 1141 770 1174 pateat,

835 920 933 951 Rom.
956 922 995 950 Ut
1012 920 1060 950 illi
1074 919 1172 955 villa,
1192 920 1240 949 illi
1255 920 1366 949 (lomus
1382 927 1506 959 pateat.

836 971 880 1004 H.
901 972 1070 1016 Excerpta
1090 970 1285 1003 Brummeri
1307 980 1342 1002 ut
1361 972 1408 1002 illi
1428 972 1508 1002 villa

837 1034 868 1056 et
881 1027 993 1057 domus
1002 1034 1134 1067 pateat,
1152 1022 1246 1069 quod
1260 1023 1416 1068 praefero.
1428 1023 1463 1057 S.

885 1078 918 1110 8.
942 1081 1102 1119 Quantum
1123 1079 1280 1123 sufficiat,
1312 1085 1378 1109 etc.
1412 1078 1509 1108 Rom.

841 1134 1003 1172 Quantum
1010 1132 1299 1176 szffcit'eteuntiin
1307 1142 1383 1161 rura
1393 1139 1459 1161 tua.
1468 1128 1509 1160 H.

101 1263 218 1274 nunu
222 1263 1069 1275 mmmmwsw-wsmmmwsmwum
1073 1261 1495 1274 mmmmmmmm

737 1388 886 1443 XX.

171 1542 362 1576 Varenum
375 1568 384 1585 ‚
406 1553 427 1575 a
448 1539 619 1587 Bithynis
640 1552 687 1575 ex
709 1539 984 1589 proconsulatu
1004 1549 1221 1577 accusatum
1234 1569 1243 1585 ,
1266 1540 1447 1578 defendit.

457 1676 495 1704 C.
536 1675 776 1705 PLINIUS
812 1677 953 1706 URSO
989 1678 1093 1706 SUO
1130 1679 1162 1707 S.

169 1796 383 1838 lunum
419 1794 618 1854 Bithyni,
648 1804 747 1854 post
781 1794 911 1837 breve
948 1805 1120 1856 tempus
1157 1814 1180 1840 a
1214 1797 1329 1842 Julio
1365 1800 1518 1855 Basso,

107 1867 239 1911 etiarn
266 1866 431 1911 Rufum
462 1869 689 1911 Varenum
720 1868 1028 1927 proconsulem
1060 1870 1314 1914 detulerunt
1342 1890 1350 1916 :
1378 1876 1518 1916 Vare-

109 1957 214 1984 num
230 1975 241 1995 ,
259 1957 391 2001 quem
421 1957 563 2001 nuper
586 1941 792 1985 adversus
814 1944 993 1986 Bassum
1016 1943 1275 1988 advocatum
1303 1956 1344 1989 et
1373 1957 1520 2006 postu-

109 2013 252 2057 larant
278 2024 322 2058 et
351 2024 625 2075 acceperant.
657 2015 831 2058 Inducti
860 2016 903 2058 in
935 2027 1160 2072 senatum,
1191 2019 1521 2079 inquisitionem
1550 2037 1565 2055 ’λ

111 2088 444 2149 postulaverunt
466 2106 474 2132 :
499 2098 593 2132 tum
610 2091 814 2133 Varenus
834 2090 981 2150 petiit,
1005 2100 1053 2134 ut
1073 2091 1153 2134 sibi
1177 2109 1354 2154 quoque
1375 2092 1522 2138 defen-

161 2220 238 2253 XX.
262 2233 291 2253 1.
313 2225 343 2252 Α
367 2224 453 2254 Julio
481 2225 591 2254 Basso.
619 2221 692 2254 Hoc
714 2229 784 2261 est,

114 2280 190 2317 post
200 2281 398 2306 accusatum
410 2286 429 2306 a
439 2286 472 2307 se
483 2274 614 2306 Julium
625 2275 785 2307 Bassum:

116 2337 186 2369 qua
198 2324 284 2357 dere
298 2337 402 2370 supra
413 2325 478 2366 IV,
489 2338 509 2369 9
523 2351 531 2366 ‚
547 2335 676 2359 actum.
688 2329 787 2370 Rufus

120 2381 261 2410 Varenus
281 2385 330 2410 est
346 2377 402 2410 ille
421 2381 635 2421 Pomponius,
654 2379 697 2412 de
718 2393 787 2425 quo

118 2430 184 2469 IV,
206 2441 226 2473 9
239 2455 247 2470 ,
269 2432 301 2464 3.
319 2430 363 2463 G.
381 2451 425 2455 --
438 2432 537 2464 Rom.
559 2448 571 2460 n
585 2432 714 2464 Iterum
734 2432 788 2464 Bi-

120 2482 218 2527 thyni
232 2483 347 2525 (breve
366 2487 517 2529 tempus)
538 2497 556 2516 a
575 2485 668 2517 Julio
688 2486 792 2518 Basso

121 2543 154 2568 et
163 2535 301 2569 Rufum.
314 2552 326 2564 »ι
338 2537 497 2569 Proxime
508 2562 515 2576 ‚
530 2542 690 2569 Varenum
702 2552 793 2581 quem

123 2591 269 2620 adversus
285 2594 433 2628 Bassum,
455 2590 528 2622 sine
547 2603 655 2633 nuper.
671 2591 715 2623 H.

173 2655 203 2673 2.
223 2644 290 2673 Sibi
313 2657 450 2685 quoque.
474 2643 645 2676 Nimirum
666 2645 726 2689 qui
749 2647 795 2676 iu-

125 2695 325 2736 qul'siec'onem
333 2699 518 2738 postulant,
534 2696 557 2729 ii
572 2704 693 2741 petunt
708 2698 794 2731 mitti

852 2223 885 2255 in
904 2224 1118 2269 provinciam
1130 2251 1138 2266 ‚
1158 2226 1218 2272 qui
1237 2236 1393 2272 quaerant
1412 2228 1455 2261 de
1474 2230 1521 2261 fa-

853 2276 913 2308 ctis
927 2301 935 2316 ‚
956 2277 1016 2322 qui
1041 2278 1268 2313 instrumenta
1295 2282 1524 2327 conquirant,

853 2329 913 2373 qui
936 2337 1036 2364 testes
1065 2330 1243 2365 adducant
1265 2345 1272 2366 ι
1294 2334 1350 2366 hic
1367 2335 1525 2367 Varenus

854 2384 984 2414 invicem
1005 2383 1066 2415 sibi
1085 2398 1211 2428 quoque
1227 2386 1294 2420 hoc
1310 2387 1383 2419 vult
1398 2387 1501 2419 tribui
1516 2411 1524 2425 ‚

854 2442 892 2466 ut
914 2448 1045 2468 evocare
1067 2437 1168 2470 liccat
1190 2446 1304 2472 testes.
1324 2440 1396 2471 Hoc
1417 2451 1524 2483 quun]

859 2497 1023 2532 negarent
1049 2490 1124 2523 fieri
1148 2491 1272 2524 debere
1300 2491 1436 2536 Bithyni
1454 2517 1461 2529 ‚
1484 2490 1526 2523 (le

858 2540 924 2573 hoc
937 2566 944 2580 ‚
965 2542 1123 2575 nondum
1142 2542 1185 2575 (le
1206 2544 1408 2576 criminibus
1422 2544 1528 2576 Varv-

859 2593 894 2625 ni
909 2619 917 2633 ‚
933 2597 1070 2637 cognitio
1085 2606 1227 2638 suscepta
1242 2606 1285 2627 est
1299 2611 1308 2631 ‚·
1324 2595 1365 2627 (le
1381 2596 1446 2629 hoc
1462 2598 1527 2641 egit

860 2646 1008 2687 Plinius,
1030 2662 1092 2680 non
1112 2651 1178 2680 sine
1198 2659 1316 2680 evenlu.
1332 2650 1418 2682 Nam
1435 2652 1530 2692 impr-

861 2709 979 2732 tracum
994 2711 1053 2739 est,
1071 2709 1107 2734 ut
1125 2709 1155 2735 et
1170 2714 1207 2734 cx
1223 2700 1287 2733 hac
1301 2702 1372 2747 ipsa
1388 2702 1529 2747 epistola
