1757 2880
477 131 566 173 AD
600 132 635 173 J.
674 132 724 173 A.
760 131 1186 175 ERNESTIUM.
1381 145 1533 173 xxxvn

189 214 264 255 ΠΙ,
287 210 308 246 5
321 237 330 254 ‚
351 210 386 245 S.
409 211 678 246 Parcissimmn
696 224 883 255 somnum,
904 209 1218 259 vigilantissimus
1239 209 1355 244 homo
1369 234 1381 250 ,
1401 210 1536 245 merito

137 271 308 308 defendis
329 279 464 307 contra
484 284 591 317 eum,
613 273 680 321 qui
693 274 938 320 paratissimo
960 284 1089 307 somno
1108 284 1147 307 se
1165 271 1331 321 gaudere
1352 278 1430 306 no'n
1460 271 1532 307 dif-

138 334 280 377 fitetur,
302 333 361 370 his
380 333 594 369 rationibus
611 334 725 370 nixus
738 363 747 378 ,
766 336 908 383 primo,
924 333 1031 382 quod
1047 334 1162 369 verba
1174 361 1183 377 ,
1199 341 1279 368 erat
1291 334 1539 380 saneparcis-

137 395 222 430 simi
234 396 378 436 somni,
397 395 621 431 relationem
635 396 683 431 ad
700 397 966 432 antecedentia
980 423 990 440 ‚
1007 404 1045 431 et
1058 404 1239 443 tanquam
1257 395 1541 430 conclusionem

136 455 327 499 iudicent;
344 456 397 491 ibi
415 465 544 492 autem
559 456 604 492 de
614 470 733 504 parco
753 470 907 502 somno,
926 470 1005 492 non
1014 464 1154 504 parato
1172 464 1298 492 actum
1314 456 1385 490 sit:
1405 454 1542 490 deinde

137 519 243 566 quod
263 531 413 554 somnus
434 519 534 553 inter
550 520 675 554 studia
701 528 739 554 et
764 521 931 563 labores,
955 518 1130 567 adeoque
1157 518 1284 553 alieno
1311 525 1482 563 tempore
1508 523 1543 550 et

136 580 246 621 loco,
273 587 410 628 praeter
433 580 673 627 opinionem,
696 594 817 628 quum
844 581 918 617 hoc
940 593 1019 617 non
1047 579 1187 628 agitur,
1211 586 1255 614 ut
1285 578 1543 621 dormiamus,

138 643 300 683 instans,
322 654 400 677 non
419 642 542 689 possit
559 651 717 690 paratus
735 643 811 678 dici
825 671 835 688 ,
857 643 922 679 sed
951 643 1151 690 obrepens,
1173 642 1384 689 opprimens
1395 654 1409 683 ,·
1438 639 1545 687 quod

138 711 268 738 autem
296 702 397 738 idem
425 711 562 750 praeter
593 703 817 751 opinionem
838 704 984 739 instans
1011 711 1046 738 et
1070 702 1259 749 obrepens
1285 713 1442 737 somnus
1471 700 1546 735 cito

141 765 294 800 deserat
317 763 531 808 hominem,
548 764 587 800 id
607 765 735 813 ipsum
752 778 830 800 non
849 764 1069 812 essepczrati
1084 762 1231 806 somni,
1252 762 1317 797 sed
1331 761 1461 809 parce]
1482 772 1550 795 ne-

140 837 218 873 que
241 832 319 860 tam
340 824 400 860 hic
420 824 560 872 respici
580 838 600 860 a
617 826 741 861 Plinio
761 826 811 861 ad
830 826 870 861 id
883 854 892 869 ,
915 825 1018 872 quod
1039 824 1153 859 etiam
1172 825 1263 858 inter
1275 824 1399 858 studia
1422 823 1549 862 instet,

140 886 205 921 sed
228 886 353 934 quod,
377 899 498 934 quum
518 885 715 922 hominem
739 886 992 937 oppresserit,
1011 899 1101 920 mox
1127 893 1253 921 tamen
1276 885 1435 920 (leserat.
1463 885 1551 919 Haec

140 955 180 981 tu
202 960 274 994 pro
288 947 515 995 parcissimo
532 961 671 983 somno.
698 949 787 984 Non
809 956 936 983 autem
958 948 1004 982 de
1022 947 1095 981 hoc
1111 945 1210 982 inter
1227 958 1298 980 nos
1317 945 1550 992 disputatur,

140 1016 271 1044 utrum
282 1009 504 1056 parcissimi
520 1011 640 1044 somni
657 1009 773 1044 fuerit
791 1008 965 1043 Plinius?
983 1007 1055 1043 hoc
1072 1007 1161 1042 satis
1182 1007 1293 1041 docet
1310 1005 1413 1040 illius
1434 1004 1549 1039 filius:

142 1070 207 1104 sed
227 1082 274 1105 an
290 1071 554 1116 paratissimum·
583 1070 658 1105 (lici
687 1070 859 1119 potuerit
889 1081 1048 1104 somnus
1063 1095 1071 1111 ‚
1094 1068 1161 1117 qui
1181 1068 1290 1102 instat
1309 1065 1373 1101 ille
1393 1065 1552 1113 quidem

143 1143 304 1178 semper,
332 1139 374 1165 ut
399 1132 520 1177 gravis
546 1132 760 1166 adversaria
789 1131 1018 1178 exspectcnio
1046 1130 1242 1165 constituta
1263 1136 1299 1163 et
1313 1135 1454 1175 parata
1479 1127 1553 1162 Cu-

143 1193 308 1239 riom'ap.
327 1192 405 1227 Cic.
422 1193 526 1226 Fam.
541 1193 592 1235 II,
609 1198 644 1234 J..
663 1200 871 1239 utpczraeus
885 1192 1050 1226 moechus
1064 1204 1122 1238 ap.
1138 1192 1226 1225 Ter.
1241 1191 1364 1225 Andr.
1379 1191 1428 1233 ΙΙ,
1443 1202 1475 1231 1,
1492 1188 1551 1223 16.

145 1252 209 1288 sed
233 1252 347 1287 etiam
371 1253 532 1296 (leserz't5
555 1252 760 1287 commoda
791 1265 881 1288 sane
910 1260 1047 1287 natura
1075 1251 1114 1285 in
1141 1250 1298 1286 homine
1327 1247 1552 1297 negotioso,

143 1312 210 1360 qui
231 1313 280 1348 sit
299 1313 412 1360 parci
439 1313 500 1348 ille
522 1313 680 1360 quidem
709 1313 858 1355 somni,
888 1321 925 1349 et
947 1313 1126 1362 vigilans;
1150 1324 1286 1346 verum
1316 1311 1418 1346 idem
1440 1309 1555 1345 etiam

138 1375 290 1421 parati,
322 1373 428 1421 quod
451 1373 529 1409 fere
547 1386 787 1422 consequens
808 1386 889 1410 esse
912 1374 951 1408 in
972 1372 1194 1408 hominibus
1218 1372 1318 1407 sanis
1340 1372 1448 1406 solet.
1474 1372 1555 1406 Ne--

145 1447 219 1482 que
236 1434 340 1470 enim
354 1435 486 1470 molles
499 1435 681 1483 pulvillos
700 1443 914 1482 exspectat,
931 1435 999 1483 qui
1015 1442 1102 1482 post
1117 1434 1359 1470 moderatum
1380 1445 1556 1468 somnum

144 1495 276 1529 multis
299 1494 406 1530 horis
424 1495 483 1530 vel
503 1494 633 1530 animo
652 1495 714 1530 vel
734 1508 895 1543 corpore
912 1496 1057 1545 agitato
1076 1503 1192 1544 atque
1207 1495 1373 1530 exercito
1392 1494 1466 1528 fuit
1484 1501 1556 1529 etc.

145 1557 234 1591 Non
256 1564 350 1603 puto
371 1569 440 1605 ego
457 1556 570 1591 nimis
589 1569 649 1591 me
671 1557 977 1593 somniculosum
1002 1557 1220 1601 hominem3
1242 1557 1306 1592 sed
1326 1556 1467 1605 gratias
1486 1568 1556 1603 ago

148 1625 290 1652 naturae
315 1629 405 1653 meae
430 1618 601 1660 auctori,
623 1618 729 1664 quod
744 1627 926 1666 paratam
953 1619 1061 1653 illum
1083 1630 1232 1665 semper
1253 1618 1438 1653 blandum
1457 1617 1555 1652 insi—

149 1678 337 1714 diatorem
355 1678 544 1726 experior,
563 1679 654 1713 satis
676 1687 802 1713 tamen
820 1678 1042 1714 modestum
1057 1679 1233 1714 eumdem
1245 1706 1254 1722 ,
1279 1678 1347 1727 qui
1360 1679 1534 1714 recedere
1548 1703 1558 1719 :›

150 1751 270 1786 quum
291 1751 388 1786 opus
410 1746 465 1774 est
480 1767 489 1782 ,
512 1738 642 1774 soleat.

203 1801 281 1842 ΙΙΙ,
304 1805 369 1843 14,
396 1814 429 1835 2.
458 1802 616 1835 Fere-ens
637 1802 890 1848 pavimentum
917 1801 1097 1850 explicari
1119 1800 1306 1844 debebat,
1333 1800 1440 1847 quod
1464 1800 1563 1836 bene

151 1873 283 1896 mones
297 1889 306 1906 ,
328 1861 482 1897 duobus
501 1860 628 1896 verbis
646 1888 655 1903 ,
682 1862 711 1896 si
734 1862 821 1910 quis
846 1862 945 1898 forte
965 1875 1042 1897 non
1064 1861 1322 1905 meminisset,
1346 1861 1480 1895 balnea
1500 1860 1565 1894 illa

153 1919 276 1955 fuisse
293 1921 500 1962 ὑπόκαυστα,
518 1919 678 1967 pensilia
693 1948 702 1964 ,
723 1920 935 1956 fornicibus
953 1921 1127 1968 imposita
1139 1948 1147 1964 ,
1168 1921 1207 1955 in
1223 1919 1366 1967 quibus
1383 1931 1563 1955 accensus

151 1980 249 2029 ignis
268 1981 532 2029 pavimentum
551 1981 674 2028 primo
697 1981 935 2018 calefaceret.
954 1983 1107 2018 Pictura
1123 1982 1266 2030 passim
1288 1990 1454 2030 prostat,
1474 1995 1508 2017 v.
1529 1994 1566 2030 g.

156 2042 257 2090 apud
279 2041 496 2078 Fabricium
519 2042 567 2078 ad
588 2044 690 2080 Sext.
708 2043 852 2091 Empir.
873 2058 911 2092 p.
936 2045 998 2080 30.

207 2103 280 2147 ΙΙΙ,
298 2104 355 2147 16,
372 2117 386 2139 1
400 2117 412 2139 1
423 2132 431 2139 .
446 2105 630 2140 Praeclare
642 2105 827 2140 observas
839 2132 848 2147 ,
867 2108 966 2141 male
981 2107 1078 2141 mori
1091 2106 1183 2142 alias
1201 2106 1275 2141 dici
1287 2131 1296 2145 ,
1317 2105 1433 2152 quiin
1450 2118 1549 2153 aqua
1561 2132 1570 2149 ‚

156 2172 222 2199 aut
244 2177 265 2199 a
280 2165 383 2212 turpi
402 2165 626 2213 imbellique
647 2165 765 2201 bestia
789 2174 964 2213 pereant,
983 2167 1030 2202 de
1052 2180 1129 2214 quo
1151 2169 1292 2214 Cuper.
1311 2166 1425 2201 Ohss.
1447 2179 1461 2200 1
1475 2194 1484 2209 ,
1505 2166 1542 2200 8.

210 2225 276 2267 IV,
300 2237 336 2269 7,
364 2238 396 2260 1.
429 2226 572 2261 Crebra
594 2226 773 2273 repetitio
795 2237 848 2265 w]
874 2228 977 2262 illum
997 2228 1222 2264 scholastica
1242 2228 1310 2264 tibi
1328 2240 1405 2263 non
1428 2226 1571 2274 magis,

158 2291 292 2334 φιλτάτη
321 2292 463 2335 κεφαλὴ,
492 2299 610 2335 quam
632 2288 729 2322 mihi
756 2288 920 2325 videtur.
952 2291 1097 2336 Nempe
1128 2289 1229 2324 bona
1261 2302 1350 2337 pars
1381 2286 1493 2322 Plinii
1520 2295 1575 2322 est

157 2345 402 2390 scholastica,
420 2347 458 2381 h.
472 2360 505 2382 e.
525 2348 701 2383 ornatius
720 2348 1029 2397 studiosiusque,
1053 2362 1170 2396 quam
1189 2350 1285 2384 solet
1301 2350 1336 2384 in
1356 2347 1575 2397 promiscuo

159 2406 415 2454 epistolarum
431 2420 503 2443 usu
520 2407 623 2452 fieri,
639 2409 781 2457 scripta
797 2423 804 2444 ε
823 2409 963 2457 scripta
982 2403 1116 2457 nempe
1134 2423 1212 2445 non
1230 2408 1360 2444 amicis
1373 2436 1382 2452 ,
1401 2407 1465 2443 sed
1485 2421 1571 2455 pos—

158 2468 323 2512 teritati,
341 2468 449 2515 cujus
470 2481 508 2504 se
527 2469 685 2505 fastidio
703 2469 766 2505 illa
792 2483 859 2506 sua
879 2471 1121 2506 accuratiore
1139 2470 1315 2506 oratione
1332 2469 1479 2504 mederi
1502 2481 1577 2515 pu·-

160 2529 279 2564 tabat.
313 2532 414 2565 Pone
443 2530 563 2578 igitur
587 2531 787 2578 tantisper,
814 2543 891 2566 non
924 2532 1123 2579 epistolam
1157 2544 1257 2572 esse,
1293 2529 1359 2566 sed
1393 2529 1550 2565 satiram
1567 2557 1576 2572 ,

163 2602 279 2638 quam
292 2591 473 2639 legimus,
491 2598 527 2627 et
549 2591 786 2640 anaphoram
800 2592 905 2629 illam
918 2592 1162 2641 pronominis
1178 2591 1328 2628 facilius
1346 2601 1566 2638 concoques
