1742 2989
533 220 875 263 EPISTULA
912 218 1133 262 XXVII.

1443 213 1525 257 261

138 300 204 343 Ad
234 300 350 343 hunc
383 309 557 360 gustum
592 310 732 343 totum
765 300 924 343 librum
965 297 1246 358 repromitt03
1272 311 1400 355 quem
1430 296 1532 348 tibi,

140 383 186 416 ut
211 374 401 433 primum
425 373 736 433 publicaverit,
753 372 981 416 exhibebo.
1006 370 1187 414 Interim
1213 384 1310 412 aina
1329 367 1532 426 juVenem

138 456 180 488 et
214 446 485 506 temporibus
520 446 679 489 nostris
709 445 926 506 gratulare
961 460 1040 504 pro
1077 441 1253 503 ingenio
1288 439 1389 495 tali,
1417 439 1535 499 quod

138 517 206 560 ille
232 518 426 561 moribus
448 517 646 562 adornat.
666 520 787 563 Vivit
812 535 908 561 cum
932 514 1298 577 Spurinna,vivit
1317 529 1417 555 cum
1443 514 1533 554 An-

137 592 290 635 tonino
315 609 325 634 :
353 608 541 652 quorum
568 591 691 635 alteri
718 591 896 646 adfinis,
916 590 1090 649 utrique
1114 585 1439 631 contubernalis
1459 594 1535 628 est‚

136 664 275 707 Possis
309 680 360 706 ex
394 664 477 707 hoc
508 664 648 708 facere
683 665 1004 724 conjecturam,
1030 678 1161 722 quam
1192 661 1247 704 sit
1277 658 1534 702 emendatus

135 735 402 793 adolescens,
423 738 497 797 qui
518 753 542 781 a
561 737 823 798 gravissimis
839 736 1013 780 senibus
1035 736 1095 779 sic
1113 743 1299 777 amatur.
1320 734 1396 774 Est
1418 732 1533 774 enim

136 808 241 852 illud
266 809 535 853 verissimum

967 894 1191 952 γιγνώσκων
1209 925 1219 942 ,
1246 894 1309 933 ὅτι

307 973 496 1023 Τοιοῦτός
521 975 626 1016 ἐστιν
652 976 842 1025 ἕκαστος,
867 969 1000 1029 οἷσπερ
1027 965 1170 1018 ἥδεται
1198 966 1331 1019 ξυνών.

135 1069 251 1113 Vale.

132 1199 165 1224 et
180 1192 307 1237 probus
320 1192 485 1225 moribus.
494 1208 506 1221 υ
523 1192 566 1225 G.
579 1213 623 1218 —-
636 1193 800 1226 Praeclare

133 1243 205 1277 haec
225 1245 342 1278 omnia
356 1245 528 1279 Gesnerus
545 1270 553 1285 ,
569 1258 677 1291 quum
697 1246 800 1279 semel

132 1296 242 1330 ultimi
260 1310 379 1331 versus
397 1297 491 1332 hunc
513 1311 650 1332 sensum
668 1299 802 1332 statuis-

134 1357 182 1381 set
196 1361 203 1381 :
221 1366 234 1378 «
244 1350 321 1383 Post
331 1350 480 1383 Plinium
488 1349 617 1395 pudere
627 1350 801 1383 neminem

133 1401 205 1446 ejus
217 1402 267 1434 rei
279 1401 412 1435 debet.»
422 1402 488 1436 Sed
500 1404 615 1436 nescio
626 1402 802 1448 quomodo

134 1453 219 1486 mihi
235 1453 414 1487 videbatur
429 1467 547 1487 sensus
557 1455 659 1499 plane
669 1461 803 1487 contra-

131 1506 202 1539 rius
214 1506 324 1540 inesse
336 1506 394 1538 hic
406 1518 413 1538 :
426 1523 438 1535 n
446 1507 526 1539 Post
535 1506 688 1539 Plinium
698 1519 802 1539 nemo

133 1558 260 1591 audere
284 1557 387 1592 debet
411 1558 536 1592 similia
562 1558 711 1592 scribere
725 1584 734 1599 ‚
755 1559 803 1592 vi-

130 1610 217 1644 liora
231 1611 361 1644 scilicet
372 1611 572 1657 scripturus.
591 1628 604 1640 »
623 1611 664 1644 E.

178 1663 210 1697 5.
233 1666 290 1696 Ad
315 1665 396 1695 hunc
425 1673 564 1707 gustum.
597 1665 802 1710 Opportune

132 1714 290 1749 laudavit
304 1715 373 1749 hoc
391 1716 527 1749 Cortius
544 1717 623 1750 Sen.
643 1716 685 1750 de
701 1718 801 1750 clem.

134 1769 164 1809 I,
184 1780 197 1800 1
212 1780 220 1800 t
239 1770 442 1811 Principatus
453 1779 523 1801 tuus
535 1771 582 1801 ad
592 1771 804 1813 annignstum

135 1823 275 1865 exigitur
283 1836 294 1853 .·
304 1820 600 1867 quemadmodum
607 1821 804 1856 Gronovius

134 1872 200 1906 hoc
214 1882 331 1907 nostro
345 1873 388 1907 ad
403 1874 567 1907 Senecam
581 1885 662 1907 usus
677 1874 693 1906 f
694 1882 801 1907 uerat.

138 1928 253 1958 Gustus
269 1934 319 1960 est
338 1926 509 1972 specimen
520 1950 528 1965 ‚
543 1925 638 1971 quod
656 1938 676 1959 a
688 1926 806 1959 vendi-

135 1985 207 2011 tore
221 1991 337 2012 rerum
356 1979 610 2012 esculentarum
622 2003 631 2019 ‚
644 1979 806 2024 poculen-

134 2039 288 2065 tarumve
305 2031 450 2077 emptori
466 2032 624 2074 offertur.
641 2031 686 2064 G.

180 2105 225 2108 ——-
240 2087 408 2128 Spurinrm.
429 2085 477 2116 De
503 2096 573 2129 quo
595 2083 649 2115 ΙΙΙ
663 2108 671 2123 ,
704 2095 717 2115 1
736 2095 744 2123 ;
761 2083 804 2115 de

136 2136 308 2170 Antonino
319 2137 385 2178 IV,
402 2138 434 2170 3.
446 2137 490 2169 G.
499 2156 545 2162 —-
558 2138 640 2168 Vivit
651 2149 721 2167 cum
736 2140 803 2168 An-

136 2190 243 2220 tonino
253 2214 261 2227 ,
275 2197 339 2222 etc.
353 2190 451 2221 Rom.
466 2191 548 2220 Vivit
557 2202 626 2220 cum
640 2191 802 2221 Antonino

131 2242 207 2282 pio,
229 2254 362 2283 quorum
380 2244 483 2274 alteri.
503 2241 638 2274 Glossa.
658 2241 702 2274 H.

182 2296 215 2325 6.
246 2295 309 2334 Qui
330 2307 351 2324 α
369 2295 582 2336 gravissimis,
610 2300 677 2326 etc.
703 2294 801 2326 Rom.

138 2347 200 2385 Qui
215 2359 236 2376 a
251 2347 444 2389 gravissimis
462 2348 585 2378 senibus
606 2349 651 2378 sic
669 2356 804 2377 ornatur

136 2407 336 2440 amaturque.
358 2397 401 2430 H.
421 2417 466 2422 -—
482 2397 682 2430 Genuinum
711 2397 805 2430 vide-

136 2457 204 2482 tur.
224 2449 401 2482 Secundus
413 2449 486 2489 VI,
509 2450 549 2489 34
563 2476 571 2491 ‚
592 2461 623 2482 1:
644 2448 803 2482 «Gladia-

136 2503 262 2535 torium
276 2501 662 2535 munusVeronensibus
678 2501 802 2535 nostris

136 2555 319 2599 promisisti
339 2566 347 2594 ;
366 2567 383 2587 a
403 2554 530 2600 quibus
550 2553 632 2586 olim
653 2554 777 2587 amaris
792 2579 800 2593 ,

138 2607 316 2651 suspiceris
327 2631 336 2647 ,
353 2606 499 2639 ornaris.
508 2606 543 2640 S.

189 2675 239 2682 -·
260 2661 448 2706 Γιγνώσκων
462 2684 472 2700 ,
494 2660 552 2693 ὅτι.
574 2658 658 2691 Mihi
672 2670 742 2691 non
763 2658 801 2690 fit

141 2710 338 2754 verisimile,
352 2712 395 2744 ita
409 2737 417 2751 ,
434 2711 532 2744 uthic
547 2723 723 2755 expressus
738 2718 799 2750 cst,

866 1191 1045 1225 laudatum
1061 1205 1079 1224 a
1093 1192 1204 1224 Plinio
1218 1190 1391 1235 Euripidis
1406 1191 1532 1223 locum.

867 1246 965 1278 Certe
980 1244 1066 1277 illud
1084 1246 1267 1290 γιγνώσκων
1287 1256 1356 1276 non
1371 1252 1513 1288 apparet
1526 1269 1534 1284 ‚

866 1297 1041 1343 quomodo
1058 1309 1223 1342 usurpare
1236 1296 1398 1342 potuerit.
1420 1295 1536 1328 Cohae-

866 1357 917 1382 ret
937 1349 1028 1382 enim
1053 1349 1220 1382 sententia
1235 1374 1243 1388 ,
1263 1361 1368 1393 quam
1394 1361 1433 1380 ex
1456 1349 1536 1380 Bar-

866 1401 1015 1434 nesianis
1028 1401 1243 1446 fragmentis,
1255 1400 1425 1439 Phoenice,
1435 1413 1535 1434 versu

868 1466 887 1497 9
902 1480 910 1495 ,
929 1455 981 1496 (ex
992 1453 1154 1486 AEschine
1169 1453 1204 1486 in
1216 1453 1441 1486 Timarchum
1454 1466 1534 1499 pag.

871 1517 949 1548 191,
977 1505 1058 1538 edit.
1091 1508 1192 1549 1607,
1220 1506 1262 1550 f.)
1280 1517 1512 1550 proponemus
1527 1531 1535 1545 ,

867 1558 933 1590 hoe
951 1557 1069 1591 modo.

895 1605 993 1650 ὅστις
1009 1609 1041 1644 δ’
1054 1614 1167 1658 ὁμιλῶν
1184 1609 1302 1647 ἥδεται
1315 1614 1423 1650 κακοῖς
1440 1613 1535 1656 ἀνὴρ,

895 1666 942 1697 Οὐ
959 1665 1091 1698 πώποτ’
1103 1665 1278 1710 ἠρώτησα,
1295 1665 1471 1709 γινώσκων,
1489 1665 1536 1697 ὅτι

895 1718 1041 1755 Τοιοῦτός
1058 1719 1154 1753 ἐστιν,
1167 1712 1276 1762 οἷσπερ
1293 1714 1410 1753 ἥδεται
1428 1718 1535 1757 ξυνών.

868 1769 979 1813 Negat
991 1780 1027 1802 se
1037 1768 1284 1813 inquirendum
1300 1769 1390 1801 ultra
1400 1776 1537 1813 putasse

869 1819 904 1852 in
934 1833 1048 1853 mores
1069 1824 1142 1861 ejus
1165 1820 1251 1859 viri,
1271 1820 1331 1865 qui
1350 1833 1537 1865 pravorum

869 1873 1041 1905 consortio
1059 1871 1306 1912 delectaretur,
1324 1875 1413 1915 quod
1423 1875 1534 1912 sciret,

868 1924 971 1957 talem
996 1937 1090 1965 esse,
1122 1924 1241 1969 quales
1265 1924 1358 1964 sint,
1386 1937 1537 1970 quorum

868 1977 1027 2009 societate
1038 1976 1197 2021 gaudeat.
1210 1975 1412 2018 Quomodo,
1422 1990 1538 2023 quaeso

867 2042 928 2062 vos
943 2055 951 2069 ,
968 2029 1056 2062 illud
1082 2031 1244 2076 γινώσκων
1265 2029 1310 2062 ad
1334 2030 1435 2062 Plinii
1461 2043 1537 2063 sen-

868 2082 1009 2115 tentiam
1031 2081 1201 2127 pertinet?
1221 2082 1399 2122 Quantum
1421 2083 1484 2115 sibi
1502 2082 1537 2115 in

867 2133 986 2167 Graeca
1005 2135 1107 2167 lleere
1125 2135 1321 2180 putaverint
1348 2134 1480 2169 librarii
1506 2144 1538 2169 et

868 2187 1000 2226 critici,
1026 2194 1173 2220 constat.
1201 2187 1321 2231 Itaque
1345 2189 1537 2232 putaverim

866 2239 913 2271 ita
938 2239 1075 2272 dedisse
1097 2239 1246 2272 Plinium
1266 2250 1274 2271 .·
1292 2243 1438 2280 Τειοῦτός
1453 2244 1537 2275 ἐστιν

868 2294 1019 2333 ἕκαστος,
1036 2287 1143 2337 οἷσπερ
1159 2290 1276 2329 ἥδεται
1295 2292 1537 2333 ξυνών.νυοευι

868 2347 1003 2384 ἕκαστος
1017 2344 1147 2378 hahent
1159 2345 1237 2377 libri
1254 2344 1397 2390 quidam
1412 2356 1419 2376 τ
1433 2345 1538 2388 ejece-

867 2404 969 2436 runt,
996 2405 1081 2442 puto
1097 2424 1106 2439 ‚
1133 2399 1193 2442 qui
1221 2397 1313 2442 apud
1337 2396 1536 2430 AEschinem

867 2448 983 2481 abesse
998 2474 1007 2488 ,
1021 2457 1053 2481 et
1072 2449 1106 2481 in
1124 2458 1234 2482 metro
1248 2448 1443 2481 redundare
1461 2474 1470 2488 ,
1490 2449 1537 2481 vi-

867 2499 998 2533 dorent.
1024 2501 1068 2534 G.
1092 2500 1183 2534 Add.
1205 2500 1348 2534 Gesneri
1372 2500 1417 2533 ad
1440 2502 1468 2532 I.
1491 2501 1532 2533 A.

864 2553 997 2586 Ernest.
1014 2552 1454 2598 epistola.*Scribendum
1469 2578 1478 2593 ,
1498 2561 1536 2585 ut

866 2605 967 2638 habet
984 2618 1103 2647 margo
1130 2605 1342 2650 Stephanicae
1363 2605 1532 2637 AEschinis

866 2671 944 2703 pag.
968 2671 1023 2699 21,
1044 2663 1099 2699 4².
1121 2660 1266 2696 Τοιοῦτός
1285 2660 1361 2694 ἐσθ’,
1386 2654 1454 2696 ’,ἴοις
1473 2672 1531 2703 περ

867 2710 982 2746 ἥδεται
1003 2713 1109 2751 ξυνών.
1127 2711 1158 2743 S.

1560 658 1579 688 6
