1757 2880
206 182 345 210 xxxvr
488 168 524 209 J.
562 169 615 210 A.
654 167 960 211 G-ES'NERI
995 167 1331 211 EP—ISTOLA

203 249 270 295 qui
291 247 468 291 volebat,
498 247 530 283 si
557 247 763 296 impeditus
795 255 891 282 esset
919 259 1054 295 parare
1078 248 1303 291 orationem,
1323 260 1439 297 quam
1460 249 1606 286 actione

201 308 342 344 deiude
362 309 606 358 exprimeret.

256 374 296 418 Ι,
318 385 381 415 20,
409 385 466 420 17.
488 374 545 408 De
561 371 760 420 Eupolidis
778 372 817 407 in
836 371 1017 408 Periclem
1033 373 1163 409 verbis
1179 373 1290 408 etiam
1310 374 1412 410 dicta
1431 375 1607 423 quaedam

203 434 250 470 ad
268 433 433 480 Quintil.
452 435 509 477 X,
538 447 569 479 1,
591 433 652 469 82.

254 504 310 548 ΙΙ,
326 503 362 548 3,
379 515 413 539 2.
433 503 548 538 Ponit
562 503 836 538 controversias
856 502 926 538 libi
949 501 1094 550 placet,
1116 517 1236 551 quum
1254 502 1346 540 alias
1363 517 1443 540 non
1466 504 1608 540 intelli-

203 573 327 614 gatur,
351 564 548 612 quomodo
572 564 757 611 clegerint
777 563 983 599 auditores.
1003 565 1101 599 Mihi
1121 564 1236 600 etiam
1257 565 1337 600 sine
1366 564 1609 600 dubitatione

202 627 387 674 placeret,
415 626 489 661 nisi
516 624 884 672 extemporalitatem
912 625 1083 660 laudaret
1110 625 1254 661 Plinius
1281 639 1288 660 2
1319 638 1401 672 quae
1435 632 1610 672 suspecta

203 700 292 723 sane
313 695 384 733 est,
413 687 444 722 si
468 686 549 735 ipse
571 686 804 721 declamator
826 686 1106 722 controversias
1124 688 1236 733 ponit
1257 700 1268 720 .·
1293 694 1468 734 suspecta
1497 686 1612 721 etiam

204 756 281 791 est,
303 748 335 783 si
358 748 404 783 de
425 747 604 796 pluribus
625 759 718 794 quas
735 747 930 794 poposcit,
957 760 1073 782 unam
1096 748 1175 794 ipse
1199 747 1337 794 eligat,-
1363 754 1486 794 potest
1508 746 1612 780 enim

203 809 457 845 constitutum
480 807 622 843 habere
648 820 735 842 cum
767 820 811 842 eo
841 807 908 855 qui
936 807 1085 855 posuit3
1111 814 1237 853 potest
1264 814 1365 842 certe
1394 806 1613 842 facillimam

205 871 383 920 deligere.
403 869 582 918 Suspicio
603 872 728 904 omnis
747 869 875 913 abest,
891 869 920 904 si
941 869 1068 916 primo
1081 869 1206 916 poscit
1222 868 1505 904 controversias
1524 868 1613 917 plu-

202 944 282 976 res3
315 931 462 980 tumde
488 930 666 978 pluribus
696 929 771 964 illis
794 928 1021 965 electionem
1042 929 1228 977 permittit
1249 929 1516 970 auditoribus,
1546 928 1615 976 qui

204 992 265 1028 vel
285 992 562 1027 sententiarum
584 1003 767 1034 numero,
787 991 847 1025 vel
868 998 971 1025 sorte
999 990 1095 1025 adeo
1122 990 1297 1025 decidere
1324 997 1501 1037 possunt.
1526 991 1615 1024 Mea

203 1053 267 1089 hie
285 1054 397 1100 culpa
416 1060 489 1094 est,
510 1052 595 1098 qui⁷
618 1052 710 1086 dum
724 1051 850 1086 brevis
872 1063 952 1085 esse
965 1051 1097 1094 volui,
1116 1051 1278 1098 abrupte
1297 1050 1410 1086 nimis
1432 1052 1613 1098 loquutus

205 1127 290 1150 sum
305 1142 312 1155 ‚
326 1121 369 1148 ut
385 1121 426 1147 tu
441 1113 556 1147 etiam
572 1111 749 1147 dubitare
768 1122 901 1158 posses
913 1136 924 1151 ‚
940 1111 1008 1158 qui
1026 1118 1082 1145 tot
1098 1112 1279 1158 perplexa
1292 1112 1410 1147 solvis
1426 1111 1613 1158 quotidie.

257 1185 309 1228 ΙΙ,
337 1183 371 1227 5,
393 1182 427 1217 6.
442 1183 516 1216 Pro
532 1180 717 1217 adverbio
732 1180 870 1224 helius,
889 1188 1022 1215 contra
1039 1181 1203 1216 alterum
1220 1182 1369 1225 lautius,
1390 1193 1616 1230 propugnas

206 1246 281 1280 hoc
302 1245 420 1280 modo
435 1271 444 1287 ‚
460 1256 540 1278 non
557 1250 707 1278 tantum
724 1249 766 1277 ut
784 1242 839 1276 illi
851 1242 977 1277 locum
997 1240 1058 1276 hic
1075 1254 1155 1277 esse
1175 1242 1370 1286 ostendas,
1385 1243 1491 1290 quod
1508 1242 1617 1278 facile

207 1306 318 1349 dedi3
343 1305 410 1341 sed
430 1304 519 1340 huic
537 1311 581 1338 ut
597 1315 680 1338 esse
698 1314 827 1349 neges.
846 1302 961 1337 Ponis
986 1311 1133 1349 aulem,
1152 1302 1214 1338 hic
1233 1316 1451 1338 sermonem
1468 1316 1549 1339 esse
1568 1303 1616 1338 de

206 1368 316 1414 copia
329 1366 516 1402 orationis
531 1393 540 1409 ‚
562 1364 609 1401 ad
629 1377 746 1412 quam
760 1366 882 1398 lautus
898 1364 960 1398 vix
982 1364 1185 1399 referatur.
1208 1366 1335 1408 Quum
1351 1377 1443 1400 vero
1459 1364 1588 1401 videas
1602 1390 1614 1406 ,

206 1427 280 1463 hoc
301 1440 380 1464 non
401 1426 492 1463 satis
514 1425 669 1461 firmum
691 1437 772 1460 esse
787 1453 796 1469 ‚
824 1433 858 1460 et
883 1427 1004 1459 lautos
1031 1426 1204 1461 homines
1231 1425 1343 1460 etiam
1365 1425 1440 1461 dici
1469 1427 1616 1473 copiose

205 1497 375 1532 ornatos,
402 1501 473 1523 nec
494 1487 541 1523 de
561 1488 641 1523 sola
662 1485 722 1522 hic
743 1486 854 1533 copia
876 1486 937 1534 agi
954 1514 963 1531 ,
988 1499 1104 1535 negas
1124 1499 1250 1521 secero
1277 1494 1314 1522 et
1344 1487 1444 1521 eristi
1470 1487 1618 1535 opponi

208 1562 322 1600 posse
337 1552 503 1591 Zaucum5
521 1547 667 1596 opponi
685 1549 811 1582 loetum
829 1561 847 1581 a
864 1555 1000 1583 nostro
1014 1549 1090 1591 111,
1113 1548 1173 1591 18,
1194 1560 1251 1582 10.
1266 1549 1409 1582 Verum
1425 1548 1499 1583 hoc
1517 1560 1618 1596 quo-

209 1623 284 1658 que
307 1611 417 1645 aliter
438 1622 476 1645 se
503 1609 642 1644 habere
657 1637 666 1652 ,
687 1607 783 1643 mihi
807 1608 1021 1644 videbatur.
1043 1610 1170 1644 Severi
1186 1617 1222 1644 et
1245 1610 1368 1644 tristes
1390 1609 1504 1644 iidem
1528 1616 1618 1657 sunt:

208 1672 392 1718 squalidi,
418 1670 624 1712 immundi,
647 1677 689 1704 ut
713 1669 750 1703 in
769 1668 917 1719 jejunio
944 1668 1125 1704 Pharisaei
1144 1684 1151 1704 :
1177 1670 1318 1705 hilares
1338 1677 1472 1705 contra
1495 1670 1614 1712 lauti,

208 1734 333 1775 uncti,
364 1733 476 1766 nitidi
493 1739 562 1766 etc.
582 1730 717 1777 quales
737 1730 822 1765 vult
851 1744 931 1766 esse
957 1731 1135 1766 Salvator
1152 1743 1261 1774 suos,
1290 1744 1411 1778 quum
1437 1730 1618 1776 jejunant

209 1793 336 1828 etiam.
358 1792 533 1839 Denique
549 1804 626 1826 non
644 1790 846 1838 probabile
862 1800 914 1827 es{
931 1819 940 1834 ,
956 1805 1028 1839 pro
1047 1793 1169 1827 laetius
1186 1792 1349 1840 aliquem
1374 1792 1618 1827 substituisse

209 1854 348 1888 lautius
366 1867 376 1886 .·
397 1853 460 1888 sed
483 1852 557 1888 hoc
578 1851 636 1887 illi
651 1851 801 1898 jussum
829 1852 963 1888 cedere
982 1865 1003 1888 a
1021 1852 1331 1895 correctoribus,
1353 1853 1414 1888 vel
1438 1852 1521 1900 ipsa
1550 1859 1617 1887 tua

210 1914 418 1963 disputatio
442 1914 597 1949 iudicat.

261 1986 350 2032 Pag.
373 1996 421 2031 9‘)
435 2011 445 2027 ‚
468 1996 505 2017 n.
529 1989 586 2025 14.
605 1983 776 2018 Obscum
793 1984 979 2031 loquutus
995 1996 1091 2019 sum.
1104 1984 1187 2018 Hoc
1199 1983 1302 2026 volo,
1314 1991 1385 2017 tres
1401 1982 1617 2028 clepsydras

210 2044 317 2078 unius
338 2044 442 2078 lzoroe
462 2045 583 2089 spatio
605 2044 813 2090 effluxisse.

263 2113 301 2148 II
314 2140 323 2156 ‚
342 2125 356 2146 1
369 2125 402 2156 ι,
416 2111 477 2147 25.
504 2114 591 2161 Leg.
611 2114 726 2147 scribe
740 2144 750 2159 ‚
770 2114 863 2160 quid
877 2114 1090 2149 arbusculoe
1107 2122 1236 2160 agant.
1256 2117 1497 2162 Quamquam
1515 2112 1617 2148 enim

211 2173 301 2208 satis
320 2173 501 2220 frequens
519 2181 597 2215 est3
623 2182 710 2221 post
732 2175 1006 2223 interrogativa
1021 2202 1029 2217 ‚
1053 2175 1210 2222 obliqua
1234 2175 1368 2219 etiam,
1389 2176 1483 2223 poni
1513 2173 1616 2210 indi*

210 2234 399 2268 cativum:
425 2234 580 2268 Cortius
600 2242 727 2270 tamen
741 2262 751 2279 ,
770 2235 884 2270 credo
903 2235 1016 2270 bonis
1037 2236 1262 2272 auctoribus
1275 2265 1284 2281 ‚
1304 2246 1426 2284 agant
1443 2238 1587 2286 posuit.

262 2306 321 2349 II,
349 2318 405 2350 17,
429 2317 465 2338 n.
492 2317 523 2338 1.
544 2307 681 2340 Mones
700 2318 774 2348 me,
799 2306 864 2353 qui
887 2319 924 2341 es
942 2305 1076 2342 oculus
1094 2319 1222 2351 meus,
1244 2307 1480 2344 consulenda
1503 2310 1616 2346 etiam

211 2377 312 2408 esse,
330 2378 413 2412 quae
429 2366 473 2400 de
491 2364 567 2400 situ
585 2366 808 2401 Laurentini
822 2375 953 2402 contra
972 2368 1215 2403 Holstenium
1229 2368 1402 2416 disputat
1416 2369 1616 2406 Fabrettus

209 2426 331 2461 Inscr.
348 2433 442 2462 anth
460 2438 499 2472 p.
518 2426 604 2470 752.

264 2497 352 2542 Pag.
380 2501 467 2539 ¹41>
489 2509 526 2532 ιι.
547 2510 581 2541 7.
611 2496 762 2543 Abjecit
793 2497 896 2532 heu!
927 2498 1095 2533 humana
1127 2498 1257 2534 omnia
1279 2498 1447 2535 Baierus.
1478 2501 1616 2549 Itaque

210 2568 291 2590 non
311 2564 365 2591 est
378 2584 387 2600 ,
409 2557 515 2605 quod
535 2558 743 2605 parvulum
758 2557 854 2593 illud
874 2559 922 2594 ab
942 2571 988 2594 eo
1006 2572 1201 2607 speremus
1214 2588 1224 2605 ‚
1244 2561 1311 2610 qni
1327 2560 1451 2597 multo
1468 2562 1612 2608 majora

211 2615 437 2652 destituerit.
