1742 2989
216 194 304 238 312

628 199 677 240 (j.
714 198 943 242 PLINII
973 199 1097 241 LlB.
1134 200 1187 241 V.

213 275 467 332 amabilius,
493 293 574 322 nec
600 278 732 322 modo
762 278 959 341 longiore
983 281 1094 338 vita,
1121 279 1192 324 sed
1225 296 1362 341 prope
1386 281 1613 326 immorta-

171 366 187 384 ι)-
213 347 356 406 litate,
379 349 553 411 dignius
577 351 680 396 vidi.
705 352 915 398 Nondum
942 369 1079 398 annos
1103 353 1433 415 quatuordecim
1457 355 1614 416 imple-

212 432 365 478 verat,
402 433 445 467 et
471 425 563 484 jam
597 424 659 469 illi
688 425 814 470 anilis
846 426 1104 487 prudentia,
1138 426 1391 471 matronalis
1426 428 1615 489 gravitas

213 505 305 539 erat
328 513 337 539 :
364 505 407 540 et
440 506 587 542 tamen
612 500 799 544 suavitas
825 499 1030 561 puellaris
1055 518 1155 545 cum
1176 500 1377 563 virginali
1403 519 1613 546 verecun-

167 581 187 614 3
213 567 297 612 dia.
332 570 393 612 Ut
420 568 492 613 illa
522 572 659 632 patris
690 572 933 617 cervicibus
963 573 1228 619 inhaerebat!
1265 585 1311 619 ut
1345 592 1424 619 nos
1453 576 1615 619 amicos

211 651 418 702 paternos
446 653 489 687 et
516 655 716 690 amanter
743 655 786 690 et
811 647 1005 691 modeste
1033 647 1426 709 complectebatur!
1455 659 1503 692 ut
1532 666 1614 692 nu-

211 715 364 771 trices,
390 726 440 760 ut
469 717 751 780 paedagogos,
777 729 824 764 ut
850 730 1161 782 praeceptores,
1188 738 1267 783 pro
1293 739 1370 766 suo
1397 739 1616 783 quemque

212 787 385 846 officio,
411 789 638 852 diligebat!
661 793 809 850 Quam
836 793 1050 850 studiose,
1076 812 1208 855 quam
1234 795 1528 856 intelligenter
1553 795 1617 839 le-

211 861 416 907 ctitabat!
442 874 491 908 ut
516 882 647 926 parce
676 866 978 929 custoditeque
1003 866 1202 913 ludebat!
1225 869 1324 925 Qua
1350 869 1423 912 illa
1448 879 1617 930 tempe-

211 945 374 991 rantia,
400 954 487 998 qua
521 939 758 999 patientia⁷
783 957 869 1001 qua
904 941 1035 984 etiam
1065 942 1309 985 constantia
1337 941 1617 985 novissimam

167 1019 187 1056 4
211 1009 506 1055 valetudinem
528 1010 645 1057 tulit!
660 1014 844 1058 Medicis
863 1015 1202 1075 obsequebatur,
1215 1031 1428 1071 sororem,
1447 1024 1618 1075 patrem

211 1082 551 1139 adhortabatur,
578 1086 805 1148 ipsamque
835 1104 878 1131 se
907 1087 1160 1132 destitutam
1190 1089 1387 1149 corporis
1416 1089 1483 1132 sui
1514 1088 1620 1131 viri-

209 1155 315 1211 bus,
335 1158 484 1218 vigore
518 1160 654 1203 animi
689 1161 942 1204 sustinebat.
969 1162 1159 1205 Duravit
1193 1161 1265 1205 hic
1298 1160 1359 1205 illi
1393 1177 1531 1222 usque
1566 1160 1621 1204 ad

210 1238 456 1274 extremum
473 1266 484 1286 ‚
508 1248 589 1276 nec
617 1242 694 1276 aut
726 1234 867 1293 spatio
895 1233 1180 1289 valetudinis,
1211 1244 1287 1278 aut
1319 1244 1439 1278 metu
1467 1234 1620 1277 mortis

212 1301 423 1346 infractus
452 1314 540 1361 est3
566 1321 653 1365 quo
678 1304 826 1365 plures
860 1306 1169 1367 gravioresque
1201 1307 1327 1350 nobis
1353 1323 1525 1351 caussas
1550 1323 1621 1350 re-

167 1375 186 1410 5
212 1373 431 1435 linqueret
455 1387 499 1420 et
526 1377 727 1421 desiderii
752 1388 796 1422 et
819 1378 994 1423 doloris.
1019 1381 1059 1423 O
1085 1381 1208 1423 triste
1234 1379 1364 1440 plane
1390 1380 1622 1423 acerbum-

213 1465 298 1508 que
329 1449 461 1494 funus
479 1449 488 1494 l

519 1468 545 1495 o
573 1461 715 1495 morte
748 1453 841 1513 ipsa
873 1453 1025 1496 mortis
1054 1462 1228 1513 tempus
1255 1449 1499 1513 indignius!
1525 1455 1620 1496 Jam

212 1521 427 1567 destinata
447 1534 541 1568 erat
560 1526 736 1586 egregio
749 1526 901 1585 juveni
914 1561 924 1581 ‚
943 1526 1035 1586 jam
1056 1525 1218 1570 electus
1236 1526 1491 1586 nuptiarum
1513 1525 1622 1581 dies,

207 1595 301 1655 jam
321 1613 400 1641 nos
419 1598 576 1642 vocati.
594 1598 728 1655 Quod
748 1599 956 1659 gaudium
979 1615 1066 1659 quo
1088 1615 1275 1642 moerore
1296 1607 1515 1641 mutatum
1538 1595 1619 1642 est!

211 1670 315 1713 Non
350 1686 528 1730 possum
560 1673 803 1732 exprimere
838 1672 1010 1726 verbis,
1036 1682 1251 1732 quantum
1283 1672 1430 1715 animo
1465 1671 1623 1715 vulnus

212 1743 479 1803 acceperim,
505 1760 642 1805 quum
668 1744 815 1788 audivi
837 1744 1101 1790 Fundanum
1126 1746 1269 1806 ipsum
1298 1744 1367 1807 (ut
1391 1744 1528 1789 multa
1553 1744 1623 1789 lu-

211 1866 320 1899 nostri
339 1866 410 1899 filia
428 1866 562 1899 minore
579 1865 780 1900 defuncta.»
799 1868 888 1900 Lau—

211 1918 327 1964 guide.
345 1919 379 1953 S.
389 1921 505 1951 —Sed
508 1932 612 1962 prope
625 1921 884 1959 immortalitate,

211 1973 347 2015 dignius.
362 1973 460 2005 Rom.
471 1974 534 2004 Sed
540 1985 633 2014 poene
646 1974 888 2005 immortalitate

211 2026 351 2067 dlgnz'ao'.
373 2024 417 2057 H.

262 2089 293 2108 2.
304 2081 416 2108 Annos
430 2080 673 2119 quatuordecim
692 2080 884 2120 impleverat.

212 2129 301 2161 Rom
307 2155 314 2161 .
320 2133 431 2161 Annos
439 2132 683 2171 quatuordecim
692 2133 883 2172 expleverat.

212 2181 474 2214 H.—Nondum
494 2195 608 2214 annos.
631 2182 674 2214 Et
691 2184 763 2227 jam
782 2182 885 2215 desti-

212 2242 295 2267 nata
310 2234 448 2267 marito.
464 2234 597 2279 Nempe
612 2246 651 2267 ex
666 2235 828 2268 Romanis
842 2235 888 2268 le-

213 2287 313 2333 gibus
327 2311 336 2327 ,
356 2286 506 2331 virgines
524 2287 658 2320 nubiles
676 2296 776 2320 crant
795 2300 886 2320 anno

213 2339 321 2372 aetatis
339 2338 567 2379 duodecimo;
584 2346 688 2385 atque
701 2352 739 2372 ex
756 2340 887 2373 institu-

213 2391 305 2425 tione
313 2391 470 2436 Augusti,
479 2390 614 2425 decimo
624 2404 727 2432 annO,
739 2392 887 2439 despon-

214 2444 283 2478 sari
297 2451 466 2489 poterant.
487 2444 551 2476 En.

263 2497 295 2530 3.
322 2501 362 2528 Ut
381 2498 438 2529 illa
458 2498 564 2540 patris
586 2499 763 2529 cervicibus.
786 2498 884 2530 Rom.

219 2553 260 2581 Ut
266 2551 373 2592 patris
387 2551 565 2582 cervicibus.
575 2549 708 2582 Deinde
718 2574 727 2589 ‚
742 2560 777 2582 ut
786 2552 886 2582 natri-

216 2614 264 2633 ces
291 2611 322 2633 ct
342 2604 557 2645 paedagogos,
583 2610 688 2635 recte.
719 2602 762 2634 Hi
788 2610 886 2636 crant

216 2652 371 2699 ejusdem
390 2653 610 2688 conditionis.
631 2654 675 2686 H.

264 2726 306 2729 ——
319 2707 490 2738 Custodia:
503 2706 591 2741 Tam
606 2706 775 2753 ctpudice
787 2714 817 2739 et
832 2721 885 2740 γει

951 1867 1105 1901 recunde
1119 1892 1128 1907 ‚
1154 1875 1322 1913 tanquam
1349 1876 1464 1901 custos
1485 1868 1520 1901 in
1546 1881 1625 1914 pro·

952 1920 1084 1966 pinquo
1099 1929 1200 1954 esset.
1222 1921 1263 1953 Ε.

988 1975 1286 2017 —Qaapatientia.
1295 1973 1426 2006 Desunt
1433 1972 1468 2004 in
1477 1973 1571 2004 Rom.
1580 1971 1622 2004 H.

998 2030 1032 2067 4.
1044 2031 1173 2058 Patrem
1184 2028 1429 2058 adhortabatur.
1437 2027 1535 2059 Rom.
1545 2029 1625 2056 Par-

952 2081 1007 2111 tim
1023 2080 1270 2111 adhortabatur.
1288 2079 1330 2110 Et
1348 2086 1464 2123 postea
1484 2079 1624 2120 corporis

950 2133 1093 2169 viribus,
1113 2131 1184 2164 siue
1210 2130 1418 2177 pronomine
1438 2132 1497 2162 sui.
1518 2130 1561 2162 H.
1579 2149 1625 2155 —-

951 2181 1145 2216 Delendum
1158 2185 1224 2222 sui,
1243 2182 1339 2228 quod
1353 2195 1417 2216 nec
1433 2181 1572 2215 Cortius
1589 2181 1624 2214 in

952 2235 1047 2267 libris
1066 2234 1134 2267 suis
1150 2235 1296 2280 reperit,
1312 2233 1461 2280 ideoque
1473 2235 1550 2280 jure
1570 2246 1624 2267 ex-

951 2287 1084 2333 punxit.
1103 2288 1138 2321 S.

1000 2340 1032 2373 5.
1054 2344 1080 2371 O
1096 2350 1197 2372 morte
1212 2342 1281 2383 ipsa
1301 2341 1409 2372 mortis
1425 2349 1554 2381 tempus.
1568 2337 1623 2371 Sic

952 2400 984 2425 et
991 2394 1089 2426 Rom.
1100 2391 1231 2425 Deinde
1241 2394 1330 2436 ‚jam
1342 2405 1400 2424 nos
1410 2392 1569 2424 advocati.
1577 2389 1621 2422 H.

999 2449 1032 2480 6.
1060 2448 1251 2478 Fundanum
1279 2447 1396 2488 ipsum,
1431 2451 1495 2476 etc.
1524 2443 1621 2474 Rom.

952 2501 1144 2530 Fundanum
1161 2507 1196 2529 ut
1208 2500 1319 2529 multa.
1337 2497 1436 2528 Deest
1452 2497 1563 2537 ipsulm
1577 2493 1621 2525 H.

952 2554 1113 2583 —Frlulta
1123 2574 1223 2582 .....
1233 2552 1325 2581 dolor
1342 2550 1467 2580 invenit.
1491 2547 1624 2591 Nempe

951 2603 1062 2636 omnis
1086 2602 1207 2635 dolens
1232 2600 1384 2646 quodam
1403 2599 1509 2633 modo
1529 2607 1622 2631 amat

952 2655 1106 2689 dolorem
1115 2667 1228 2688 suum.
1237 2655 1357 2699 Itaque
1366 2651 1556 2685 Fundanus
1566 2664 1623 2695 pa-

952 2716 1016 2746 ler,
1033 2707 1115 2741 (lum
1129 2706 1279 2751 principit
1291 2705 1360 2738 suis
1374 2730 1382 2745 ,
1400 2712 1435 2737 ut
1450 2717 1512 2748 pro
1528 2703 1623 2736 vcsti=¹²
