1742 2989
177 216 260 259 116

587 216 634 257 C.
671 215 889 258 PLINM
926 216 1048 258 LIB.
1086 217 1148 257 II.

166 297 270 341 niati
288 333 298 353 ,
328 296 697 346 observabuntum
719 295 956 356 praesertim
983 313 1118 356 quum
1138 294 1318 339 delatori
1339 295 1458 340 locus
1479 313 1565 340 non

121 385 138 420 4
164 371 231 414 sit.
260 372 371 416 Nam
395 371 427 413 si
456 369 694 414 verendum
714 379 847 423 esset,
876 385 955 425 ne,
976 369 1094 429 quod
1120 385 1200 430 ego
1227 369 1438 413 dedissem
1458 406 1469 424 ‚
1490 387 1566 431 po-

165 443 293 503 pulus
327 444 536 504 eriperet,
569 442 814 486 cunctatior
840 441 1019 485 fortasse
1048 452 1091 485 et
1125 443 1294 486 cautior
1316 459 1405 486 esse
1435 442 1567 487 debe--

164 534 279 561 rem:
303 534 438 578 quum
466 533 567 560 vero
592 516 717 559 liceat
734 514 885 558 heredi
908 514 1095 571 donare,
1123 515 1240 576 quod
1262 517 1305 558 in
1326 515 1566 559 hereditate

159 590 377 644 subsedit,
400 589 508 632 nihil
534 599 596 633 est
612 624 624 643 ‚
644 588 761 649 quod
790 588 932 632 obstet
955 588 1013 632 illi
1035 606 1139 632 meae
1164 588 1245 650 legi
1261 624 1271 643 ‚
1292 591 1361 633 cui
1381 589 1565 650 publicae

164 663 276 723 leges
298 679 386 707 non
413 671 676 723 repugnant.
705 660 828 706 Vale.

208 786 240 819 3.
262 787 418 818 Delatori.
441 784 509 825 Qui
528 783 680 816 caussari
699 792 801 828 queat
818 810 827 826 ‚

161 838 310 882 legatum
326 837 413 869 illud
427 837 565 882 publico
585 835 805 868 inferendum
817 863 826 877 ‚

160 898 326 936 tanquam
355 889 526 923 caducum
538 916 546 931 ⁷
575 897 613 922 ut
646 888 732 921 adeo
746 916 754 930 ,
782 898 828 922 ta-

160 951 259 976 cente
275 943 377 975 etiam
392 942 502 974 Plinio
518 950 550 974 et
563 940 741 974 codicillos
756 954 825 974 non

159 997 375 1041 improbante
387 1022 394 1036 ,
407 1002 519 1027 tamen
532 995 681 1039 legatum
693 994 737 1027 ad
751 994 826 1026 illos

157 1061 227 1081 non
246 1048 421 1093 perveniat
435 1074 443 1087 ‚
465 1047 590 1092 quibus
614 1055 751 1079 testator
771 1046 828 1079 de-

158 1100 314 1133 stinarat.
334 1100 376 1132 G.

204 1159 236 1194 4.
267 1156 451 1185 c'mzceatior
464 1154 607 1196 fortasse
632 1163 662 1184 ec
686 1155 822 1185 cautior.

159 1207 252 1239 Rom.
273 1209 628 1250 Cunctantiorjortasse
643 1216 673 1237 et
684 1208 820 1238 cautior.

156 1258 310 1290 Alterum
328 1286 336 1300 ‚
362 1261 564 1296 cunctatior,
593 1271 636 1291 an
660 1258 823 1291 Latinum

155 1311 216 1352 sit,
232 1311 364 1344 dubito.
383 1313 533 1353 LVIII,
549 1325 602 1357 ep.
622 1312 661 1345 13
674 1339 682 1352 ‚
697 1315 729 1345 6.
746 1315 826 1343 Erat

155 1366 236 1395 enim
268 1367 469 1396 cunctantior
498 1368 695 1407 cautiorque.
723 1364 825 1396 Aliud

154 1424 204 1448 est
223 1419 386 1455 testatior,
411 1420 608 1449 moderatior
626 1425 658 1449 et
675 1416 801 1449 similia
815 1443 823 1457 ,

154 1481 229 1514 quse
245 1481 263 1501 a
277 1469 529 1515 deponentibus
540 1469 643 1502 ducta
656 1469 823 1514 passivam

154 1521 441 1565 significationem
466 1521 617 1562 habent,
649 1535 717 1554 non
745 1521 824 1554 acti-

164 1650 464 1661 ==5=t=w===⁷xxu
467 1649 850 1660 ===================

895 795 994 825 vam,
1022 782 1279 823 iitse'zttzctatt‘ot·,
1304 796 1366 829 pro
1392 797 1462 830 quo
1487 797 1563 816 ειιιι-

894 839 1034 868 ctantior
1057 837 1157 869 facile
1183 835 1337 869 admitto.
1366 836 1409 869 H.
1433 857 1476 861 ——
1495 838 1563 869 Lu-

894 889 1018 922 cretius
1039 890 1091 921 111
1103 916 1111 930 ‚
1130 890 1192 932 193
1205 916 1212 930 ‚
1228 889 1366 933 (mellis)
1382 892 1565 921 contantior

893 951 998 979 actus,
1017 941 1278 975 11tW⁷akesseId.
1295 941 1429 987 scripsit
1445 953 1452 973 :
1469 941 1561 986 vulg.

893 997 1106 1027 cum-cantior.
1144 994 1198 1027 Sic
1224 994 1304 1026 alibi
1330 997 1506 1026 cunctatim
1532 1003 1563 1025 et

892 1050 1091 1079 cunctantius
1102 1047 1257 1079 confusa.
1271 1046 1353 1079 Vid.
1371 1047 1559 1079 Burmann.

893 1099 935 1131 ad
961 1100 1100 1133 Sueton.
1135 1099 1203 1131 Jul.
1238 1099 1322 1131 Caes.
1351 1111 1425 1143 cap.
1457 1099 1538 1131 XIX
1552 1126 1560 1139 ‚

892 1165 969 1196 pag.
989 1159 1030 1188 42
1044 1152 1105 1197 ‚h-S.

935 1225 982 1230 -——-
1010 1209 1048 1236 In
1080 1206 1255 1236 hereditate
1284 1205 1434 1236 subsedit.
1461 1205 1561 1236 Recte

892 1258 954 1290 ista
968 1257 1235 1302 interpretantur
1247 1269 1287 1289 ex
1298 1265 1414 1289 nostro
1424 1257 1487 1295 IV,
1505 1268 1541 1288 12
1554 1282 1562 1293 ,

896 1324 911 1343 2
925 1338 933 1352 ‚
953 1311 1025 1344 etl.
1046 1313 1108 1355 76,
1129 1325 1154 1344 π
1168 1312 1205 1353 ,5
1226 1323 1257 1352 1,
1274 1310 1410 1354 achg.
1426 1309 1558 1342 Falcid.

892 1364 1063 1396 Nimirum
1089 1365 1240 1401 subsidit,
1268 1361 1440 1408 quidquid
1468 1362 1559 1407 apud

891 1415 1053 1449 heredem
1078 1423 1231 1448 remanet
1245 1442 1254 1457 ‚
1271 1427 1379 1460 quum
1396 1427 1435 1447 ex
1462 1423 1559 1448 testa-

890 1477 1006 1501 mento
1017 1467 1238 1500 tribuendum
1250 1467 1307 1500 alii
1318 1468 1446 1500 fuisset.
1461 1467 1503 1499 G.
1515 1488 1551 1491 ἓ

890 1521 1049 1554 Similiter
1069 1521 1138 1552 fere
1157 1533 1274 1553 occur.
1293 1520 1357 1558 IV,
1373 1532 1424 1564 ep.
1449 1532 1485 1551 19.
1499 1544 1507 1557 ‚
1530 1533 1558 1552 2.

856 1648 1030 1658 ιιιιιιιιιιη
1039 1648 1315 1657 ιὶκιιςικιιικινι
1320 1647 1539 1657 ιιιιιιιιιιι

750 1773 943 1827 XVII.

554 1911 765 1959 Descriptio
787 1910 881 1946 villae
900 1914 1047 1947 Lauren
1055 1911 1149 1946 tinae.

480 2045 518 2071 (ἶ.
558 2043 790 2071 PLINIUS
826 2043 1008 2070 GALLO
1045 2043 1144 2069 SUO
1180 2042 1212 2069 S.

209 2161 435 2211 Munius,
462 2173 540 2200 cur
562 2171 631 2198 me
650 2155 991 2207 Laurentinum,
1012 2153 1078 2196 vel
1093 2187 1103 2206 ,
1124 2154 1157 2196 si
1180 2154 1237 2196 ita
1259 2155 1415 2209 mavis,
1438 2156 1551 2197 Lau-

147 2248 243 2275 rens
264 2247 409 2274 meum
437 2239 665 2289 tantopere
686 2227 883 2272 delectet.
913 2227 1098 2270 Desines
1124 2226 1295 2281 mirari,
1323 2244 1459 2288 quum
1480 2244 1549 2270 co-

190 2360 304 2393 XVII.
324 2357 378 2390 Ad
390 2357 481 2389 hanc
497 2355 676 2400 epistolam
690 2382 698 2395 ‚
716 2356 811 2388 item-

144 2427 210 2461 que
236 2411 280 2446 ad
300 2411 443 2444 alteram
462 2409 509 2449 V,
536 2411 554 2440 6
567 2435 574 2449 ,
603 2408 662 2440 ubi
680 2408 809 2441 Tuscos

143 2480 220 2499 suos
232 2463 393 2498 describit
403 2461 532 2494 Plinius
544 2487 552 2501 ‚
565 2461 600 2493 in
611 2461 809 2493 universum

143 2517 358 2563 praefandum
374 2513 504 2560 aliquid
522 2513 579 2545 hic
597 2512 731 2545 videtur
742 2540 750 2554 ‚
767 2526 810 2545 ne

141 2573 196 2604 cui
211 2572 295 2603 forte
311 2570 345 2601 in
361 2578 493 2612 magnae
508 2565 689 2612 cujusdam
706 2565 810 2610 negli-

141 2624 261 2667 gentiae
289 2621 518 2666 suspicionem
544 2618 746 2659 veniamus,
777 2626 809 2650 et

141 2687 262 2720 parum
290 2675 339 2707 usi
366 2682 557 2717 temporum
585 2670 742 2703 felicitate
764 2668 807 2701 ad

142 2726 385 2759 dvctarandnm
413 2725 609 2769 scriptorem
631 2722 807 2766 elegantis-

877 2355 1001 2387 simum
1019 2354 1209 2386 videamur.
1236 2352 1354 2386 Edidit
1371 2355 1402 2386 J.
1425 2354 1462 2386 F.
1486 2354 1548 2386 Fe-

877 2406 1023 2439 libenius
1062 2406 1328 2451 descriptionem
1370 2407 1548 2451 utriusque

876 2459 963 2490 x‘illse
978 2459 1279 2492 architectonicam
1291 2485 1299 2500 ‚
1315 2459 1346 2491 in
1362 2470 1430 2503 qua
1442 2459 1543 2491 verba

876 2511 973 2543 Plinii
998 2511 1117 2544 Latine
1142 2511 1341 2555 Galliceque
1371 2511 1544 2555 proposita

877 2571 949 2596 tum
961 2563 1315 2597 animadversionibus
1325 2562 1544 2607 quibusdam,

876 2626 947 2648 tum
984 2617 1171 2661 praesertim
1198 2615 1316 2648 formis
1342 2614 1398 2646 aeri
1429 2615 1542 2648 incisis

875 2669 1042 2715 explicare
1062 2668 1225 2702 studeret.
1242 2669 1320 2711 (Les
1330 2670 1427 2710 plans
1444 2678 1474 2699 ec
1486 2670 1542 2699 de-

874 2724 1039 2764 ›criptiotes
1056 2724 1095 2753 dp
1111 2724 1195 2752 deux
1209 2723 1262 2752 des
1276 2722 1347 2762 plus
1360 2722 1451 2752 belles
1466 2721 1543 2751 mai-
