1742 2989
235 183 323 228 362

641 185 688 226 C.
723 183 946 226 PLINII
981 184 1110 227 LIB.
1147 186 1229 227 VI.

187 278 207 310 8
232 265 369 326 pellit.
389 265 562 325 Egressi
586 274 698 307 tecta
718 265 1006 308 consistimus.
1022 264 1162 308 Multa
1187 264 1267 307 tibi
1286 263 1505 319 miranda,
1528 263 1639 307 mul-

233 349 298 382 tas
320 338 576 382 formidines
601 339 804 398 patimur.
828 339 942 382 Nam
967 337 1187 393 vehicula,
1214 354 1310 398 quae
1332 336 1515 397 produci
1543 337 1639 396 J'us-

233 429 452 466 semmus,
478 428 746 473 quamquam
775 412 820 454 in
846 411 1098 472 planissimo
1124 428 1305 472 campo,
1330 411 1375 453 in
1401 410 1640 454 contrarias

234 496 380 546 partes
405 487 650 547 agebantur
665 521 675 541 ,
700 502 749 529 ac
767 502 821 528 ne
840 484 1058 545 lapidibus
1078 484 1253 545 quidem
1274 483 1381 527 fulta
1394 519 1405 539 ‚
1423 484 1468 526 in
1486 482 1638 526 eodem

188 572 208 603 9
235 560 417 619 vestigio
447 559 745 620 quiescebant.
780 560 993 602 Praeterea
1029 574 1150 601 mare
1184 559 1228 600 in
1260 574 1303 601 se
1335 557 1573 615 resoflssri,
1599 565 1642 599 et

236 641 425 675 tremore
462 643 586 677 terrae
618 633 740 693 quasi
771 631 921 692 repelli
949 631 1193 675 videbatur.
1218 632 1347 675 Certe
1373 638 1643 691 processerat

234 704 356 762 litus,
381 706 605 767 multaque
628 705 833 749 animalia
861 705 990 748 maris
1015 705 1061 747 in
1085 704 1208 748 siccis
1231 704 1373 747 arenis
1401 701 1640 746 detinebat.

236 780 303 822 Ab
322 780 458 823 altero
480 780 613 823 latere
633 780 772 823 nubes
795 789 887 823 atra
914 788 957 822 et
978 777 1197 821 horrenda
1218 778 1333 838 ignei
1354 777 1532 837 spiritus
1555 785 1643 818 tor-

236 853 289 895 tis
323 853 590 913 vibratisque
624 852 892 896 discursibus
927 861 1078 912 rupta,
1108 853 1152 894 in
1190 850 1341 910 longas
1368 850 1643 893 flammarum

236 925 398 986 figuras
430 926 683 970 dehiscebat
713 942 722 970 :
759 925 1004 986 fulgoribus
1031 924 1112 968 illae
1135 934 1180 968 et
1204 923 1365 967 similes
1391 932 1434 965 et
1458 922 1645 982 majores

172 1021 211 1040 10
236 998 507 1053 erantrffuni
535 1017 638 1043 vero
664 999 735 1042 ille
765 999 879 1042 idem
906 1015 958 1041 ex
980 998 1192 1058 Hispania
1221 996 1408 1049 amicus,
1435 995 1578 1038 acrius
1603 1003 1646 1037 et

236 1074 496 1128 instantius,
522 1073 757 1132 .S'z'fi‘cctei²‚
782 1072 948 1132 inquit,
972 1083 1098 1125 licus,
1126 1073 1169 1114 si
1186 1081 1287 1113 licus
1308 1069 1553 1112 cwzmcalus
1572 1071 1646 1111 vi-

239 1151 319 1201 vit,
355 1148 453 1190 vult
481 1163 573 1190 esse
601 1163 683 1191 vos
705 1146 857 1190 salvos
886 1161 898 1187 .·

929 1147 972 1189 si
988 1147 1154 1205 periit,
1183 1145 1444 1203 superstites
1468 1141 1645 1185 voluit:

225 1220 427 1281 proinde
456 1220 570 1279 quid
589 1222 776 1264 cessalis
797 1217 1016 1262 evadere?
1041 1215 1385 1276 Respondimus,
1410 1231 1499 1257 non
1525 1229 1649 1256 com-

237 1294 467 1349 missuros‚
489 1304 538 1338 ut
561 1293 613 1337 de
637 1292 774 1337 salute
800 1292 893 1351 ejus
920 1291 1098 1342 incerti,
1120 1297 1277 1332 nostrae
1305 1286 1646 1331 consuleremus.

174 1385 209 1405 11
236 1368 339 1410 Non
367 1377 561 1410 moratus
585 1366 723 1420 ultra,
747 1364 935 1426 proripit
956 1380 1021 1417 se7
1047 1362 1274 1421 effusoque
1298 1378 1426 1404 cursu
1452 1358 1649 1420 periculo

238 1439 437 1482 aufertur
465 1457 473 1483 :
500 1457 580 1484 nec
605 1439 744 1482 multo
771 1448 870 1498 post
886 1436 958 1480 illa
986 1437 1121 1480 nubes
1145 1434 1407 1478 descendere
1427 1435 1469 1476 in
1493 1443 1649 1483 terras,

239 1513 410 1572 operire
440 1515 590 1556 maria.
622 1513 832 1556 Cinxerat
861 1513 1052 1571 Capreas
1079 1520 1121 1552 et
1147 1507 1464 1552 absconderat:
1491 1506 1649 1549 Miseni

175 1597 212 1617 ¹2
239 1586 359 1647 quod
391 1586 634 1646 procurrit,
665 1583 922 1628 abstulerat.
950 1585 1061 1627 Tum
1100 1591 1240 1625 mater
1275 1596 1426 1633 orare,
1455 1579 1649 1632 hortari⁷

235 1660 414 1719 jubere,
435 1675 614 1719 quoquo
642 1657 773 1700 modo
800 1656 1018 1717 fugeren‘13
1045 1671 1170 1715 posse
1196 1654 1312 1697 enim
1330 1653 1536 1711 juvenem
1568 1669 1576 1694 z
1607 1667 1652 1693 se

241 1741 283 1774 et
298 1733 423 1774 annis
442 1742 484 1774 et
503 1747 687 1790 corpore
706 1746 880 1790 gravem
900 1730 1011 1772 bene
1032 1728 1314 1780 morituram,
1330 1726 1364 1768 si
1378 1724 1486 1767 mihi
1503 1740 1652 1768 caussa

240 1805 394 1848 mortis
416 1821 503 1847 non
528 1804 690 1847 fuisset.
706 1805 800 1862 Ego
823 1812 975 1845 contra
990 1836 1000 1853 ,
1021 1800 1188 1844 salvum
1210 1815 1279 1841 me
1294 1834 1305 1853 7
1327 1798 1409 1840 nisi
1429 1813 1540 1851 una,
1562 1812 1651 1838 non

239 1878 437 1921 futurum
463 1894 470 1920 :
497 1877 653 1920 deinde
679 1892 860 1920 manum
887 1876 979 1935 ejus
1006 1874 1232 1935 amplexus
1249 1908 1260 1927 7
1281 1870 1439 1915 addere
1466 1869 1652 1930 gradum

175 1959 213 1991 13
241 1968 373 2011 cog0;
402 1961 525 2011 paret
551 1966 687 2010 aegre,
716 1950 973 2009 incusatque
994 1964 1059 2002 se,
1086 1946 1205 2007 quod
1229 1962 1298 1988 ine
1323 1952 1533 1987 moretur.
1556 1944 1651 1984 Jam

240 2026 373 2077 cinis,
400 2024 544 2067 adhuc
575 2033 721 2066 tamen
754 2039 877 2065 rarus
907 2038 915 2064 :

286 2160 450 2190 ——Niliilo
468 2159 602 2200 segnius.
623 2157 720 2187 Rom.
738 2156 848 2186 Nihilo
865 2167 911 2186 se-

236 2214 330 2255 gnius
342 2237 350 2249 ‚
369 2218 406 2243 ut
422 2210 535 2243 editur
551 2221 558 2241 2
578 2208 636 2241 sed
652 2234 660 2247 ‚
677 2216 714 2240 ut
735 2208 835 2240 facile
853 2220 912 2251 ap-

239 2273 349 2310 paret,
361 2266 459 2295 secius
482 2261 679 2307 legerdum.
695 2259 777 2293 Vid.
796 2259 841 2293 ad
854 2259 912 2291 lib.

241 2318 311 2357 IH,
331 2317 429 2362 episi.
453 2318 472 2350 8
486 2340 494 2353 ‚
512 2328 563 2348 10.
579 2315 624 2347 H.

287 2383 321 2413 9.
342 2371 525 2402 Animalia.
543 2393 549 2398 .
567 2369 698 2398 .arenis.
718 2368 815 2398 Rom.
833 2367 913 2396 Am·-

242 2425 340 2454 malc'a
362 2424 458 2453 maris
475 2422 566 2452 siccis
587 2422 702 2451 arenis.
726 2418 768 2450 H.

277 2477 430 2506 —Tortis
442 2474 649 2515 vibratisque.
665 2471 759 2503 Prius
772 2471 915 2502 verbum

241 2527 285 2560 ad
308 2527 391 2560 celei
402 2527 516 2559 itatem
532 2550 540 2564 ‚
561 2524 670 2570 qualis
695 2531 744 2556 est
768 2523 917 2555 telorum

243 2580 419 2612 tormentis
456 2589 677 2611 excussorum
696 2602 704 2615 ,
735 2576 878 2620 pertinet
907 2586 914 2606 :

242 2632 412 2677 posterius
429 2631 531 2662 eiiam
550 2629 593 2662 ad
608 2636 720 2661 motus
740 2626 915 2672 oppositos

241 2683 494 2717 recurrentium
514 2682 611 2728 quasi
631 2694 689 2726 per
704 2681 795 2713 vices
812 2691 917 2724 angu-

953 2022 1165 2081 respici03
1195 2019 1326 2062 densa
1352 2015 1492 2076 caligo
1520 2014 1653 2074 tergis

978 2154 1092 2186 lorum
1103 2178 1112 2193 ,
1125 2163 1211 2196 quos
1224 2149 1314 2182 Galli
1326 2151 1453 2192 Zigzag
1465 2147 1651 2192 appellant.

979 2206 1023 2239 G.
1040 2226 1084 2230 -—
1101 2207 1196 2237 Rom.
1224 2201 1418 2235 «Pol-rectis
1446 2200 1655 2244 xibratisque

981 2257 1206 2292 discursibus.
1221 2273 1232 2284 n
1256 2255 1298 2288 H.
1316 2275 1359 2279 -——
1374 2255 1577 2297 Fulgoribus.
1594 2276 1601 2282 .
1617 2276 1624 2282 .
1639 2275 1647 2283 .

980 2313 1096 2343 similes
1106 2335 1113 2341 .
1130 2334 1136 2340 .
1153 2310 1316 2351 ,majora
1330 2305 1491 2339 Not-‘inda
1501 2312 1655 2338 constru-

981 2364 1061 2397 ctio.
1081 2364 1115 2395 S.

1032 2429 1085 2449 10.
1109 2417 1142 2446 Si
1161 2416 1290 2458 frater,
1317 2414 1437 2455 inquit,
1463 2417 1528 2443 etc.
1553 2410 1651 2441 Rom.

981 2471 1151 2513 Sifiater,
1174 2468 1294 2509 inquit,
1318 2475 1405 2502 tuus,
1428 2473 1498 2494 cuns
1519 2474 1655 2493 ammen—

983 2525 1041 2555 las.
1062 2520 1105 2553 H.

1027 2594 1072 2599 -4
1086 2577 1133 2605 De.
1147 2574 1249 2603 salute
1271 2573 1336 2614 ejus
1353 2569 1474 2601 incerti.
1493 2567 1588 2598 Rom.
1608 2568 1656 2595 De

980 2630 1083 2658 salute
1093 2627 1177 2657 illius
1187 2625 1307 2655 incerti.
1321 2622 1364 2654 H.
1376 2640 1421 2646 ——
1432 2620 1486 2654 Sic
1500 2618 1657 2663 plerique

982 2679 1062 2711 libri
1077 2679 1253 2722 :beneque
1268 2673 1415 2720 praetulit
1430 2670 1581 2705 Cortius.
1596 2670 1629 2703 S.
