1742 2989
172 149 198 192 ὃ
608 152 655 194 C.
693 151 920 194 PLINII
954 152 1077 196 LIB.
1112 154 1144 196 I.

169 239 218 272 ut
259 229 337 273 tibi
381 231 472 290 ipse
513 231 568 274 sis
607 233 751 283 tanti,
794 234 947 292 quanti
991 233 1207 277 videberis
1249 233 1375 288 aliis,
1415 236 1449 278 si
1498 233 1575 279 tibi

167 302 312 346 fueris.
343 302 467 348 Vale.

166 415 296 449 Frslib.
310 417 377 458 III,
390 419 426 450 6:
439 419 618 452 «Cessator
628 432 700 452 esse
714 419 798 460 noli,
811 427 844 453 et

173 468 259 501 illud
283 475 377 516 γνῶθι
399 476 531 506 σεαυτὸν
557 472 629 504 noli
651 481 773 518 putare
799 472 844 505 ad

175 524 409 566 arrogantiam
417 523 643 557 minuendam
651 524 762 557 solum
772 537 844 558 esse

910 419 1040 454 dictum
1059 447 1068 462 ,
1098 434 1217 455 verum
1248 421 1353 454 etiam
1375 448 1384 463 ,
1420 430 1458 455 ut
1486 423 1576 455 hona

909 481 1026 507 nostra
1056 473 1250 507 norimus.»
1281 474 1325 507 G.
1358 496 1403 500 —
1426 476 1511 521 Leg.
1543 485 1578 506 ιιι*

909 528 966 558 eibi
980 525 1041 571 ipsi
1055 528 1097 558 sis
1114 528 1206 558 tanti.
1219 550 1226 557 .
1241 551 1248 557 .
1266 550 1272 557 .
1297 526 1330 559 S.

183 637 381 649 mmm·
385 639 847 651 mmmmm-mmmmm
851 641 1255 652 mmmnnmmmm
1261 641 1559 653 maxumum-m

823 751 922 805 IV.

167 885 337 922 Laudata
358 899 485 922 rerum
507 886 616 936 copia
636 887 674 922 in
694 886 792 923 villis
817 900 946 923 socrus
970 900 1045 924 suae
1060 916 1070 933 ,
1088 898 1125 924 ct
1147 901 1344 925 servorum
1367 889 1578 939 diligentia,

578 948 680 986 illam
699 948 747 985 ad
764 962 831 985 sua
848 949 992 998 praedia
1012 949 1160 986 invitat.

236 1068 273 1095 C.
314 1067 549 1095 PLINIUS
586 1068 856 1096 POMPEIAE
891 1069 1186 1097 CELERINAE
1222 1070 1432 1099 SOCRUI
1469 1072 1500 1099 S.

228 1168 500 1223 QUANTUM
526 1167 752 1226 copiarum
780 1167 824 1209 in
846 1166 1141 1221 Ocriculano,
1170 1169 1213 1211 in
1238 1170 1503 1226 Narniensi,
1534 1171 1577 1213 in

164 1238 431 1293 Carsulano,
459 1238 502 1282 in
526 1239 737 1283 Perusino
761 1237 863 1282 tuo!
890 1241 942 1282 In
965 1241 1197 1284 Narniensi
1222 1258 1326 1285 vero
1353 1243 1483 1287 etiam
1511 1243 1580 1287 ba-

164 1310 354 1355 lineum!
387 1314 453 1355 Ex
478 1312 672 1372 epistolis
702 1312 808 1355 meis
843 1312 967 1371 (nam
994 1314 1085 1373 jam
1118 1314 1204 1357 tuis
1233 1331 1343 1375 opus
1372 1333 1459 1359 non
1488 1315 1579 1375 est)

123 1410 140 1430 2
165 1402 253 1429 una
287 1385 358 1428 illa
398 1386 541 1428 brevis
577 1395 618 1428 et
650 1395 773 1428 vetus
813 1385 985 1429 sufficit.
1019 1387 1144 1442 Non,
1178 1388 1455 1442 mehercule,
1490 1398 1578 1432 tam

165 1474 259 1501 mea
293 1468 418 1512 sunt,
449 1475 545 1519 quae
580 1474 676 1501 mea
709 1468 835 1513 sunt,
868 1475 1000 1518 quam
1033 1476 1127 1519 quae
1158 1469 1233 1503 tua
1265 1478 1273 1504 :

1311 1461 1395 1505 hoc
1431 1471 1577 1505 tamen

165 1531 404 1587 differunt,
428 1531 547 1591 quod
573 1531 799 1575 sollicitius
828 1542 871 1575 et
896 1532 1107 1577 intentius
1132 1534 1193 1576 tui
1225 1551 1314 1588 me,
1334 1551 1466 1595 quam
1494 1536 1578 1578 mei

213 1646 278 1678 IV.
300 1658 311 1678 Ι
323 1673 329 1678 .
351 1650 510 1687 Quantum
522 1648 700 1689 copiarum.
718 1671 724 1676 .
741 1670 748 1676 .
764 1648 843 1688 ‘⁵¹¹f‘

162 1700 246 1741 ficit.
268 1698 348 1731 Haec
368 1711 440 1731 esse
457 1699 606 1744 abrupta
621 1724 629 1739 ,
649 1706 682 1731 et
697 1711 740 1731 ne
761 1698 842 1731 satis

168 1750 275 1783 latina
291 1751 432 1795 quidem
449 1776 458 1791 ,
475 1759 567 1784 recte
584 1750 718 1784 monuit
734 1750 841 1784 Gieri-

167 1802 244 1846 gius
258 1830 266 1845 ‚
282 1804 363 1849 qui,
379 1802 489 1836 donec
506 1803 650 1836 meliora
665 1804 841 1848 proferan-

166 1864 222 1888 tur
236 1882 245 1897 ‚
266 1857 312 1889 ita
328 1856 514 1902 legendum
532 1863 628 1901 putat
647 1867 655 1887 ε
676 1859 779 1896 Quam
792 1868 841 1886 me

167 1910 267 1950 copiae
293 1919 354 1939 tuce
385 1911 415 1939 in
444 1911 635 1940 Ocriculano
649 1933 657 1945 ‚
690 1910 721 1939 in
754 1910 839 1938 Nar-

166 1963 268 1991 niensi
281 1985 288 1997 ‚
307 1962 337 1991 in
351 1962 543 1997 Carsulano,
567 1961 598 1990 ιή
613 1962 766 1990 Peru-sino
785 1970 839 1990 tuo

168 2014 323 2043 delectent
339 2037 347 2049 ‚
376 2014 407 2042 in
436 2013 610 2042 Narniensi
633 2024 712 2042 ‘nero
744 2012 840 2042 etiam

167 2065 325 2094 balineum
337 2087 345 2100 ,
365 2075 406 2093 ex
425 2065 563 2104 epistolis
587 2065 662 2094 meis
681 2064 839 2094 intellexi-

166 2117 208 2147 sti
217 2140 225 2152 ,
243 2116 591 2158 quamqnampluribus
607 2127 684 2157 opus
697 2127 759 2146 non
777 2124 838 2154 est,

165 2169 224 2198 sed
248 2181 311 2199 una
337 2169 392 2198 illa
418 2169 515 2198 brevis
537 2176 568 2197 ce
589 2176 678 2198 vetus
703 2168 835 2210 snfficit.

167 2218 247 2251 Haec
260 2220 403 2264 planam
417 2217 558 2263 quidem
576 2226 608 2250 et
623 2218 838 2263 probabilem

169 2272 374 2304 seutentiam
386 2270 517 2303 habent
531 2282 537 2303 ε
554 2270 613 2303 sed
625 2283 689 2315 ego
704 2283 838 2311 vereor,

169 2330 205 2355 ut
232 2323 365 2356 Plinius
383 2335 477 2355 nunc
496 2322 554 2355 illa
580 2323 627 2355 sic
654 2323 838 2368 scripserit.

172 2375 270 2407 Amat
280 2374 414 2407 Plinius
426 2382 459 2407 et
473 2375 619 2420 abrupta
632 2400 639 2414 ,
652 2375 839 2419 praesertim

168 2439 248 2459 rum
267 2426 425 2472 quaedam
442 2426 634 2460 admiratur
652 2434 684 2458 et
699 2426 837 2467 laudat,

170 2487 202 2510 et
229 2479 263 2511 in
290 2478 504 2512 brevioribus
532 2478 684 2523 epistolis
698 2503 706 2518 ‚
725 2478 837 2523 qualis

168 2530 241 2563 haec
255 2538 316 2563 est.
332 2531 489 2564 Fortasse
504 2543 574 2563 uua
593 2530 840 2575 interpunctio-

171 2595 213 2615 ne
242 2583 337 2615 locus
361 2582 580 2628 adjuvandus
606 2581 671 2614 hoc
696 2582 800 2615 modo
829 2594 836 2614 ε

171 2638 330 2673 Quantum
347 2638 511 2677 copiarum
525 2638 555 2667 in
574 2636 762 2667 Ocriculano
776 2660 785 2673 ‚
805 2637 835 2666 in

913 1649 1096 1687 Narniensi,
1116 1650 1146 1679 in
1169 1650 1342 1680 Carsulano
1355 1674 1364 1687 ,
1382 1652 1412 1680 in
1426 1651 1578 1681 Perusino

909 1703 987 1730 tuo!
1012 1703 1051 1730 In
1081 1702 1256 1732 Narniensi
1278 1703 1374 1732 etiam
1400 1703 1580 1733 balineum!

908 1763 949 1783 esc
967 1753 1105 1793 epistolis
1132 1755 1206 1784 meis
1225 1753 1237 1795 (
1248 1766 1323 1784 nam
1336 1756 1482 1796 pluribus
1501 1766 1580 1796 opus

907 1816 969 1834 non
991 1804 1055 1846 est)
1075 1816 1137 1834 una
1161 1806 1217 1836 illa
1237 1807 1335 1836 brevis
1354 1815 1385 1837 et
1402 1814 1494 1836 vetus
1513 1807 1579 1848 515]ss

895 1857 981 1901 ficit.
997 1854 1122 1888 Socrus
1139 1855 1225 1896 haec,
1241 1857 1397 1902 quamvis
1413 1857 1558 1901 abrupta
1570 1882 1578 1897 ‚

906 1907 978 1939 sine
989 1906 1097 1939 dubio
1107 1915 1199 1940 recte
1209 1908 1435 1954 intelligebat.
1446 1908 1580 1942 Scilicet

905 1961 954 1994 illi
971 1985 979 2000 ‚
999 1973 1070 1994 non
1089 1961 1188 1995 nobis
1200 1986 1209 2002 ‚
1231 1961 1412 2006 scripserat
1432 1960 1578 1994 Plinius.

906 2015 1062 2047 Laetabar
1071 2040 1080 2054 ‚
1091 2027 1199 2060 quum
1211 2013 1271 2046 diu
1283 2020 1358 2058 post
1370 2038 1378 2052 ,
1391 2024 1496 2058 quam
1507 2012 1579 2045 haec

906 2066 1109 2110 scripseram
1121 2091 1129 2105 ‚
1144 2065 1296 2099 viderem
1313 2064 1375 2096 viri
1389 2064 1501 2105 docti,
1517 2066 1579 2110 qui

905 2118 940 2150 in
965 2117 1110 2162 Ephem.
1135 2117 1184 2150 lit.
1213 2118 1352 2149 Jenens.
1377 2116 1484 2162 hujus
1512 2117 1579 2150 loci

905 2182 1086 2203 censuram
1107 2177 1267 2214 posuerat
1279 2193 1287 2208 ‚
1307 2169 1512 2202 seutentiam
1526 2169 1579 2203 illi

906 2233 989 2254 meae
999 2220 1102 2265 plane
1112 2221 1257 2253 similem
1268 2233 1352 2253 esse.
1364 2220 1405 2252 E.
1422 2241 1467 2246 —
1479 2220 1579 2254 Idem

907 2281 939 2307 et
962 2273 1049 2305 mihi
1069 2273 1103 2306 in
1123 2280 1274 2306 mentem
1298 2280 1437 2305 venerat
1450 2297 1459 2312 ‚
1483 2280 1579 2306 ante-

906 2338 1011 2371 quam
1024 2325 1173 2357 Ernestii
1187 2333 1305 2358 notam
1317 2324 1492 2358 vidissem.
1511 2326 1579 2358 Ita-

905 2390 973 2423 que
997 2377 1044 2409 sic
1072 2377 1279 2422 interpunxi.
1309 2381 1408 2410 Certe
1433 2377 1577 2422 Gierigii

905 2428 1125 2474 interpolatio
1148 2429 1368 2474 reprobanda
1384 2454 1393 2468 ,
1420 2428 1576 2462 incidens

905 2483 964 2516 illa
982 2494 1106 2514 nervos
1133 2481 1310 2514 orationis.
1332 2480 1437 2522 Quod
1460 2488 1574 2513 autem

905 2533 1082 2567 Ernestius
1096 2542 1176 2567 ante
1190 2536 1285 2566 eciam
1301 2533 1416 2566 omisit
1430 2546 1525 2571 vero,
1544 2541 1575 2565 et

898 2590 970 2630 jam
986 2587 1045 2617 tuis
1061 2586 1206 2618 mutavit
1219 2586 1254 2618 in
1264 2587 1410 2628 pluribus
1420 2610 1429 2623 ,
1449 2584 1577 2629 impru-

905 2638 1017 2671 dentis
1035 2637 1169 2671 calamo
1189 2637 1323 2671 videtur
1342 2636 1572 2670 excidissefs
