1742 2989
634 167 690 207 (j.
719 165 946 210 PLINH
982 168 1104 211 LIB.
1141 171 1253 214 VH.

238 244 415 287 mimica
437 254 479 288 et
503 245 672 305 inepta,
699 263 794 306 quae
814 248 857 289 in
879 248 963 292 hoe
983 266 1155 293 coenum
1170 286 1181 307 9
1206 252 1249 294 in
1268 252 1345 295 has
1363 252 1510 298 sordes
1533 255 1643 316 abji-

238 327 444 361 cerentur
470 335 480 362 ε
507 335 602 378 quae
629 319 817 380 denique
838 320 917 364 ille-
931 322 1109 366 furcifer
1129 333 1171 367 et
1193 326 1385 385 recipere
1409 343 1537 371 ausus
1558 339 1642 384 est,

237 400 281 433 et
320 408 544 447 recusare,
580 402 710 453 atque
747 394 899 449 etiam,
936 405 985 439 ut
1019 396 1332 441 moderationis
1372 400 1644 460 exemplum,

235 466 421 524 posteris
441 465 641 525 prodere.
664 466 748 510 Sed
769 467 873 528 quid
895 469 1127 530 indignor?
1148 470 1307 515 Ridere
1327 473 1459 516 satius
1479 484 1565 528 est,
1587 491 1642 518 ne

235 552 278 579 se
304 554 512 598 magnum
533 538 708 600 aliquod
725 540 906 601 adeptos
926 552 1082 602 putent
1096 579 1106 598 ‚
1130 544 1204 604 qui
1224 544 1309 589 huc
1328 545 1532 591 felicitate
1546 564 1641 608 per-

234 611 440 667 veniunt,
467 621 515 655 ut
542 612 782 658 rideantur.
815 615 938 659 Vale.

240 164 332 216 440

281 745 314 778 3.
327 747 470 779 Mimica.
482 746 556 779 Hoc
572 747 644 779 vult
658 774 665 789 ‚
680 760 750 780 non
766 749 906 795 majoris

233 797 391 831 facienda
416 800 584 839 fortunae,
614 812 690 844 quae
715 801 817 846 vulgo
844 815 904 835 vo-

232 857 369 890 cantur,
389 850 479 883 hona
495 875 503 890 ‚
525 851 551 883 si
572 852 799 886 inhominem
819 854 905 888 adeo

230 902 412 948 indignum
434 904 613 945 incidant,
640 919 744 952 quain
770 908 905 952 regium

230 955 319 988 forte
334 956 477 999 pallium
495 957 528 989 in
545 957 699 992 humeris
719 960 828 993 mimi.
848 962 903 994 Sic

231 1019 356 1053 nempe
370 1009 472 1042 etiam
490 1010 616 1056 Paneg.
634 1011 716 1044 XVI
728 1037 736 1052 ‚
755 1014 903 1052 3,mim1'-

973 765 1025 783 cos
1037 765 1147 784 currus
1161 752 1204 786 de
1219 753 1305 786 falsa
1318 753 1485 800 triumphi
1501 756 1643 789 assimu-

973 803 1100 837 latione
1111 804 1215 838 dixit:
1232 814 1380 851 utroque
1393 807 1469 840 loco
1485 807 1528 840 de
1538 810 1642 840 inimi-

972 859 1014 889 cis
1029 858 1245 891 somniarunt
1261 859 1403 904 quidam
1419 860 1560 893 librarii.
1579 861 1624 893 G.

1019 915 1051 951 ,4.
1070 913 1184 942 Ridere
1205 914 1305 943 satius
1329 923 1390 951 est,
1419 920 1483 946 etc.
1505 913 1642 946 Cortius

969 974 1049 995 cuni
1072 962 1251 1008 Gierigio:
1272 965 1385 995 Ridere
1406 966 1525 1003 satius,
1551 977 1590 995 ne
1611 977 1642 996 se

968 1028 1117 1059 magnum
1128 1018 1264 1060 aliquid,
1278 1023 1344 1049 etc.
1356 1015 1451 1062 quod
1463 1029 1598 1050 verum.
1609 1017 1640 1050 S.

230 1140 770 1157 sunzxunsuxmmusvwx
774 1147 1336 1162 tmuxmzxmtmms-uxwuwwmsu
1340 1151 1641 1163 mmmmm

820 1273 1041 1329 XXX.

229 1422 363 1465 Dolet,
387 1423 495 1459 amici
516 1424 641 1460 studia
664 1425 799 1461 amisso
823 1425 1010 1475 discipulo
1032 1427 1235 1477 impedita,
1256 1442 1325 1464 nec
1346 1442 1413 1466 sua
1432 1430 1471 1465 in
1492 1442 1639 1466 secessu

281 1486 545 1533 tranquilliora
578 1501 657 1524 esse
689 1488 898 1537 significat,
933 1503 1151 1539 quanquam
1179 1492 1468 1529 Demostheneis
1497 1493 1637 1529 amicus

282 1550 570 1598 comparaverit.

1155 1672 1173 1689 qr.

494 1684 531 1712 C.
567 1684 802 1713 PLINIUS
841 1686 1118 1714 GENITORI
1210 1687 1313 1716 SUO
1349 1688 1379 1716 S.

293 1797 616 1849 TORQUEoR‚
643 1796 762 1857 quod
785 1796 1071 1857 discipulum,
1092 1808 1138 1842 ut
1161 1799 1333 1851 scribis,
1355 1799 1531 1860 optimae
1547 1801 1638 1860 spei

229 1866 436 1923 amisisti,
467 1869 533 1929 cuj
543 1885 591 1912 us
614 1878 657 1912 et
679 1868 929 1913 valetudine
949 1880 991 1914 et
1012 1882 1153 1915 morte
1173 1873 1381 1932 impedita
1403 1872 1543 1916 studia
1563 1882 1638 1916 tua

230 1940 383 2000 quidni
414 1942 576 1998 sciam,
602 1959 737 2003 quum
766 1943 821 1986 sis
845 1944 1045 1987 omnium
1070 1945 1315 1989 officiorum
1342 1946 1635 1989 observantis-

229 2014 385 2066 simus,
407 2032 631 2075 quumque
655 2032 951 2076 omnes‚quos
974 2017 1157 2077 probas,
1181 2017 1436 2061 effusissime
1459 2017 1637 2078 diligas?

187 2103 204 2122 2
228 2086 302 2128 Me
323 2086 409 2129 hue
426 2104 602 2147 quoque
626 2088 792 2131 urbana
809 2089 984 2149 negotia
999 2100 1324 2150 persequuntur
1347 2104 1461 2136 :non
1478 2090 1636 2135 desunt

185 2168 205 2201 3
230 2158 369 2209 enim,
399 2160 473 2218 qui
504 2176 573 2201 me
603 2160 819 2219 judicem,
854 2171 929 2204 aut
958 2162 1171 2205 arbitrum
1204 2162 1378 2205 faciant.
1408 2162 1637 2206 Accedunt

229 2230 417 2292 querelae
441 2233 704 2276 rusticorum
718 2269 728 2289 ,
750 2235 823 2294 qui
842 2234 1018 2278 auribus
1034 2236 1139 2278 meis
1155 2245 1252 2295 post
1268 2235 1447 2295 longum
1463 2245 1634 2296 tempus

274 2358 383 2391 XXX.
402 2359 417 2375 *
436 2362 556 2392 Iulium
577 2362 759 2393 Gem'torem
781 2369 900 2394 auctor

227 2409 299 2455 ipse
320 2411 418 2444 nobis
439 2411 618 2457 descripsit
636 2413 688 2444 III
702 2440 711 2454 ‚
739 2426 793 2458 ep.
813 2415 846 2454 3,
864 2414 897 2455 5,

227 2463 287 2495 ubi
301 2466 372 2509 ejus
386 2476 512 2505 mores,
528 2464 744 2510 disciplinam
761 2473 793 2498 et
806 2466 899 2499 insti-

227 2515 393 2549 tutionem
412 2517 642 2550 commendht.
661 2518 726 2550 ΕΙ).

967 2374 1162 2407 operarum.
1178 2362 1299 2407 Itaque
1309 2362 1450 2395 mutavi.
1463 2363 1497 2396 S.
1507 2383 1551 2387 —
1560 2366 1634 2394 Non

965 2416 1078 2446 desunt
1093 2416 1185 2446 enim.
1209 2415 1262 2448 Sic
1282 2413 1390 2447 Aldus
1406 2414 1501 2447 dedit
1523 2426 1530 2446 Σ
1556 2421 1635 2447 sunt

965 2470 1047 2498 enim
1063 2466 1239 2500 Mediceus
1263 2466 1354 2511 apud
1372 2468 1539 2500 Cortium.
1558 2469 1633 2498 Non

965 2521 1138 2558 delectant,
1155 2518 1250 2565 quod
1263 2520 1458 2553 inculcatur
1471 2526 1546 2563 post
1557 2532 1631 2560 per-

276 2581 307 2601 2.
319 2573 564 2612 Pet-sequnntur.
578 2570 789 2603 Gesneriana
803 2581 810 2601 :
821 2584 897 2612 pro-

229 2631 411 2662 vcoquuntur,
435 2634 503 2666 qua
521 2623 723 2656 auctoritate
736 2649 745 2664 ,
766 2623 894 2656 nescio.

228 2671 375 2706 “Videtur
405 2675 598 2720 profectum
625 2677 669 2709 ab
689 2675 894 2721 negligentia

962 2583 1146 2614 sequuntur,
1169 2573 1263 2606 abest
1290 2573 1325 2605 in
1350 2571 1486 2617 optimis
1508 2571 1631 2617 pleris-

962 2637 1041 2669 que.
1065 2625 1107 2657 G.

1009 2677 1042 2710 3.
1072 2679 1276 2710 Auribus....
1301 2679 1486 2709 abutuntur.
1511 2675 1630 2721 Ipsum
