<?xml version="1.0" encoding="UTF-8"?>
<!DOCTYPE html PUBLIC "-//W3C//DTD XHTML 1.0 Transitional//EN"
    "http://www.w3.org/TR/xhtml1/DTD/xhtml1-transitional.dtd">
<html xmlns="http://www.w3.org/1999/xhtml" xml:lang="en" lang="en">
 <head>
  <title>
</title>
<meta http-equiv="Content-Type" content="text/html;charset=utf-8" />
  <meta name='ocr-system' content='tesseract 3.04.00' />
  <meta name='ocr-capabilities' content='ocr_page ocr_carea ocr_par ocr_line ocrx_word'/>
</head>
<body>
  <div class='ocr_page' id='page_1' title='image "./epistolarumlibri01plinuoft_0033.png"; bbox 0 0 1757 2880; ppageno 0'>
   <div class='ocr_carea' id='block_1_1' title="bbox 0 0 18 1040">
    <p class='ocr_par' dir='ltr' id='par_1_1' title="bbox 0 0 18 1040">
     <span class='ocr_line' id='line_1_1' title="bbox 0 0 18 1040; baseline 0 0"><span class='ocrx_word' id='word_1_1' title='bbox 0 0 18 1040; x_wconf 95' lang='lat' dir='ltr'> </span> 
     </span>
    </p>
   </div>
   <div class='ocr_carea' id='block_1_2' title="bbox 0 1561 31 2880">
    <p class='ocr_par' dir='ltr' id='par_1_2' title="bbox 0 1561 31 2880">
     <span class='ocr_line' id='line_1_2' title="bbox 0 1561 31 2880; baseline 0 0"><span class='ocrx_word' id='word_1_2' title='bbox 0 1561 31 2880; x_wconf 95' lang='lat' dir='ltr'> </span> 
     </span>
    </p>
   </div>
   <div class='ocr_carea' id='block_1_3' title="bbox 127 128 1553 2676">
    <p class='ocr_par' dir='ltr' id='par_1_3' title="bbox 127 128 1553 2676">
     <span class='ocr_line' id='line_1_3' title="bbox 571 128 1519 174; baseline -0.007 -1"><span class='ocrx_word' id='word_1_3' title='bbox 571 134 606 174; x_wconf 90' lang='lat' dir='ltr'>J.</span> <span class='ocrx_word' id='word_1_4' title='bbox 642 131 700 172; x_wconf 88' lang='lat' dir='ltr'>M.</span> <span class='ocrx_word' id='word_1_5' title='bbox 735 128 1057 171; x_wconf 71' lang='lat' dir='ltr'>G-ESNERI.</span> <span class='ocrx_word' id='word_1_6' title='bbox 1391 140 1519 167; x_wconf 77' lang='lat' dir='ltr'>xxvu</span> 
     </span>
     <span class='ocr_line' id='line_1_4' title="bbox 130 205 1521 276; baseline -0.008 -17"><span class='ocrx_word' id='word_1_7' title='bbox 130 232 235 276; x_wconf 89' lang='lat' dir='ltr'>pore</span> <span class='ocrx_word' id='word_1_8' title='bbox 260 231 284 258; x_wconf 88' lang='lat' dir='ltr'>a</span> <span class='ocrx_word' id='word_1_9' title='bbox 309 212 605 257; x_wconf 88' lang='lat' dir='ltr'>commentitia</span> <span class='ocrx_word' id='word_1_10' title='bbox 630 210 722 265; x_wconf 87' lang='lat' dir='ltr'>illa,</span> <span class='ocrx_word' id='word_1_11' title='bbox 740 227 835 270; x_wconf 72' lang='lat' dir='ltr'>quae</span> <span class='ocrx_word' id='word_1_12' title='bbox 860 212 923 253; x_wconf 81' lang='lat' dir='ltr'>Jo.</span> <span class='ocrx_word' id='word_1_13' title='bbox 948 207 1163 251; x_wconf 83' lang='lat' dir='ltr'>Harduini</span> <span class='ocrx_word' id='word_1_14' title='bbox 1189 206 1364 265; x_wconf 82' lang='lat' dir='ltr'>ingenio</span> <span class='ocrx_word' id='word_1_15' title='bbox 1390 205 1521 248; x_wconf 79' lang='lat' dir='ltr'>debe.-</span> 
     </span>
     <span class='ocr_line' id='line_1_5' title="bbox 129 280 1521 341; baseline -0.009 -9"><span class='ocrx_word' id='word_1_16' title='bbox 129 299 222 341; x_wconf 87' lang='lat' dir='ltr'>tur,</span> <span class='ocrx_word' id='word_1_17' title='bbox 241 287 444 331; x_wconf 88' lang='lat' dir='ltr'>societate</span> <span class='ocrx_word' id='word_1_18' title='bbox 465 283 691 339; x_wconf 87' lang='lat' dir='ltr'>confictas,</span> <span class='ocrx_word' id='word_1_19' title='bbox 708 292 934 326; x_wconf 88' lang='lat' dir='ltr'>accuratus</span> <span class='ocrx_word' id='word_1_20' title='bbox 954 280 1024 324; x_wconf 88' lang='lat' dir='ltr'>ille</span> <span class='ocrx_word' id='word_1_21' title='bbox 1046 295 1278 323; x_wconf 78' lang='lat' dir='ltr'>consensus</span> <span class='ocrx_word' id='word_1_22' title='bbox 1295 290 1394 321; x_wconf 85' lang='lat' dir='ltr'>cum</span> <span class='ocrx_word' id='word_1_23' title='bbox 1414 294 1521 337; x_wconf 80' lang='lat' dir='ltr'>prae·-</span> 
     </span>
     <span class='ocr_line' id='line_1_6' title="bbox 130 352 1525 416; baseline -0.008 -13"><span class='ocrx_word' id='word_1_24' title='bbox 130 359 402 403; x_wconf 86' lang='lat' dir='ltr'>stantissimis</span> <span class='ocrx_word' id='word_1_25' title='bbox 446 358 553 411; x_wconf 87' lang='lat' dir='ltr'>aevi,</span> <span class='ocrx_word' id='word_1_26' title='bbox 590 372 676 416; x_wconf 90' lang='lat' dir='ltr'>quo</span> <span class='ocrx_word' id='word_1_27' title='bbox 713 356 844 411; x_wconf 78' lang='lat' dir='ltr'>vixit,</span> <span class='ocrx_word' id='word_1_28' title='bbox 885 353 1164 413; x_wconf 88' lang='lat' dir='ltr'>indubiisque</span> <span class='ocrx_word' id='word_1_29' title='bbox 1196 352 1493 395; x_wconf 82' lang='lat' dir='ltr'>monumentis</span> <span class='ocrx_word' id='word_1_30' title='bbox 1515 386 1525 405; x_wconf 86' lang='lat'>,</span> 
     </span>
     <span class='ocr_line' id='line_1_7' title="bbox 127 426 1529 489; baseline -0.006 -14"><span class='ocrx_word' id='word_1_31' title='bbox 127 431 339 485; x_wconf 82' lang='lat' dir='ltr'><strong>ostendit,</strong></span> <span class='ocrx_word' id='word_1_32' title='bbox 359 432 679 474; x_wconf 87' lang='lat' dir='ltr'>demonstratus</span> <span class='ocrx_word' id='word_1_33' title='bbox 702 429 938 489; x_wconf 83' lang='lat' dir='ltr'>praesertim</span> <span class='ocrx_word' id='word_1_34' title='bbox 959 443 982 471; x_wconf 90' lang='lat' dir='ltr'>a</span> <span class='ocrx_word' id='word_1_35' title='bbox 1000 429 1065 470; x_wconf 88' lang='lat' dir='ltr'>Jo.</span> <span class='ocrx_word' id='word_1_36' title='bbox 1085 428 1314 479; x_wconf 79' lang='lat' dir='ltr'>Masson03</span> <span class='ocrx_word' id='word_1_37' title='bbox 1336 426 1410 485; x_wconf 88' lang='lat' dir='ltr'>qui</span> <span class='ocrx_word' id='word_1_38' title='bbox 1431 440 1529 467; x_wconf 89' lang='lat' dir='ltr'>con-</span> 
     </span>
     <span class='ocr_line' id='line_1_8' title="bbox 128 498 1525 558; baseline -0.008 -9"><span class='ocrx_word' id='word_1_39' title='bbox 128 521 277 548; x_wconf 82' lang='lat' dir='ltr'>sensus</span> <span class='ocrx_word' id='word_1_40' title='bbox 302 522 389 548; x_wconf 89' lang='lat' dir='ltr'>non</span> <span class='ocrx_word' id='word_1_41' title='bbox 409 520 512 548; x_wconf 86' lang='lat' dir='ltr'>sane</span> <span class='ocrx_word' id='word_1_42' title='bbox 535 520 559 547; x_wconf 90' lang='lat' dir='ltr'>a</span> <span class='ocrx_word' id='word_1_43' title='bbox 581 502 858 546; x_wconf 76' lang='lat' dir='ltr'>mendacium</span> <span class='ocrx_word' id='word_1_44' title='bbox 886 511 927 545; x_wconf 86' lang='lat' dir='ltr'>et</span> <span class='ocrx_word' id='word_1_45' title='bbox 958 516 1172 543; x_wconf 82' lang='lat' dir='ltr'>vanorum</span> <span class='ocrx_word' id='word_1_46' title='bbox 1195 498 1363 558; x_wconf 81' lang='lat' dir='ltr'>aliquot</span> <span class='ocrx_word' id='word_1_47' title='bbox 1383 498 1525 542; x_wconf 88' lang='lat' dir='ltr'>homi-</span> 
     </span>
     <span class='ocr_line' id='line_1_9' title="bbox 130 571 1529 638; baseline -0.005 -18"><span class='ocrx_word' id='word_1_48' title='bbox 130 594 235 620; x_wconf 91' lang='lat' dir='ltr'>num</span> <span class='ocrx_word' id='word_1_49' title='bbox 277 577 462 638; x_wconf 84' lang='lat' dir='ltr'>ingeniis</span> <span class='ocrx_word' id='word_1_50' title='bbox 495 575 717 637; x_wconf 86' lang='lat' dir='ltr'>profectus</span> <span class='ocrx_word' id='word_1_51' title='bbox 755 592 845 618; x_wconf 89' lang='lat' dir='ltr'>esse</span> <span class='ocrx_word' id='word_1_52' title='bbox 891 575 1048 635; x_wconf 86' lang='lat' dir='ltr'>potuit.</span> <span class='ocrx_word' id='word_1_53' title='bbox 1090 574 1282 632; x_wconf 86' lang='lat' dir='ltr'>Scriptas</span> <span class='ocrx_word' id='word_1_54' title='bbox 1313 587 1416 631; x_wconf 79' lang='lat' dir='ltr'>ergo</span> <span class='ocrx_word' id='word_1_55' title='bbox 1452 571 1529 613; x_wconf 84' lang='lat' dir='ltr'>has</span> 
     </span>
     <span class='ocr_line' id='line_1_10' title="bbox 129 643 1529 710; baseline -0.005 -18"><span class='ocrx_word' id='word_1_56' title='bbox 129 649 331 710; x_wconf 80' lang='lat' dir='ltr'>epistolas</span> <span class='ocrx_word' id='word_1_57' title='bbox 355 650 577 710; x_wconf 84' lang='lat' dir='ltr'>editasque</span> <span class='ocrx_word' id='word_1_58' title='bbox 596 649 651 694; x_wconf 83' lang='lat' dir='ltr'>ab</span> <span class='ocrx_word' id='word_1_59' title='bbox 676 650 768 708; x_wconf 86' lang='lat' dir='ltr'>ipso</span> <span class='ocrx_word' id='word_1_60' title='bbox 790 647 951 697; x_wconf 75' lang='lat' dir='ltr'>Plinio,</span> <span class='ocrx_word' id='word_1_61' title='bbox 971 646 1099 706; x_wconf 88' lang='lat' dir='ltr'>plane</span> <span class='ocrx_word' id='word_1_62' title='bbox 1125 645 1232 688; x_wconf 83' lang='lat' dir='ltr'>milii</span> <span class='ocrx_word' id='word_1_63' title='bbox 1251 661 1340 687; x_wconf 88' lang='lat' dir='ltr'>non</span> <span class='ocrx_word' id='word_1_64' title='bbox 1366 653 1429 686; x_wconf 90' lang='lat' dir='ltr'>est</span> <span class='ocrx_word' id='word_1_65' title='bbox 1452 643 1529 686; x_wconf 86' lang='lat' dir='ltr'>du-</span> 
     </span>
     <span class='ocr_line' id='line_1_11' title="bbox 130 718 1530 777; baseline -0.006 -11"><span class='ocrx_word' id='word_1_66' title='bbox 130 724 262 767; x_wconf 86' lang='lat' dir='ltr'>bium.</span> <span class='ocrx_word' id='word_1_67' title='bbox 292 725 452 767; x_wconf 82' lang='lat' dir='ltr'>Utrum</span> <span class='ocrx_word' id='word_1_68' title='bbox 483 732 628 766; x_wconf 89' lang='lat' dir='ltr'>autem</span> <span class='ocrx_word' id='word_1_69' title='bbox 663 723 801 765; x_wconf 82' lang='lat' dir='ltr'>missae</span> <span class='ocrx_word' id='word_1_70' title='bbox 833 736 984 763; x_wconf 89' lang='lat' dir='ltr'>omnes</span> <span class='ocrx_word' id='word_1_71' title='bbox 1018 720 1104 761; x_wconf 87' lang='lat' dir='ltr'>sint</span> <span class='ocrx_word' id='word_1_72' title='bbox 1135 718 1188 761; x_wconf 89' lang='lat' dir='ltr'>ad</span> <span class='ocrx_word' id='word_1_73' title='bbox 1217 734 1313 770; x_wconf 86' lang='lat' dir='ltr'>eos,</span> <span class='ocrx_word' id='word_1_74' title='bbox 1342 732 1530 777; x_wconf 84' lang='lat' dir='ltr'>quorum</span> 
     </span>
     <span class='ocr_line' id='line_1_12' title="bbox 130 789 1531 857; baseline -0.007 -17"><span class='ocrx_word' id='word_1_75' title='bbox 130 798 381 857; x_wconf 82' lang='lat' dir='ltr'>praescripta</span> <span class='ocrx_word' id='word_1_76' title='bbox 407 806 507 840; x_wconf 88' lang='lat' dir='ltr'>sunt</span> <span class='ocrx_word' id='word_1_77' title='bbox 532 796 731 848; x_wconf 89' lang='lat' dir='ltr'>nomina,</span> <span class='ocrx_word' id='word_1_78' title='bbox 752 811 802 837; x_wconf 88' lang='lat' dir='ltr'>ea</span> <span class='ocrx_word' id='word_1_79' title='bbox 826 810 926 836; x_wconf 87' lang='lat' dir='ltr'>vero</span> <span class='ocrx_word' id='word_1_80' title='bbox 948 792 1027 836; x_wconf 84' lang='lat' dir='ltr'>alia</span> <span class='ocrx_word' id='word_1_81' title='bbox 1053 793 1233 852; x_wconf 82' lang='lat' dir='ltr'>quaestio</span> <span class='ocrx_word' id='word_1_82' title='bbox 1255 802 1339 844; x_wconf 86' lang='lat' dir='ltr'>est,</span> <span class='ocrx_word' id='word_1_83' title='bbox 1362 805 1450 832; x_wconf 87' lang='lat' dir='ltr'>non</span> <span class='ocrx_word' id='word_1_84' title='bbox 1473 789 1531 831; x_wconf 86' lang='lat' dir='ltr'>ita</span> 
     </span>
     <span class='ocr_line' id='line_1_13' title="bbox 129 863 1533 925; baseline -0.006 -13"><span class='ocrx_word' id='word_1_85' title='bbox 129 869 253 913; x_wconf 79' lang='lat' dir='ltr'>facile</span> <span class='ocrx_word' id='word_1_86' title='bbox 285 869 557 913; x_wconf 83' lang='lat' dir='ltr'>affirmanda.</span> <span class='ocrx_word' id='word_1_87' title='bbox 583 871 731 912; x_wconf 86' lang='lat' dir='ltr'>Primo</span> <span class='ocrx_word' id='word_1_88' title='bbox 768 867 881 910; x_wconf 87' lang='lat' dir='ltr'>diem</span> <span class='ocrx_word' id='word_1_89' title='bbox 920 866 1190 925; x_wconf 82' lang='lat' dir='ltr'>adscriptum</span> <span class='ocrx_word' id='word_1_90' title='bbox 1226 863 1344 907; x_wconf 86' lang='lat' dir='ltr'>nulla</span> <span class='ocrx_word' id='word_1_91' title='bbox 1376 863 1533 915; x_wconf 83' lang='lat' dir='ltr'>habet,</span> 
     </span>
     <span class='ocr_line' id='line_1_14' title="bbox 130 934 1533 1003; baseline -0.006 -18"><span class='ocrx_word' id='word_1_92' title='bbox 130 942 247 1002; x_wconf 90' lang='lat' dir='ltr'>quod</span> <span class='ocrx_word' id='word_1_93' title='bbox 280 944 324 985; x_wconf 91' lang='lat' dir='ltr'>in</span> <span class='ocrx_word' id='word_1_94' title='bbox 358 944 428 997; x_wconf 90' lang='lat' dir='ltr'>iis,</span> <span class='ocrx_word' id='word_1_95' title='bbox 454 959 549 1003; x_wconf 84' lang='lat' dir='ltr'>quae</span> <span class='ocrx_word' id='word_1_96' title='bbox 581 959 625 985; x_wconf 91' lang='lat' dir='ltr'>re</span> <span class='ocrx_word' id='word_1_97' title='bbox 655 942 750 1001; x_wconf 88' lang='lat' dir='ltr'>ipsa</span> <span class='ocrx_word' id='word_1_98' title='bbox 777 940 831 983; x_wconf 85' lang='lat' dir='ltr'>ad</span> <span class='ocrx_word' id='word_1_99' title='bbox 863 941 1024 983; x_wconf 83' lang='lat' dir='ltr'>amicos</span> <span class='ocrx_word' id='word_1_100' title='bbox 1057 939 1318 991; x_wconf 76' lang='lat' dir='ltr'>mittuntur,</span> <span class='ocrx_word' id='word_1_101' title='bbox 1342 934 1533 995; x_wconf 86' lang='lat' dir='ltr'>epistolis</span> 
     </span>
     <span class='ocr_line' id='line_1_15' title="bbox 132 1008 1532 1072; baseline -0.005 -15"><span class='ocrx_word' id='word_1_102' title='bbox 132 1015 360 1058; x_wconf 81' lang='lat' dir='ltr'>intermitti</span> <span class='ocrx_word' id='word_1_103' title='bbox 388 1016 456 1058; x_wconf 82' lang='lat' dir='ltr'>vix</span> <span class='ocrx_word' id='word_1_104' title='bbox 485 1014 606 1058; x_wconf 91' lang='lat' dir='ltr'>solet.</span> <span class='ocrx_word' id='word_1_105' title='bbox 626 1017 707 1068; x_wconf 88' lang='lat' dir='ltr'>Et,</span> <span class='ocrx_word' id='word_1_106' title='bbox 729 1014 762 1056; x_wconf 87' lang='lat' dir='ltr'>si</span> <span class='ocrx_word' id='word_1_107' title='bbox 787 1013 927 1065; x_wconf 84' lang='lat' dir='ltr'>dicas,</span> <span class='ocrx_word' id='word_1_108' title='bbox 944 1011 1062 1072; x_wconf 82' lang='lat' dir='ltr'>quod</span> <span class='ocrx_word' id='word_1_109' title='bbox 1087 1010 1313 1071; x_wconf 80' lang='lat' dir='ltr'>praefracte</span> <span class='ocrx_word' id='word_1_110' title='bbox 1333 1008 1532 1069; x_wconf 79' lang='lat' dir='ltr'>equidem</span> 
     </span>
     <span class='ocr_line' id='line_1_16' title="bbox 131 1081 1535 1147; baseline -0.004 -18"><span class='ocrx_word' id='word_1_111' title='bbox 131 1103 219 1129; x_wconf 89' lang='lat' dir='ltr'>non</span> <span class='ocrx_word' id='word_1_112' title='bbox 245 1087 615 1147; x_wconf 82' lang='lat' dir='ltr'>negaverim,diei</span> <span class='ocrx_word' id='word_1_113' title='bbox 640 1087 908 1129; x_wconf 84' lang='lat' dir='ltr'>mentionem</span> <span class='ocrx_word' id='word_1_114' title='bbox 933 1085 1338 1142; x_wconf 81' lang='lat' dir='ltr'>detractam,quum</span> <span class='ocrx_word' id='word_1_115' title='bbox 1359 1081 1535 1125; x_wconf 74' lang='lat' dir='ltr'>ederen-</span> 
     </span>
     <span class='ocr_line' id='line_1_17' title="bbox 133 1153 1536 1220; baseline -0.005 -18"><span class='ocrx_word' id='word_1_116' title='bbox 133 1169 227 1214; x_wconf 88' lang='lat' dir='ltr'>tur,</span> <span class='ocrx_word' id='word_1_117' title='bbox 260 1160 365 1203; x_wconf 89' lang='lat' dir='ltr'>illud</span> <span class='ocrx_word' id='word_1_118' title='bbox 393 1170 539 1203; x_wconf 86' lang='lat' dir='ltr'>tamen</span> <span class='ocrx_word' id='word_1_119' title='bbox 571 1169 773 1220; x_wconf 86' lang='lat' dir='ltr'>apparet,</span> <span class='ocrx_word' id='word_1_120' title='bbox 795 1167 1053 1219; x_wconf 78' lang='lat' dir='ltr'>argumenta</span> <span class='ocrx_word' id='word_1_121' title='bbox 1084 1155 1367 1215; x_wconf 85' lang='lat' dir='ltr'>epistolarum</span> <span class='ocrx_word' id='word_1_122' title='bbox 1394 1153 1536 1213; x_wconf 88' lang='lat' dir='ltr'>plera-</span> 
     </span>
     <span class='ocr_line' id='line_1_18' title="bbox 132 1227 1536 1292; baseline -0.006 -17"><span class='ocrx_word' id='word_1_123' title='bbox 132 1248 216 1291; x_wconf 90' lang='lat' dir='ltr'>que</span> <span class='ocrx_word' id='word_1_124' title='bbox 243 1249 332 1275; x_wconf 90' lang='lat' dir='ltr'>esse</span> <span class='ocrx_word' id='word_1_125' title='bbox 354 1234 474 1292; x_wconf 83' lang='lat' dir='ltr'>quasi</span> <span class='ocrx_word' id='word_1_126' title='bbox 497 1232 550 1275; x_wconf 88' lang='lat' dir='ltr'>ad</span> <span class='ocrx_word' id='word_1_127' title='bbox 578 1233 717 1292; x_wconf 79' lang='lat' dir='ltr'>ipsam</span> <span class='ocrx_word' id='word_1_128' title='bbox 741 1230 957 1274; x_wconf 87' lang='lat' dir='ltr'>scribendi</span> <span class='ocrx_word' id='word_1_129' title='bbox 983 1229 1338 1272; x_wconf 78' lang='lat' dir='ltr'>exercitationem</span> <span class='ocrx_word' id='word_1_130' title='bbox 1362 1227 1536 1286; x_wconf 82' lang='lat' dir='ltr'>quaesita</span> 
     </span>
     <span class='ocr_line' id='line_1_19' title="bbox 132 1299 1539 1366; baseline -0.005 -20"><span class='ocrx_word' id='word_1_131' title='bbox 132 1320 181 1347; x_wconf 82' lang='lat' dir='ltr'>ac</span> <span class='ocrx_word' id='word_1_132' title='bbox 203 1305 388 1360; x_wconf 87' lang='lat' dir='ltr'>delecta;</span> <span class='ocrx_word' id='word_1_133' title='bbox 416 1306 563 1366; x_wconf 87' lang='lat' dir='ltr'>itaque</span> <span class='ocrx_word' id='word_1_134' title='bbox 589 1306 736 1348; x_wconf 87' lang='lat' dir='ltr'>omnia</span> <span class='ocrx_word' id='word_1_135' title='bbox 760 1303 893 1366; x_wconf 86' lang='lat' dir='ltr'>polita</span> <span class='ocrx_word' id='word_1_136' title='bbox 925 1313 965 1346; x_wconf 87' lang='lat' dir='ltr'>et</span> <span class='ocrx_word' id='word_1_137' title='bbox 993 1313 1172 1355; x_wconf 85' lang='lat' dir='ltr'>ornata,</span> <span class='ocrx_word' id='word_1_138' title='bbox 1194 1317 1289 1344; x_wconf 89' lang='lat' dir='ltr'>eam</span> <span class='ocrx_word' id='word_1_139' title='bbox 1311 1299 1539 1360; x_wconf 73' lang='lat' dir='ltr'>quaesitam</span> 
     </span>
     <span class='ocr_line' id='line_1_20' title="bbox 132 1371 1539 1439; baseline -0.005 -19"><span class='ocrx_word' id='word_1_140' title='bbox 132 1378 405 1433; x_wconf 79' lang='lat' dir='ltr'>varietatem,</span> <span class='ocrx_word' id='word_1_141' title='bbox 426 1389 473 1422; x_wconf 90' lang='lat' dir='ltr'>ut</span> <span class='ocrx_word' id='word_1_142' title='bbox 494 1380 577 1422; x_wconf 90' lang='lat' dir='ltr'>hoc</span> <span class='ocrx_word' id='word_1_143' title='bbox 601 1380 743 1439; x_wconf 89' lang='lat' dir='ltr'>ipsum</span> <span class='ocrx_word' id='word_1_144' title='bbox 765 1379 901 1439; x_wconf 81' lang='lat' dir='ltr'>egisse</span> <span class='ocrx_word' id='word_1_145' title='bbox 925 1377 1047 1420; x_wconf 91' lang='lat' dir='ltr'>illum</span> <span class='ocrx_word' id='word_1_146' title='bbox 1070 1384 1303 1436; x_wconf 78' lang='lat' dir='ltr'>appareat,</span> <span class='ocrx_word' id='word_1_147' title='bbox 1325 1373 1390 1416; x_wconf 89' lang='lat' dir='ltr'>uti</span> <span class='ocrx_word' id='word_1_148' title='bbox 1412 1371 1539 1414; x_wconf 87' lang='lat' dir='ltr'>relin-</span> 
     </span>
     <span class='ocr_line' id='line_1_21' title="bbox 133 1445 1539 1512; baseline -0.004 -20"><span class='ocrx_word' id='word_1_149' title='bbox 133 1461 285 1509; x_wconf 91' lang='lat' dir='ltr'>queret</span> <span class='ocrx_word' id='word_1_150' title='bbox 305 1453 488 1511; x_wconf 84' lang='lat' dir='ltr'>posteris</span> <span class='ocrx_word' id='word_1_151' title='bbox 503 1469 634 1512; x_wconf 87' lang='lat' dir='ltr'>quam</span> <span class='ocrx_word' id='word_1_152' title='bbox 656 1452 996 1512; x_wconf 83' lang='lat' dir='ltr'>pulcherrimam</span> <span class='ocrx_word' id='word_1_153' title='bbox 1012 1449 1455 1506; x_wconf 78' lang='lat' dir='ltr'>ainabilissimamque</span> <span class='ocrx_word' id='word_1_154' title='bbox 1474 1445 1539 1488; x_wconf 85' lang='lat' dir='ltr'>sui</span> 
     </span>
     <span class='ocr_line' id='line_1_22' title="bbox 133 1520 1542 1585; baseline -0.005 -20"><span class='ocrx_word' id='word_1_155' title='bbox 133 1524 266 1583; x_wconf 89' lang='lat' dir='ltr'>ipsius</span> <span class='ocrx_word' id='word_1_156' title='bbox 290 1525 540 1585; x_wconf 83' lang='lat' dir='ltr'>imaginem.</span> <span class='ocrx_word' id='word_1_157' title='bbox 556 1526 706 1581; x_wconf 88' lang='lat' dir='ltr'>Quum</span> <span class='ocrx_word' id='word_1_158' title='bbox 734 1525 849 1568; x_wconf 88' lang='lat' dir='ltr'>enim</span> <span class='ocrx_word' id='word_1_159' title='bbox 875 1523 1021 1584; x_wconf 80' lang='lat' dir='ltr'>gloriae</span> <span class='ocrx_word' id='word_1_160' title='bbox 1045 1523 1172 1566; x_wconf 85' lang='lat' dir='ltr'>bonis</span> <span class='ocrx_word' id='word_1_161' title='bbox 1194 1520 1360 1564; x_wconf 83' lang='lat' dir='ltr'>artibus</span> <span class='ocrx_word' id='word_1_162' title='bbox 1386 1532 1542 1578; x_wconf 88' lang='lat' dir='ltr'>paran-</span> 
     </span>
     <span class='ocr_line' id='line_1_23' title="bbox 135 1590 1541 1655; baseline -0.005 -17"><span class='ocrx_word' id='word_1_163' title='bbox 135 1595 197 1638; x_wconf 81' lang='lat' dir='ltr'>dae</span> <span class='ocrx_word' id='word_1_164' title='bbox 231 1606 341 1640; x_wconf 87' lang='lat' dir='ltr'>esset</span> <span class='ocrx_word' id='word_1_165' title='bbox 379 1597 745 1651; x_wconf 73' lang='lat' dir='ltr'>studiosissimus,</span> <span class='ocrx_word' id='word_1_166' title='bbox 788 1607 828 1639; x_wconf 92' lang='lat' dir='ltr'>et</span> <span class='ocrx_word' id='word_1_167' title='bbox 864 1597 905 1638; x_wconf 91' lang='lat' dir='ltr'>in</span> <span class='ocrx_word' id='word_1_168' title='bbox 938 1597 1020 1638; x_wconf 88' lang='lat' dir='ltr'>hac</span> <span class='ocrx_word' id='word_1_169' title='bbox 1049 1611 1224 1655; x_wconf 86' lang='lat' dir='ltr'>qnoque</span> <span class='ocrx_word' id='word_1_170' title='bbox 1264 1609 1309 1636; x_wconf 84' lang='lat' dir='ltr'>re</span> <span class='ocrx_word' id='word_1_171' title='bbox 1347 1590 1541 1635; x_wconf 86' lang='lat' dir='ltr'>Tullium</span> 
     </span>
     <span class='ocr_line' id='line_1_24' title="bbox 136 1668 1542 1728; baseline -0.004 -17"><span class='ocrx_word' id='word_1_172' title='bbox 136 1679 395 1728; x_wconf 84' lang='lat' dir='ltr'>perpetuum</span> <span class='ocrx_word' id='word_1_173' title='bbox 427 1680 469 1713; x_wconf 91' lang='lat' dir='ltr'>et</span> <span class='ocrx_word' id='word_1_174' title='bbox 500 1672 677 1714; x_wconf 84' lang='lat' dir='ltr'>unicum</span> <span class='ocrx_word' id='word_1_175' title='bbox 708 1687 833 1713; x_wconf 88' lang='lat' dir='ltr'>suum</span> <span class='ocrx_word' id='word_1_176' title='bbox 865 1669 944 1712; x_wconf 88' lang='lat' dir='ltr'>sibi</span> <span class='ocrx_word' id='word_1_177' title='bbox 975 1668 1222 1728; x_wconf 79' lang='lat' dir='ltr'>exemplum</span> <span class='ocrx_word' id='word_1_178' title='bbox 1254 1673 1542 1727; x_wconf 71' lang='lat' dir='ltr'>proponeret,</span> 
     </span>
     <span class='ocr_line' id='line_1_25' title="bbox 136 1739 1543 1803; baseline -0.004 -18"><span class='ocrx_word' id='word_1_179' title='bbox 136 1742 258 1801; x_wconf 85' lang='lat' dir='ltr'>cujus</span> <span class='ocrx_word' id='word_1_180' title='bbox 273 1743 317 1785; x_wconf 94' lang='lat' dir='ltr'>in</span> <span class='ocrx_word' id='word_1_181' title='bbox 332 1743 526 1803; x_wconf 86' lang='lat' dir='ltr'>epistolis</span> <span class='ocrx_word' id='word_1_182' title='bbox 542 1743 610 1786; x_wconf 87' lang='lat' dir='ltr'>vel</span> <span class='ocrx_word' id='word_1_183' title='bbox 631 1745 816 1786; x_wconf 86' lang='lat' dir='ltr'>maxime</span> <span class='ocrx_word' id='word_1_184' title='bbox 847 1753 994 1785; x_wconf 84' lang='lat' dir='ltr'>tantus</span> <span class='ocrx_word' id='word_1_185' title='bbox 1014 1742 1185 1784; x_wconf 89' lang='lat' dir='ltr'>animus</span> <span class='ocrx_word' id='word_1_186' title='bbox 1201 1739 1543 1799; x_wconf 87' lang='lat' dir='ltr'>comprehensus</span> 
     </span>
     <span class='ocr_line' id='line_1_26' title="bbox 137 1808 1545 1875; baseline -0.004 -18"><span class='ocrx_word' id='word_1_187' title='bbox 137 1824 180 1857; x_wconf 87' lang='lat' dir='ltr'>et</span> <span class='ocrx_word' id='word_1_188' title='bbox 204 1817 448 1875; x_wconf 80' lang='lat' dir='ltr'>posteritati</span> <span class='ocrx_word' id='word_1_189' title='bbox 469 1816 801 1859; x_wconf 87' lang='lat' dir='ltr'>commendatus</span> <span class='ocrx_word' id='word_1_190' title='bbox 831 1825 894 1858; x_wconf 83' lang='lat' dir='ltr'>est</span> <span class='ocrx_word' id='word_1_191' title='bbox 926 1832 933 1857; x_wconf 77' lang='grc' dir='ltr'>ε</span> <span class='ocrx_word' id='word_1_192' title='bbox 962 1814 1067 1874; x_wconf 86' lang='lat' dir='ltr'>quid</span> <span class='ocrx_word' id='word_1_193' title='bbox 1096 1823 1267 1874; x_wconf 89' lang='lat' dir='ltr'>poterat</span> <span class='ocrx_word' id='word_1_194' title='bbox 1294 1812 1435 1855; x_wconf 83' lang='lat' dir='ltr'>facere</span> <span class='ocrx_word' id='word_1_195' title='bbox 1461 1808 1545 1852; x_wconf 93' lang='lat' dir='ltr'>ele-</span> 
     </span>
     <span class='ocr_line' id='line_1_27' title="bbox 138 1884 1546 1948; baseline -0.005 -17"><span class='ocrx_word' id='word_1_196' title='bbox 138 1889 311 1948; x_wconf 83' lang='lat' dir='ltr'>gantius</span> <span class='ocrx_word' id='word_1_197' title='bbox 337 1889 392 1932; x_wconf 86' lang='lat' dir='ltr'>ad</span> <span class='ocrx_word' id='word_1_198' title='bbox 424 1888 704 1932; x_wconf 86' lang='lat' dir='ltr'>simulacrum</span> <span class='ocrx_word' id='word_1_199' title='bbox 733 1889 888 1931; x_wconf 90' lang='lat' dir='ltr'>mentis</span> <span class='ocrx_word' id='word_1_200' title='bbox 917 1904 1022 1940; x_wconf 76' lang='lat' dir='ltr'>suae,</span> <span class='ocrx_word' id='word_1_201' title='bbox 1050 1897 1092 1930; x_wconf 93' lang='lat' dir='ltr'>et</span> <span class='ocrx_word' id='word_1_202' title='bbox 1117 1886 1334 1929; x_wconf 85' lang='lat' dir='ltr'>factorum</span> <span class='ocrx_word' id='word_1_203' title='bbox 1362 1884 1546 1942; x_wconf 62' lang='lat' dir='ltr'>vitaeque</span> 
     </span>
     <span class='ocr_line' id='line_1_28' title="bbox 139 1958 1546 2022; baseline -0.006 -18"><span class='ocrx_word' id='word_1_204' title='bbox 139 1978 224 2005; x_wconf 85' lang='lat' dir='ltr'>suae</span> <span class='ocrx_word' id='word_1_205' title='bbox 249 1964 507 2006; x_wconf 83' lang='lat' dir='ltr'>memoriam</span> <span class='ocrx_word' id='word_1_206' title='bbox 529 1962 784 2006; x_wconf 86' lang='lat' dir='ltr'>tradendam</span> <span class='ocrx_word' id='word_1_207' title='bbox 807 1962 1009 2022; x_wconf 87' lang='lat' dir='ltr'>posteris,</span> <span class='ocrx_word' id='word_1_208' title='bbox 1029 1976 1161 2020; x_wconf 82' lang='lat' dir='ltr'>quam</span> <span class='ocrx_word' id='word_1_209' title='bbox 1189 1958 1223 2002; x_wconf 89' lang='lat' dir='ltr'>si</span> <span class='ocrx_word' id='word_1_210' title='bbox 1250 1958 1433 2016; x_wconf 87' lang='lat' dir='ltr'>scriptas</span> <span class='ocrx_word' id='word_1_211' title='bbox 1454 1972 1476 1997; x_wconf 82' lang='lat' dir='ltr'>a</span> <span class='ocrx_word' id='word_1_212' title='bbox 1503 1970 1546 1996; x_wconf 84' lang='lat' dir='ltr'>se</span> 
     </span>
     <span class='ocr_line' id='line_1_29' title="bbox 140 2027 1547 2096; baseline -0.004 -20"><span class='ocrx_word' id='word_1_213' title='bbox 140 2033 342 2094; x_wconf 88' lang='lat' dir='ltr'>epistolas</span> <span class='ocrx_word' id='word_1_214' title='bbox 370 2035 414 2077; x_wconf 91' lang='lat' dir='ltr'>in</span> <span class='ocrx_word' id='word_1_215' title='bbox 440 2034 596 2096; x_wconf 83' lang='lat' dir='ltr'>vulgus</span> <span class='ocrx_word' id='word_1_216' title='bbox 620 2035 767 2078; x_wconf 84' lang='lat' dir='ltr'>ederet</span> <span class='ocrx_word' id='word_1_217' title='bbox 792 2051 862 2078; x_wconf 86' lang='lat' dir='ltr'>eas</span> <span class='ocrx_word' id='word_1_218' title='bbox 878 2069 888 2089; x_wconf 94' lang='lat'>,</span> <span class='ocrx_word' id='word_1_219' title='bbox 910 2033 1069 2094; x_wconf 86' lang='lat' dir='ltr'>quibus</span> <span class='ocrx_word' id='word_1_220' title='bbox 1093 2032 1208 2075; x_wconf 91' lang='lat' dir='ltr'>foras</span> <span class='ocrx_word' id='word_1_221' title='bbox 1229 2030 1353 2091; x_wconf 85' lang='lat' dir='ltr'>quasi</span> <span class='ocrx_word' id='word_1_222' title='bbox 1375 2027 1547 2090; x_wconf 81' lang='lat' dir='ltr'>prodie-</span> 
     </span>
     <span class='ocr_line' id='line_1_30' title="bbox 141 2101 1546 2168; baseline -0.004 -20"><span class='ocrx_word' id='word_1_223' title='bbox 141 2116 230 2161; x_wconf 86' lang='lat' dir='ltr'>rat,</span> <span class='ocrx_word' id='word_1_224' title='bbox 249 2117 291 2151; x_wconf 86' lang='lat' dir='ltr'>et</span> <span class='ocrx_word' id='word_1_225' title='bbox 316 2109 674 2168; x_wconf 81' lang='lat' dir='ltr'>conspiciendum</span> <span class='ocrx_word' id='word_1_226' title='bbox 702 2125 744 2151; x_wconf 90' lang='lat' dir='ltr'>se</span> <span class='ocrx_word' id='word_1_227' title='bbox 770 2107 1017 2168; x_wconf 56' lang='lat' dir='ltr'>praebuerat</span> <span class='ocrx_word' id='word_1_228' title='bbox 1046 2105 1115 2148; x_wconf 86' lang='lat' dir='ltr'>ille</span> <span class='ocrx_word' id='word_1_229' title='bbox 1144 2106 1318 2165; x_wconf 89' lang='lat' dir='ltr'>cupitor</span> <span class='ocrx_word' id='word_1_230' title='bbox 1343 2113 1385 2146; x_wconf 90' lang='lat' dir='ltr'>et</span> <span class='ocrx_word' id='word_1_231' title='bbox 1414 2101 1546 2144; x_wconf 81' lang='lat' dir='ltr'>affec-</span> 
     </span>
     <span class='ocr_line' id='line_1_31' title="bbox 142 2175 1548 2240; baseline -0.005 -18"><span class='ocrx_word' id='word_1_232' title='bbox 142 2189 256 2223; x_wconf 84' lang='lat' dir='ltr'>tator</span> <span class='ocrx_word' id='word_1_233' title='bbox 276 2181 615 2226; x_wconf 83' lang='lat' dir='ltr'>immortalitatis</span> <span class='ocrx_word' id='word_1_234' title='bbox 641 2182 813 2225; x_wconf 86' lang='lat' dir='ltr'>animus</span> <span class='ocrx_word' id='word_1_235' title='bbox 831 2197 841 2235; x_wconf 76' lang='lat'>3</span> <span class='ocrx_word' id='word_1_236' title='bbox 861 2181 999 2240; x_wconf 87' lang='lat' dir='ltr'>iisque</span> <span class='ocrx_word' id='word_1_237' title='bbox 1022 2178 1200 2221; x_wconf 83' lang='lat' dir='ltr'>adderet</span> <span class='ocrx_word' id='word_1_238' title='bbox 1228 2176 1355 2230; x_wconf 82' lang='lat' dir='ltr'>alias,</span> <span class='ocrx_word' id='word_1_239' title='bbox 1380 2192 1432 2217; x_wconf 89' lang='lat' dir='ltr'>eo</span> <span class='ocrx_word' id='word_1_240' title='bbox 1454 2175 1548 2233; x_wconf 87' lang='lat' dir='ltr'>ipso</span> 
     </span>
     <span class='ocr_line' id='line_1_32' title="bbox 142 2248 1551 2314; baseline -0.004 -20"><span class='ocrx_word' id='word_1_241' title='bbox 142 2252 322 2295; x_wconf 84' lang='lat' dir='ltr'>consilio</span> <span class='ocrx_word' id='word_1_242' title='bbox 352 2255 553 2314; x_wconf 85' lang='lat' dir='ltr'>scriptas,</span> <span class='ocrx_word' id='word_1_243' title='bbox 584 2265 626 2298; x_wconf 84' lang='lat' dir='ltr'>et</span> <span class='ocrx_word' id='word_1_244' title='bbox 668 2255 779 2298; x_wconf 86' lang='lat' dir='ltr'>forte</span> <span class='ocrx_word' id='word_1_245' title='bbox 806 2255 956 2296; x_wconf 88' lang='lat' dir='ltr'>missas</span> <span class='ocrx_word' id='word_1_246' title='bbox 985 2252 1189 2312; x_wconf 83' lang='lat' dir='ltr'>privatim</span> <span class='ocrx_word' id='word_1_247' title='bbox 1220 2250 1270 2293; x_wconf 86' lang='lat' dir='ltr'>ad</span> <span class='ocrx_word' id='word_1_248' title='bbox 1305 2248 1551 2297; x_wconf 85' lang='lat' dir='ltr'>neminem,</span> 
     </span>
     <span class='ocr_line' id='line_1_33' title="bbox 143 2325 1549 2385; baseline -0.002 -19"><span class='ocrx_word' id='word_1_249' title='bbox 143 2325 215 2367; x_wconf 87' lang='lat' dir='ltr'>sed</span> <span class='ocrx_word' id='word_1_250' title='bbox 245 2326 366 2367; x_wconf 89' lang='lat' dir='ltr'>omni</span> <span class='ocrx_word' id='word_1_251' title='bbox 397 2328 639 2385; x_wconf 87' lang='lat' dir='ltr'>posteritati</span> <span class='ocrx_word' id='word_1_252' title='bbox 672 2327 860 2379; x_wconf 79' lang='lat' dir='ltr'>dicatas,</span> <span class='ocrx_word' id='word_1_253' title='bbox 891 2325 1050 2385; x_wconf 86' lang='lat' dir='ltr'>quibus</span> <span class='ocrx_word' id='word_1_254' title='bbox 1078 2341 1127 2367; x_wconf 84' lang='lat' dir='ltr'>ea</span> <span class='ocrx_word' id='word_1_255' title='bbox 1157 2329 1549 2367; x_wconf 86' lang='lat' dir='ltr'>commemoraret.</span> 
     </span>
     <span class='ocr_line' id='line_1_34' title="bbox 144 2392 1551 2456; baseline -0.003 -17"><span class='ocrx_word' id='word_1_256' title='bbox 144 2414 239 2456; x_wconf 84' lang='lat' dir='ltr'>quae</span> <span class='ocrx_word' id='word_1_257' title='bbox 264 2398 315 2440; x_wconf 87' lang='lat' dir='ltr'>de</span> <span class='ocrx_word' id='word_1_258' title='bbox 344 2415 411 2453; x_wconf 88' lang='lat' dir='ltr'>se,</span> <span class='ocrx_word' id='word_1_259' title='bbox 443 2399 496 2441; x_wconf 83' lang='lat' dir='ltr'>de</span> <span class='ocrx_word' id='word_1_260' title='bbox 526 2400 611 2442; x_wconf 85' lang='lat' dir='ltr'>suis</span> <span class='ocrx_word' id='word_1_261' title='bbox 639 2400 812 2452; x_wconf 85' lang='lat' dir='ltr'>studiis,</span> <span class='ocrx_word' id='word_1_262' title='bbox 836 2399 888 2441; x_wconf 76' lang='lat' dir='ltr'>(le</span> <span class='ocrx_word' id='word_1_263' title='bbox 920 2408 1013 2441; x_wconf 85' lang='lat' dir='ltr'>toto</span> <span class='ocrx_word' id='word_1_264' title='bbox 1042 2399 1141 2440; x_wconf 80' lang='lat' dir='ltr'>vitae</span> <span class='ocrx_word' id='word_1_265' title='bbox 1173 2414 1260 2439; x_wconf 83' lang='lat' dir='ltr'>suae</span> <span class='ocrx_word' id='word_1_266' title='bbox 1289 2410 1473 2455; x_wconf 78' lang='lat' dir='ltr'>genere,</span> <span class='ocrx_word' id='word_1_267' title='bbox 1499 2392 1551 2435; x_wconf 85' lang='lat' dir='ltr'>de</span> 
     </span>
     <span class='ocr_line' id='line_1_35' title="bbox 145 2468 1552 2529; baseline -0.002 -18"><span class='ocrx_word' id='word_1_268' title='bbox 145 2470 413 2524; x_wconf 79' lang='lat' dir='ltr'>actionibus,</span> <span class='ocrx_word' id='word_1_269' title='bbox 443 2472 496 2514; x_wconf 81' lang='lat' dir='ltr'>(le</span> <span class='ocrx_word' id='word_1_270' title='bbox 529 2473 678 2515; x_wconf 85' lang='lat' dir='ltr'>amicis</span> <span class='ocrx_word' id='word_1_271' title='bbox 714 2474 827 2526; x_wconf 87' lang='lat' dir='ltr'>suis,</span> <span class='ocrx_word' id='word_1_272' title='bbox 859 2471 911 2514; x_wconf 89' lang='lat' dir='ltr'>de</span> <span class='ocrx_word' id='word_1_273' title='bbox 944 2471 1071 2514; x_wconf 82' lang='lat' dir='ltr'>rebus</span> <span class='ocrx_word' id='word_1_274' title='bbox 1100 2470 1290 2529; x_wconf 84' lang='lat' dir='ltr'>denique</span> <span class='ocrx_word' id='word_1_275' title='bbox 1324 2468 1552 2521; x_wconf 75' lang='lat' dir='ltr'>omnibus,</span> 
     </span>
     <span class='ocr_line' id='line_1_36' title="bbox 146 2542 1553 2603; baseline -0.003 -18"><span class='ocrx_word' id='word_1_276' title='bbox 146 2558 240 2600; x_wconf 78' lang='lat' dir='ltr'>quae</span> <span class='ocrx_word' id='word_1_277' title='bbox 261 2543 314 2585; x_wconf 87' lang='lat' dir='ltr'>ad</span> <span class='ocrx_word' id='word_1_278' title='bbox 342 2545 483 2603; x_wconf 86' lang='lat' dir='ltr'>ipsum</span> <span class='ocrx_word' id='word_1_279' title='bbox 513 2544 601 2587; x_wconf 86' lang='lat' dir='ltr'>ullo</span> <span class='ocrx_word' id='word_1_280' title='bbox 630 2546 760 2588; x_wconf 89' lang='lat' dir='ltr'>modo</span> <span class='ocrx_word' id='word_1_281' title='bbox 788 2545 1082 2598; x_wconf 80' lang='lat' dir='ltr'>referrentur,</span> <span class='ocrx_word' id='word_1_282' title='bbox 1108 2545 1216 2588; x_wconf 81' lang='lat' dir='ltr'>scire</span> <span class='ocrx_word' id='word_1_283' title='bbox 1241 2552 1283 2585; x_wconf 79' lang='lat' dir='ltr'>et</span> <span class='ocrx_word' id='word_1_284' title='bbox 1306 2542 1553 2585; x_wconf 75' lang='lat' dir='ltr'>existimare</span> 
     </span>
     <span class='ocr_line' id='line_1_37' title="bbox 147 2612 1550 2676; baseline -0.001 -21"><span class='ocrx_word' id='word_1_285' title='bbox 147 2613 271 2657; x_wconf 86' lang='lat' dir='ltr'>vellet</span> <span class='ocrx_word' id='word_1_286' title='bbox 298 2628 506 2675; x_wconf 86' lang='lat' dir='ltr'>posteros.</span> <span class='ocrx_word' id='word_1_287' title='bbox 544 2618 652 2662; x_wconf 86' lang='lat' dir='ltr'>lllud</span> <span class='ocrx_word' id='word_1_288' title='bbox 677 2619 729 2661; x_wconf 90' lang='lat' dir='ltr'>de</span> <span class='ocrx_word' id='word_1_289' title='bbox 759 2619 908 2661; x_wconf 85' lang='lat' dir='ltr'>amicis</span> <span class='ocrx_word' id='word_1_290' title='bbox 936 2617 1062 2676; x_wconf 73' lang='lat' dir='ltr'>quale</span> <span class='ocrx_word' id='word_1_291' title='bbox 1090 2618 1165 2663; x_wconf 76' lang='lat' dir='ltr'>sit,</span> <span class='ocrx_word' id='word_1_292' title='bbox 1196 2616 1255 2658; x_wconf 78' lang='lat' dir='ltr'>sic</span> <span class='ocrx_word' id='word_1_293' title='bbox 1282 2615 1384 2657; x_wconf 83' lang='lat' dir='ltr'>satis</span> <span class='ocrx_word' id='word_1_294' title='bbox 1410 2612 1472 2655; x_wconf 76' lang='lat' dir='ltr'>vel</span> <span class='ocrx_word' id='word_1_295' title='bbox 1502 2628 1550 2654; x_wconf 78' lang='lat' dir='ltr'>cx</span> 
     </span>
    </p>
   </div>
  </div>
 </body>
</html>
