1742 2989
1216 159 1234 176 ’Ἷι
1248 161 1273 180 ,δὶ
1315 160 1332 178 ’1

161 202 249 256 22³}ss
560 206 607 245 (j.
644 202 872 244 PLINII
907 203 1030 245 LIB.
1071 204 1150 245 [V.

157 301 245 328 non
273 282 412 327 solum
441 284 612 327 veniam
640 300 730 336 me,
748 299 903 326 verum
931 285 1061 327 etiam
1088 284 1261 327 laudem
1288 284 1404 344 apud
1430 286 1560 329 istum

159 359 324 418 ipsum,
347 374 371 401 a
402 374 512 418 quo,
540 366 588 400 ut
619 358 679 400 ais
700 393 710 410 ,
736 373 848 400 nova
879 356 954 413 lis,
982 358 1163 401 fortasse
1192 367 1241 401 ut
1271 357 1465 414 feminae,
1494 359 1561 402 in-

158 431 378 487 tenditur,
402 431 593 474 arbitror
612 439 1010 491 consequuturum,
1028 432 1062 474 si
1082 432 1173 475 haec
1194 431 1344 474 eadem
1365 431 1409 474 in
1430 433 1563 475 aetio-

158 522 213 548 ne
229 540 240 560 ,
264 505 393 548 latius
419 504 582 548 scilicet
607 514 650 547 et
671 505 848 547 uberius
864 540 875 559 ‚
895 521 1025 565 quam
1049 504 1334 566 epistolarum
1353 505 1566 565 angustiae

159 580 329 633 sinunt,
355 579 589 639 contigerit
613 578 721 622 mihi
747 578 812 621 vel
840 579 882 621 in
906 580 1227 623 excusationem
1244 615 1255 631 ,
1271 579 1337 623 vel
1361 580 1493 623 etiam
1520 578 1564 620 in

158 651 585 695 commendationem
610 668 754 695 meam
780 651 939 696 (licere.
958 652 1078 696 Vale.

163 784 355 826 Ucfemince.
375 782 454 815 Scio
472 793 558 826 quas
577 780 829 826 interpretatio-

158 846 219 867 nes
241 833 399 867 admittat
417 837 436 871 ἡ
460 845 505 867 ut.
528 835 640 867 Potest
659 833 828 880 intelligi,

160 890 476 931 tatzquamfhminae,
495 900 570 933 quae
584 887 716 920 consilii
734 887 832 932 inops

160 939 214 972 sit.
234 941 370 972 Verum
387 939 454 973 hoc
468 939 660 986 prudentiae
674 939 833 973 adversa-

158 992 202 1024 rii
238 1001 409 1038 repugnat
437 1001 469 1027 et
496 994 696 1033 honestati,
731 1006 837 1039 quam

158 1057 230 1077 non
265 1053 367 1091 negat
401 1045 449 1079 illi
484 1046 551 1079 hoc
575 1046 648 1091 ipso
668 1046 743 1079 loco
767 1046 836 1079 Pli-

160 1097 251 1131 nius.
272 1098 387 1131 Potest
416 1099 560 1144 intelligi
584 1098 626 1132 de
643 1099 780 1144 juribus
805 1107 836 1131 et

159 1150 346 1196 privilegiis
359 1152 543 1185 mulierum
557 1177 565 1192 ‚
579 1160 611 1184 et
625 1152 691 1184 hoc
703 1152 831 1185 malim.

161 1202 228 1237 Sed
238 1203 316 1237 vide
329 1213 445 1238 tamen
457 1230 465 1245 ‚
478 1217 523 1238 an
537 1218 607 1237 non
619 1204 834 1238 commodius

162 1257 203 1288 sit
218 1282 226 1297 ,
246 1256 274 1289 si
304 1257 468 1291 addicant
493 1258 706 1304 quandoque
732 1258 833 1297 libri,

161 1309 271 1353 legere
300 1311 500 1356 simpliciter
514 1337 523 1351 ‚
543 1325 624 1343 nova
643 1314 678 1343 lis
693 1313 835 1355 fortasse

895 780 976 814 huic
984 783 1121 826 feminoe
1140 784 1322 814 incenditur.
1343 780 1386 814 G.
1403 801 1448 805 ——
1464 780 1567 813 Plane

896 842 929 867 et
948 843 1040 868 certo
1063 835 1149 868 scire
1163 861 1171 876 ‚
1192 848 1296 881 quem
1316 846 1454 867 sensum
1474 846 1567 865 nunc

897 888 955 922 illa
970 891 1157 933 utftmince,
1175 890 1325 922 habeant
1336 913 1344 927 ‚
1360 899 1428 919 non
1446 898 1567 931 possu-

900 955 977 975 muz
996 943 1113 987 prins,
1138 955 1242 987 quam
1254 967 1262 981 ‚
1283 940 1393 986 qualis
1412 939 1469 972 illa
1488 951 1569 970 nova

901 998 938 1028 lis
958 996 1058 1028 fuerit
1073 1021 1081 1036 ‚
1100 994 1335 1028 didicerimus.
1350 992 1493 1025 Interim
1506 990 1570 1023 Ge-

900 1049 1056 1082 sneriana
1088 1047 1143 1080 illa
1176 1046 1367 1080 sufficient.
1394 1045 1434 1077 E.
1455 1064 1500 1068 ——
1518 1043 1570 1074 Ita

900 1103 1109 1147 interpungo
1126 1112 1133 1132 ε
1151 1113 1172 1131 α
1184 1113 1245 1143 quo
1258 1125 1266 1137 ,
1284 1109 1320 1130 ut
1331 1101 1398 1136 ais,
1415 1110 1496 1129 ηονα
1514 1098 1567 1131 lis,

890 1158 1034 1199 fhrtczsse
1053 1165 1087 1186 ut
1094 1155 1246 1198 semime,
1265 1153 1446 1184 intenditur.
1461 1149 1572 1182 Litem

900 1207 1034 1241 intendi
1046 1220 1064 1240 a
1076 1206 1213 1240 Caecilio
1225 1230 1233 1246 ,
1247 1212 1378 1238 certum
1393 1210 1465 1236 erat
1476 1214 1484 1242 ;
1496 1214 1572 1235 eam

901 1275 983 1295 vero
995 1287 1004 1302 ,
1016 1269 1053 1294 ut
1063 1260 1197 1293 feminae
1209 1285 1216 1299 ‚
1229 1257 1379 1295 intendi,
1390 1255 1481 1289 Galli
1491 1267 1573 1288 con-

897 1317 1031 1361 jectura
1050 1314 1127 1347 fuit.
1144 1313 1186 1345 H.

178 1447 213 1456 ss
219 1447 616 1458 xxxxxmsxvsvxmvmmvwsm
624 1447 946 1458 ==n1=25==2===1=x=
951 1442 1372 1456 vvuws==xw=sm=mxv=
1377 1438 1553 1451 mmmmmmmmm

748 1566 982 1622 XVIII.

170 1718 347 1754 Antonini
378 1718 647 1767 epigraminata
677 1720 810 1753 Graeca
839 1714 988 1757 laudat,
1020 1727 1066 1749 ox
1093 1712 1232 1762 quibus
1259 1712 1391 1748 Latine
1420 1723 1478 1755 se,
1509 1707 1574 1745 sed

506 1779 642 1829 impari
666 1791 861 1823 successu,
882 1776 1113 1814 convertisse
1133 1776 1234 1812 dicit.

416 1916 456 1945 c.
494 1915 726 1944 PLINIUS
764 1913 1068 1943 ANTONINO
1100 1896 1118 1913 '⁴
1154 1911 1251 1940 suo
1287 1912 1320 1938 s.

230 2036 373 2091 QUEM
383 2048 622 2077 ADMODUM
648 2032 786 2092 magis
804 2029 1051 2091 approbare
1075 2028 1153 2071 tibi
1174 2042 1374 2088 possum,
1394 2032 1576 2085 quanto-

165 2123 269 2167 pere
296 2107 428 2149 mirer
451 2107 769 2167 epigraminata
792 2114 869 2147 tua
892 2106 1069 2157 Graeca,
1085 2117 1217 2162 quarn
1238 2098 1357 2160 quod
1377 2096 1575 2158 quaedam

166 2178 361 2222 aemulari
378 2179 536 2222 Latine
558 2188 601 2221 et
621 2178 865 2238 exprimere
886 2175 1080 2220 tentavi?
1100 2177 1153 2218 In
1173 2173 1364 2217 deterius
1381 2170 1572 2232 quidem.

166 2252 339 2296 Accidit
362 2252 447 2295 hoc
468 2251 661 2311 primum
683 2249 980 2293 imbecillitate
1002 2247 1167 2308 ingenii
1182 2246 1267 2289 mei
1282 2262 1292 2302 3
1308 2243 1465 2288 deinde
1483 2243 1575 2285 ino-

165 2326 266 2385 pia,
291 2323 357 2368 vel
384 2325 554 2385 potius,
584 2333 633 2366 ut
658 2324 891 2368 Lueretius
923 2323 1004 2377 ait,
1031 2329 1221 2382 egestate
1249 2318 1381 2380 patrii
1410 2331 1576 2360 sermo-

905 2453 1001 2483 terius
1011 2460 1117 2482 tamen
1132 2451 1253 2482 accidit
1262 2451 1331 2480 hoc.
1343 2447 1387 2480 H.
1400 2466 1446 2471 ——
1460 2449 1577 2477 Tamen

905 2504 1008 2538 etiam
1025 2503 1201 2537 Cortiana.
1217 2501 1305 2534 Mihi
1320 2502 1446 2543 quidem
1461 2497 1578 2543 genni-

905 2569 990 2590 num
1004 2555 1153 2589 videtur.
1175 2556 1210 2589 S.

953 2610 1124 2651 —Inopia
1134 2634 1141 2643 ,
1154 2608 1328 2649 velpocius.
1338 2606 1421 2637 Rom
1429 2629 1435 2635 .
1446 2604 1575 2645 Inopia-

907 2675 946 2693 ac
967 2663 1087 2703 potins.
1110 2660 1152 2692 H.
1174 2657 1312 2690 -Vid.
1337 2657 1431 2688 Cort.
1458 2653 1500 2687 ad
1521 2655 1554 2686 II
1567 2678 1575 2693 ‚

912 2721 947 2749 Is.
965 2738 973 2752 ,
997 2727 1007 2745 1
1019 2714 1049 2746 3.
1069 2715 1103 2746 S.
1115 2732 1159 2738 —
1181 2716 1220 2743 Ue
1241 2711 1399 2742 Lucretius
1417 2710 1485 2745 (τῖε,-
1501 2706 1574 2740 scil,

212 2455 348 2488 XVIII.
360 2455 533 2486 Antonino.
544 2452 645 2485 Conf.
659 2464 762 2498 supra
772 2453 838 2493 IV,

219 2573 250 2593 Ι.
279 2562 434 2602 Quaedam
458 2560 605 2591 (emulari
619 2582 628 2598 ,
651 2565 716 2590 etc.
740 2558 838 2590 Rom.

171 2616 327 2655 Quaedam
344 2615 442 2644 latine
460 2613 609 2644 a‘mulari
620 2620 650 2642 et
663 2612 841 2652 exprimere

172 2667 301 2698 tentavi.
316 2665 360 2697 H.

218 2736 262 2741 —-
276 2721 314 2748 In
330 2719 463 2750 decer-ias
477 2743 484 2750 .
503 2724 567 2750 etc.
587 2717 684 2748 Rom.
704 2719 741 2745 In
755 2716 841 2746 delc-
