1757 2880
220 151 327 177 &nvi
355 136 363 141 ’
494 137 529 178 J.
566 136 625 178 M.
663 136 970 179 GESNERI
1004 137 1348 181 EPISTOLA

221 218 262 252 C.
276 216 457 252 Marium.
475 219 526 252 At
547 218 651 252 hunc
669 217 882 253 excludunt
903 217 1020 253 verba
1036 218 1119 265 ipsa
1136 219 1270 263 Plinii,
1294 220 1360 268 qui
1379 229 1491 269 neget
1509 221 1557 256 de
1576 221 1623 257 iis

220 290 259 313 se
280 290 390 327 agere
405 307 415 323 ,
436 280 505 327 qui
519 280 742 326 exspirante
751 279 839 323 jam
861 279 1031 314 libertate
1040 293 1115 328 per
1128 280 1207 316 vim
1225 294 1272 315 ac
1289 283 1488 316 tumultum
1510 283 1626 316 creati

218 338 304 373 sint.

270 402 377 446 LXI,
393 413 428 437 2.
444 401 628 449 Suspicor
643 401 875 450 legendum,
892 413 964 449 pro
978 402 1220 445 decrescant,
1239 402 1475 446 decrescunt,
1490 401 1621 450 prius-

218 475 293 509 que
314 470 354 497 ut
373 462 637 498 similitudinis
658 470 808 497 tantum
829 470 864 498 et
884 463 1181 511 comparationis
1203 475 1295 498 esse.

270 525 382 567 LXI,
406 526 442 559 8.
465 524 597 560 Servat
618 523 677 559 vir
695 523 752 559 Cl.
775 532 812 559 et
831 531 963 560 contra
980 523 1263 568 Schwarzium,
1288 524 1328 559 id
1352 532 1427 569 est,
1451 523 1624 560 codicem

217 585 466 621 Parisiensem
500 598 638 635 meque
677 585 851 621 defendit
881 593 1047 622 veterem
1082 585 1285 621 lectionem
1301 614 1310 630 ‚
1344 586 1623 633 indulgentiam

217 655 319 681 tuam
341 647 573 682 necessitatis
596 649 816 690 oemulelum
842 660 1000 696 eamque
1021 648 1143 697 magis
1170 661 1258 684 cum
1282 648 1518 697 panegyrico
1537 649 1624 684 lau-

217 707 336 742 dandi
351 720 487 757 genere
504 716 615 755 putat
632 709 852 744 convenire.
880 709 953 745 Sed
971 710 1001 745 si
1018 723 1107 746 vera
1130 718 1185 745 est
1203 710 1270 745 illa
1286 711 1401 746 lectio
1415 739 1424 754 ‚
1445 709 1623 746 aemulata

216 776 275 803 est
295 769 501 804 necessitas
525 769 644 813 illud,
670 770 776 818 quod
800 771 977 806 nondum
1000 771 1087 807 fuit.
1111 774 1249 808 Nonne
1275 785 1366 808 vero
1390 771 1624 821 indulgentis

215 838 293 874 est,
317 843 360 866 ea
382 832 486 866 ultro
509 832 553 866 da
562 844 618 873 re,
638 845 723 879 quae
741 832 835 867 alias
856 832 937 868 sola
956 841 1186 881 extorqueat
1203 834 1431 869 necessitas?
1447 834 1623 869 Necessi-

216 900 272 929 tas
304 906 382 929 non
413 894 605 938 imitatur,
631 907 710 930 non
738 894 999 945 circumspicit
1025 897 1218 944 exempla,
1239 897 1304 932 sed
1332 896 1433 940 ruit,
1450 894 1620 943 rumpit‚

215 955 377 1004 frangit,
396 955 475 991 sine
497 956 598 1005 lege,
616 957 698 991 sine
719 969 826 992 more
844 957 1058 1005 modoque,
1082 959 1224 993 omnia.

266 1017 412 1060 LXIII,
434 1031 468 1063 7.
488 1020 561 1052 Pro
578 1019 857 1065 spatiosissima
873 1019 954 1065 jam
971 1020 1100 1067 priore
1117 1020 1287 1056 editione
1301 1019 1552 1066 conjiciebam
1567 1020 1622 1054 le-

214 1077 381 1125 gendum
402 1079 699 1125 speciosissima,
723 1080 829 1126 quod
852 1080 892 1114 in
915 1081 1033 1115 altera
1055 1080 1126 1116 hac
1154 1093 1312 1117 monere
1341 1080 1485 1116 oblitus
1509 1093 1618 1116 sumt

213 1141 366 1173 monuit
384 1152 464 1183 me,
485 1152 610 1187 quum
631 1140 769 1187 probat
783 1167 793 1184 .,
815 1140 875 1174 vir
893 1141 1152 1177 doctissimus.
1172 1143 1247 1178 Sed
1268 1141 1370 1177 idem

263 1210 400 1254 LXIV,
432 1223 465 1253 1,
487 1223 566 1246 non
583 1210 806 1257 persuadet,
833 1224 955 1260 quum
972 1210 1125 1258 praefert
1147 1212 1279 1254 Vides,
1305 1225 1421 1259 quam
1446 1225 1621 1248 necessa—

211 1271 406 1316 riumfuit.
426 1272 549 1307 Nimis
563 1271 675 1306 facile
691 1280 748 1306 est
762 1271 911 1320 apicem
928 1271 1097 1320 postsu’,
1120 1286 1199 1320 quo
1219 1272 1404 1320 syllabam
1425 1286 1469 1308 er
1486 1281 1620 1309 notant

213 1330 382 1376 librarii,
398 1332 569 1380 periisse.

264 1402 388 1445 LXX,
401 1402 436 1437 6.
451 1402 512 1437 Sic
523 1403 724 1438 constituit
735 1404 863 1438 locum
874 1402 969 1438 mihi
981 1403 1142 1438 dubium
1153 1416 1198 1439 ex
1210 1403 1324 1440 bonis
1336 1404 1442 1440 libris
1453 1405 1509 1441 Cl.
1520 1408 1619 1442 Arn-

212 1461 360 1497 tzenius
380 1476 387 1496 :
408 1464 523 1498 Vides
538 1464 638 1498 enim
649 1489 660 1504 ,
677 1465 714 1498 si
732 1465 827 1512 quid
845 1465 937 1499 bene
950 1465 1084 1509 jecero
1109 1466 1203 1500 sciet
1223 1466 1384 1502 Caesar?
1399 1475 1468 1501 aut
1480 1468 1514 1501 si
1524 1468 1620 1502 scie—

211 1523 274 1564 rit,
298 1524 556 1558 testimonium
583 1526 742 1559 reddet?
761 1526 807 1560 Et
836 1524 934 1560 illud
961 1527 1074 1561 Vides
1092 1527 1191 1560 enim
1215 1528 1410 1576 eleganter
1432 1527 1618 1563 inservire

211 1584 263 1618 uit
280 1586 493 1621 sententiae.
513 1589 563 1621 At
578 1599 665 1634 ego,
685 1585 799 1635 culpa
814 1587 914 1622 forte
928 1600 1009 1622 mea
1022 1614 1032 1631 ‚
1047 1586 1278 1636 elegantiam
1299 1589 1473 1625 nondum
1489 1589 1617 1625 video.

210 1646 290 1681 Nec
307 1647 428 1695 magis
445 1647 540 1682 mihi
558 1648 696 1683 satisfit
716 1649 762 1684 iis
775 1676 784 1691 ‚
805 1661 890 1696 quae
911 1649 958 1684 de
978 1651 1181 1700 διαλογισμῷ
1203 1649 1457 1686 Schwarzius.

261 1717 391 1752 LXXI
401 1744 411 1758 ,
426 1717 460 1751 3.
478 1719 621 1752 Locum
634 1727 826 1763 vexatum,
840 1719 950 1764 benc,
963 1719 1036 1755 hoc
1049 1728 1119 1763 cst,
1131 1733 1247 1769 quam
1258 1722 1434 1770 proxime
1446 1721 1495 1757 ad
1505 1722 1616 1758 MSS.

209 1778 430 1823 constituit3
454 1791 567 1826 quem
592 1792 809 1826 proponam
837 1793 925 1816 cum
950 1781 1159 1829 interjectis
1177 1783 1476 1832 supplementis,
1497 1792 1534 1819 et
1555 1783 1616 1819 in-

210 1840 483 1887 terpretatione
500 1848 647 1876 nostra.
673 1842 839 1890 Contigit
862 1856 952 1890 ergo
971 1846 1091 1879 oculis
1110 1847 1245 1881 nostris
1269 1847 1424 1881 insolita
1445 1846 1617 1891 antefa-

210 1901 293 1943 cies,
310 1901 495 1948 Princeps
511 1909 546 1936 et
561 1903 814 1946 candidatus,
838 1905 943 1952 (equi
957 1913 1031 1939 tum
1054 1906 1244 1955 (aequales
1260 1907 1299 1941 in
1318 1919 1360 1942 ea
1377 1906 1615 1955 caerimonia)

207 1968 242 1994 et
257 1961 370 1995 simul
386 1970 528 1996 stantes
538 1977 553 2005 ;
574 1963 710 1997 intueri
726 1962 938 2013 (contigit)
959 1978 1095 2013 parem
1116 1967 1321 2016 (privatis)
1342 1968 1616 2015 accipientibus

206 2022 389 2057 honorem
411 2022 463 2071 (et
479 2023 766 2070 magistratum,
784 2025 1016 2075 Principem)
1037 2029 1104 2074 qui
1121 2029 1322 2077 (honorem
1341 2028 1464 2076 illum)
1484 2028 1612 2064 dabat.

258 2092 424 2134 LXXX,
443 2091 480 2126 6.
502 2091 585 2136 Ouia
609 2106 706 2127 nunc
718 2103 837 2141 parce
857 2096 961 2139 liber,
987 2097 1129 2133 omisso
1152 2098 1307 2135 nomine
1326 2111 1524 2142 curarum,
1553 2100 1613 2135 edi

207 2151 354 2188 curavit
373 2152 432 2187 vir
448 2153 598 2195 doctus,
619 2162 656 2188 ct
676 2154 854 2190 inutilem
873 2158 985 2203 plane
1001 2165 1113 2192 vocat
1128 2171 1280 2203 vocem,
1302 2158 1522 2207 qiiaeinvito
1540 2172 1613 2195 au·-

206 2213 302 2248 ctori
321 2214 566 2250 obtrudatur.
589 2215 663 2250 Sed
683 2228 760 2251 non
779 2218 850 2251 soli
870 2218 1108 2266 Cuspiniano
1126 2219 1259 2255 deberi
1280 2220 1372 2255 satis
1393 2229 1552 2269 apparet
1566 2234 1612 2257 ex

206 2274 284 2312 his,
307 2288 394 2322 quae
414 2274 496 2322 ipse
517 2276 735 2312 recudenda
757 2278 916 2313 curavit⁴

256 2344 436 2387 LXXXL
454 2344 487 2379 3.
504 2346 578 2379 Pro
591 2347 767 2380 claustris
782 2360 824 2382 ex
836 2350 917 2385 MS.
932 2349 1042 2397 ponit
1058 2351 1214 2385 clatlzrzls‘
1225 2367 1236 2385 .·
1255 2360 1368 2388 recte.
1385 2353 1475 2388 Non
1492 2352 1586 2388 item
1597 2379 1608 2395 ‚

204 2411 316 2448 puto.³
342 2404 450 2451 quod

253 2474 423 2509 LXXXI
437 2503 447 2519 ,
464 2480 499 2519 4,
516 2483 612 2510 extr.
629 2489 700 2523 pro
714 2479 876 2513 transire
892 2479 1083 2515 obstantia
1092 2481 1200 2526 fieta
1220 2483 1330 2530 ponit
1347 2482 1606 2527 transfretare,

216 2546 285 2578 guae
307 2533 435 2583 glossa
454 2536 572 2572 totius
594 2536 768 2573 formulae
788 2540 952 2576 videtur.
977 2542 1038 2577 Sic

256 2606 452 2643 [XXXII.
473 2620 501 2644 ι,
521 2610 701 2654 Teporem
716 2609 824 2655 ponit
840 2623 907 2655 pro
924 2619 1109 2657 forporem
1126 2626 1171 2649 ex
1182 2613 1335 2649 duobus
1348 2614 1459 2649 MSS.
1471 2622 1605 2648 contra
