1742 2989
543 177 889 219 EPISTOLA
926 178 1060 220 XVI.

1406 177 1431 221 3
1440 175 1463 220 5
1477 193 1490 219 1

98 262 217 324 (nam
241 259 342 303 villa
365 274 415 302 ea
436 256 714 315 subjacebat,
736 273 815 300 nec
838 256 923 300 ulla
943 257 1024 300 nisi
1047 256 1228 299 navibus
1252 256 1372 317 fuga)
1389 267 1437 301 ut
1453 273 1498 300 se

98 344 221 378 tanto
249 330 491 376 discrimini
517 330 730 389 eriperet,
755 330 953 372 orabant.
970 330 1113 372 Vertit
1144 328 1214 372 ille
1243 328 1497 385 consilium,
1524 372 1537 391 ζ

98 417 140 451 et
166 405 285 466 quod
311 403 506 448 studioso
530 403 676 444 animo
695 402 992 453 inchoaverat,
1011 402 1328 468 obitjlxnaximo.
1352 402 1498 445 Dedu-

98 482 157 524 cit
188 477 509 539 quadriremesss,
543 475 767 518 adscendit
804 475 894 535 ipse
927 491 1016 517 non
1046 475 1214 518 Retinae
1244 474 1396 529 modo,
1426 475 1501 517 sed

99 552 248 596 multis
277 551 386 612 (erat
418 549 534 591 enim
566 547 770 608 frequens
797 548 1023 590 amoenitas
1048 545 1151 604 orae)
1183 546 1349 590 laturus
1375 547 1501 589 auxi-

100 625 218 668 lium.
247 625 457 682 Properat
489 620 612 675 illuc,
638 620 753 663 unde
783 620 854 663 alii
876 613 1089 680 ffig—i‘u-n‘u
1118 630 1373 679 rectumque
1400 636 1501 663 cur-

101 714 220 751 sum,
243 705 361 739 recta
387 693 682 754 gubernacula
702 694 746 735 in
767 692 1011 753 periculum
1036 703 1181 746 tenet,
1202 693 1309 736 adeo
1337 693 1504 737 solutus

101 835 187 873 fert,
212 832 393 866 laudatum
420 832 521 865 etiam
541 831 771 864 Volaterrano

102 899 135 931 p.
158 899 204 918 m.
230 890 292 926 144
308 897 317 918 z
339 885 513 917 «Caesium
532 884 675 917 Bassum
694 897 774 928 poe-

101 947 171 971 tam
194 937 342 984 lyricum
372 938 463 969 fama
492 944 541 969 est
569 937 604 969 in
637 936 773 981 praediis

103 991 172 1023 suis
184 1015 193 1031 ‚
209 989 351 1022 ardente
361 990 496 1022 Vesevo
511 997 627 1021 monte
638 1014 646 1027 ‚
663 998 693 1022 et
708 989 774 1022 late

104 1042 306 1088 vagantibus
325 1042 461 1087 ignibus
479 1067 487 1081 ‚
508 1055 586 1075 cum
607 1041 685 1074 villa
715 1054 774 1074 sua

94 1094 363 1139 -conflagrasse.=›
379 1094 480 1126 Hisce
494 1093 777 1126 accommodatis-

105 1148 190 1180 sima
203 1147 265 1179 erit
280 1146 404 1179 Aldina
419 1146 519 1179 lectio
534 1173 542 1187 ,
560 1146 649 1179 circa
666 1159 775 1178 unum

104 1199 192 1232 illud
224 1207 293 1232 tam
320 1199 414 1232 varie
450 1199 616 1244 scriptum
649 1212 777 1231 nomen

106 1252 225 1285 leviter
251 1252 454 1292 immutata,
472 1258 509 1283 ut
534 1264 596 1296 pro
619 1253 710 1283 nasci
734 1251 779 1283 le-

106 1316 226 1350 gamus
249 1307 358 1342 Bassi,
375 1304 443 1336 hoc
465 1303 571 1336 modo
597 1314 604 1335 τ
627 1306 777 1346 Egredie-

107 1361 201 1389 batur
212 1359 318 1388 domo.
328 1359 456 1399 Accipit
467 1358 630 1388 codicillos
639 1356 780 1398 (tumul-

106 1410 258 1441 marium
269 1421 377 1454 genus
388 1408 627 1453 epistolarum)
643 1411 779 1440 Rectinae

108 1461 171 1504 (sic
187 1469 235 1493 est
252 1473 315 1505 pro
332 1463 466 1503 Retlnce)
486 1463 588 1497 Bassi,
606 1462 782 1492 imtm’nenfi

105 1516 246 1556 periculo
267 1512 385 1558 (quod
405 1513 492 1544 forte
518 1514 588 1557 jam
611 1511 773 1545 hauserat

111 1565 293 1608 maritum)
316 1568 489 1597 exterritae.
505 1568 590 1596 Nam
612 1568 691 1596 villa
716 1568 781 1608 ejus

109 1617 265 1661 (nomine
279 1617 370 1649 illius
385 1624 503 1662 postea
519 1615 623 1660 (licta)
637 1620 782 1660 subjace-

111 1670 301 1703 batVesevo
314 1670 423 1701 monti
435 1694 444 1709 ‚
455 1670 505 1711 (ut
519 1669 672 1714 pingitur
683 1682 701 1702 a
712 1670 784 1702 Ma·

112 1721 222 1765 sculo)
235 1736 291 1754 nec
305 1725 368 1753 ulla
383 1721 463 1754 inde
477 1723 539 1752 nisi
547 1723 780 1765 navibussicga,

112 1775 227 1819 itaque
247 1784 281 1805 ιιι
298 1787 330 1804 se
345 1774 546 1816 (Retinam)
567 1783 656 1804 tamo
676 1775 785 1805 discri-

114 1829 216 1864 mine,
241 1828 391 1869 eriperet,
415 1826 488 1870 ipsa
514 1826 634 1858 Retina
656 1829 783 1857 orabat.

115 1880 287 1923 Compara
297 1890 372 1923 quae
389 1885 580 1922 sequuntur
590 1905 598 1919 ‚
613 1885 645 1910 et
657 1878 785 1922 optime

115 1931 287 1964 cohaerere
310 1930 453 1963 videbis.
476 1929 543 1962 Sed
559 1930 587 1962 si
604 1933 784 1971 classiarii,

115 1992 149 2016 et
165 1996 242 2029 quae
259 1983 289 2017 ei
306 1982 444 2016 lectioni
460 1982 631 2015 cohaerent
646 2007 654 2021 ,
672 1991 749 2015 sunt
768 1996 786 2016 e

116 2037 216 2070 bonis
236 2036 330 2068 libris
347 2048 355 2076 ;
375 2043 408 2068 et
427 2043 517 2068 certe
539 2037 610 2080 jam
632 2036 679 2067 ita
700 2035 788 2079 lege-

116 2090 220 2122 batur
235 2096 332 2122 aetate
350 2088 527 2121 Hermolai
544 2100 551 2120 ε
571 2088 690 2120 malim
705 2100 789 2132 qua·

116 2141 282 2174 driremes
296 2149 435 2186 propter
444 2153 502 2173 eos
514 2139 640 2173 deduci
654 2164 662 2179 ‚
682 2153 787 2185 quam

117 2202 258 2240 propter
284 2194 482 2232 mulierem,
512 2193 591 2225 licet
620 2192 791 2225 nobilissi-

118 2259 208 2280 mam
224 2254 256 2279 et
268 2258 338 2278 non
352 2247 473 2280 solam.
491 2245 688 2278 G.-Rom.
702 2246 789 2278 «Ac—

119 2300 209 2344 cepit
219 2297 398 2331 codicillos
411 2310 418 2330 :
432 2298 574 2330 Rectina
587 2298 789 2330 iimui11›·nte

120 2351 273 2396 periculo
301 2351 459 2383 exterrita
483 2351 588 2392 (nam
611 2350 691 2382 villa
715 2352 789 2395 ejus

122 2404 342 2450 subjacebat,
356 2415 419 2435 nec
445 2402 513 2435 ulla
526 2427 535 2441 ‚
561 2402 625 2434 nisi
644 2403 790 2435 uas-ibus

123 2457 224 2501 fuga)
241 2464 277 2488 ut
297 2468 332 2488 se
356 2463 451 2487 tanto
474 2454 665 2487 discrimini
687 2455 792 2499 eripe-

122 2517 194 2548 ret,
224 2509 357 2541 orabat.
377 2524 389 2536 u
423 2507 637 2551 Singularem
676 2510 793 2538 orabat

125 2560 232 2593 Aldus
249 2572 389 2605 quoque
409 2559 589 2601 expressit,
609 2559 668 2590 etsi
692 2566 794 2592 antea

126 2614 303 2659 scripserat
320 2616 457 2645 ltcctince
468 2615 569 2643 Ausci
579 2619 609 2643 et
621 2625 657 2643 zzz
665 2615 791 2644 territae.

129 2667 235 2700 Docta
249 2674 281 2699 et
296 2666 398 2711 digna
411 2692 419 2705 ‚
434 2678 510 2711 quae
525 2676 691 2709 praecipue
705 2664 794 2708 lega-

835 840 909 870 tur,
928 840 977 865 est
998 832 1206 866 Gesneriana
1229 834 1437 879 conjectura.
1458 833 1503 867 H.

834 884 1081 930 —Gierigiana
1106 897 1113 917 z
1138 885 1302 930 «Accepit
1329 885 1506 919 codicillos

836 937 980 969 Rectinae
995 938 1093 970 Caesii
1104 937 1199 970 Bassi
1214 962 1223 976 ‚
1240 938 1432 970 imminenti
1451 951 1507 983 pe-

836 990 945 1021 riculo
978 990 1165 1029 exteriitae3
1197 991 1303 1032 (nam
1329 991 1408 1024 villa
1433 994 1506 1037 ejus

838 1042 1035 1087 subjacebat
1047 1069 1055 1083 ‚
1072 1054 1132 1074 nec
1150 1043 1220 1075 ulla
1234 1068 1242 1082 ,
1263 1043 1326 1075 nisi
1343 1044 1485 1076 navibus
1497 1068 1506 1083 ‚

837 1095 1130 1139 friga)11tsetailto
1141 1094 1330 1127 discrimini
1341 1096 1486 1140 eriperet
1497 1120 1506 1135 ‚

838 1147 991 1179 orabat.»
1008 1147 1058 1179 Ita
1072 1154 1131 1180 aut
1145 1160 1215 1180 non
1231 1147 1379 1180 multum
1393 1147 1509 1181 diver-

839 1212 875 1232 sa
906 1199 1038 1232 ratione
1067 1199 1240 1244 vulgatam
1269 1199 1510 1244 refingendam

840 1264 930 1291 esse⁷
956 1251 1009 1283 vix
1033 1250 1225 1292 dubitabit,
1249 1253 1309 1298 qui
1333 1253 1510 1297 sequentia

839 1303 1074 1350 perpenderit.
1090 1304 1123 1336 S.

890 1357 1033 1400 9.l'ertit
1042 1358 1093 1387 ille
1103 1358 1280 1388 consilium.
1296 1356 1389 1389 Malo
1403 1358 1513 1390 consi-

843 1409 889 1442 lio
897 1409 1099 1441 adverbium
1111 1422 1173 1438 non
1186 1417 1264 1441 ante
1274 1411 1370 1440 vertit
1378 1418 1511 1454 ponunt

842 1460 1020 1499 nonnulli,
1042 1460 1139 1505 quasi
1158 1459 1224 1492 hoc
1242 1460 1343 1493 vellet
1357 1461 1488 1494 Plinius
1503 1487 1512 1501 ‚

844 1512 1057 1546 avunculum
1078 1525 1177 1544 sunm
1193 1537 1201 1551 ,
1220 1521 1377 1557 rogatum
1397 1525 1415 1545 a
1431 1515 1515 1546 clas-

843 1566 953 1599 siariis
964 1590 973 1604 ‚
986 1573 1022 1597 ut
1031 1577 1063 1595 se
1073 1567 1173 1606 {lasum
1183 1565 1329 1609 eriperet
1339 1565 1494 1610 periculo
1504 1592 1514 1607 ,

844 1632 914 1651 non
938 1625 1088 1650 mutasse
1108 1617 1200 1661 prius
1220 1616 1307 1650 illud
1327 1618 1516 1651 accedendi

844 1671 988 1716 propius
1002 1669 1197 1702 consilinm.
1213 1669 1245 1702 Si
1264 1669 1428 1703 classiarii
1446 1684 1518 1703 om-

846 1723 929 1755 nino
957 1729 1121 1760 orarunt,
1149 1720 1244 1764 quod
1275 1721 1421 1754 dubium
1445 1736 1516 1756 esse

845 1774 950 1807 modo
961 1773 1191 1812 ostendimus,
1205 1774 1265 1818 ipsi
1280 1774 1366 1819 eripi
1377 1775 1518 1808 voluere

847 1827 1059 1867 discrimini,
1078 1838 1147 1858 non
1173 1834 1361 1870 rogarunt,
1382 1835 1418 1859 ut
1443 1840 1519 1872 par-

847 1888 937 1912 ceret
958 1880 1029 1924 ipse
1048 1878 1109 1911 sibi
1128 1878 1271 1911 Plinius.
1299 1882 1399 1911 Vertit
1415 1881 1519 1913 etiam

847 1945 883 1965 re
893 1932 965 1977 ipsa
981 1932 1110 1964 Plinius
1124 1934 1288 1963 consiliam
1302 1944 1416 1964 suum.
1431 1934 1520 1966 Ante

848 1985 939 2018 enim
958 1983 1140 2016 Liburnica
1160 1996 1230 2016 una
1250 1985 1386 2017 volebat
1408 1985 1520 2029 explo-

848 2044 962 2070 ratum
987 2036 1036 2069 ire
1060 2049 1132 2069 rem
1152 2048 1280 2069 novam
1307 2049 1346 2069 ac
1368 2037 1491 2070 miram
1512 2050 1522 2071 ε

850 2102 942 2121 nunc
971 2088 1112 2121 deducit
1141 2088 1377 2133 quadriremes
1403 2101 1410 2121 :
1442 2099 1523 2123 ante

850 2143 991 2173 studioso
1008 2143 1116 2172 animo
1134 2148 1165 2173 et
1180 2140 1311 2173 sciendi
1326 2141 1453 2186 cupido
1474 2146 1523 2175 in-

852 2196 1023 2225 choaverat
1050 2193 1302 2238 navigationem
1315 2220 1323 2235 ‚
1345 2206 1438 2227 nunc
1457 2198 1523 2226 obit

854 2258 928 2278 eam
944 2248 1087 2277 maximo
1098 2271 1105 2283 ‚
1127 2253 1162 2278 ut
1179 2245 1237 2290 qui
1252 2258 1330 2278 cum
1348 2258 1416 2279 suae
1433 2259 1525 2279 com-

854 2298 1050 2338 inmutatis,
1069 2306 1101 2331 ct
1122 2298 1240 2331 salutis
1259 2297 1345 2331 adeo
1368 2299 1525 2343 neglectu

855 2344 1010 2397 adjutum
1035 2358 1089 2383 eat
1105 2351 1158 2383 vel
1173 2350 1363 2384 classiarios
1378 2376 1386 2386 ‚
1398 2352 1450 2383 vel
1465 2352 1525 2383 Rc-

856 2403 963 2435 fiuam
984 2403 1078 2435 Bassi
1106 2416 1267 2440 uxorein,
1297 2410 1327 2435 ct
1359 2403 1526 2436 lainiliain

856 2455 946 2487 illius
958 2480 967 2495 ‚
988 2463 1164 2500 totamque
1179 2456 1270 2487 illam
1287 2454 1458 2488 viciniam.
1480 2455 1523 2488 G.

857 2529 901 2533 ——
924 2510 1021 2540 Pium.
1050 2509 1148 2541 «Nou
1169 2509 1280 2540 vertit.
1301 2524 1312 2535 n
1331 2506 1372 2538 Π.
1393 2527 1437 2531 —-
1453 2512 1527 2539 Fre-

859 2574 955 2604 quens
967 2564 1143 2592 amawims.
1157 2562 1196 2591 01
1207 2574 1222 2591 a
1242 2567 1370 2604 [sostei
1390 2561 1527 2593 :nnoeni-

861 2620 961 2645 tatem
981 2614 1176 2657 frequentar
1193 2612 1396 2644 inhabitata.
1413 2613 1479 2645 En.

926 2686 946 2689 --
977 2669 1099 2696 Dranci
1131 2678 1233 2697 nan-s
1261 2664 1332 2696 dtr.
1364 2664 1506 2709 quando
1519 2690 1528 2703 ‚

1534 659 1572 679 1⁴·
