1742 2989
563 205 902 248 EPISTULA
935 205 1029 247 III.

1407 208 1496 266 273

105 285 288 338 steriles,
308 294 350 329 et
380 284 631 345 simpliciter
652 285 863 345 ingratas,
881 302 929 328 ac
953 302 1004 328 ne
1028 283 1144 327 illam
1167 284 1342 344 quidem
1373 287 1498 330 soler-

106 362 210 403 tiam
224 358 448 403 Diomedis
465 359 509 400 in
532 359 818 418 permutando
840 373 1017 401 munere
1038 357 1268 400 imitantes.
1288 358 1497 419 Scd·‚quae

104 431 285 475 facilitas
309 441 404 483 tua,
424 432 507 474 hoc
526 432 663 492 magis
682 431 802 475 dabis
824 432 1006 486 veniam,
1027 430 1144 490 quod
1167 446 1210 473 se
1232 447 1320 473 non
1342 434 1497 475 mereri

104 504 307 547 fatentur.
322 503 444 547 Vale.

103 648 160 666 nec
174 638 271 667 maris
286 637 400 678 copiis,
417 645 481 666 tam
500 637 631 668 turbidis
651 646 765 679 tempe-

101 689 252 725 statibus,
273 688 395 733 quibus
411 688 533 732 piscari
545 701 613 721 non
629 689 763 723 licebat.

101 739 277 784 Significat
288 753 368 786 ergo
383 765 391 780 ‚
407 753 441 773 se
454 753 522 772 non
536 753 573 773 ex
586 742 669 774 urbe
683 767 691 781 ‚
707 742 765 775 sed

102 803 140 823 ex
159 793 368 826 Laurentina
389 793 466 825 villa
486 794 634 827 scribere
645 820 654 835 ‚
669 808 743 840 quae
755 820 763 835 ,

101 843 129 875 si
155 857 223 876 non
250 845 505 878 mediterraneis
520 871 528 886 7
556 848 696 880 uibanis
715 858 764 881 ta-

100 907 179 928 men
210 898 316 941 copiis
349 898 467 943 utique
502 898 762 934 destituebatur.

102 950 216 990 Copias
232 952 371 982 urbanas
387 950 476 996 legas
495 952 598 984 etiam
614 952 672 986 lib.
692 954 742 986 VI
754 979 763 993 ‚

100 1011 153 1045 ep.
177 1001 230 1033 28.
249 1001 292 1034 H.

146 1066 177 1085 2-
205 1056 393 1096 Simpliciter
422 1057 574 1097 ingratas.
608 1057 762 1101 Ingenue

100 1105 268 1148 professas
278 1130 288 1146 ‚
303 1118 337 1139 se
350 1106 433 1138 nihil
448 1108 572 1141 habere
583 1133 592 1148 ‚
607 1122 676 1154 quo
690 1122 762 1154 gra-

828 637 890 669 tias
901 636 1062 669 referant.
1072 636 1116 668 G.
1129 656 1173 660 —
1183 639 1348 668 Solet-eiam
1370 639 1498 669 Diome-

830 692 888 722 dis.
904 690 972 730 Qui
984 690 1144 733 perfecit,
1161 698 1196 722 ut
1211 690 1272 722 sihi
1288 697 1498 735 permutaret

829 742 979 775 Glaucus
997 744 1116 788 χρύσεαι
1129 745 1296 786 χαλκείων,
1313 743 1486 789 ἑκατόμὲοι
1501 750 1506 759 ²

831 795 1027 830 ἑννεοιὲιὶων.
1048 795 1088 827 Il.
1110 798 1143 834 ζ,
1178 796 1254 827 236.
1281 794 1324 826 G.
1344 815 1388 818 —
1408 794 1496 827 Hinc

831 847 900 880 duo
927 847 1104 892 proverbia
1130 854 1208 879 nata
1235 854 1313 879 sunt
1330 872 1338 886 ‚
1367 849 1498 878 solercia

830 902 992 931 Diomedis
1007 907 1038 932 et
1055 912 1152 931 aurea
1165 912 1227 942 pro
1242 901 1350 931 [eneis.
1370 898 1411 930 Id
1428 906 1476 930 est
1488 924 1496 939 ‚

831 965 954 997 magna
974 965 1035 997 pro
1054 952 1178 997 parvis.
1196 951 1276 983 Vid.
1299 950 1368 983 Cic.
1392 951 1496 983 Attio.

829 1005 893 1037 VI.
913 1006 977 1037 ΕΟ.
999 1025 1041 1029 ——-
1061 1007 1168 1045 Quod.
1185 1029 1191 1035 .
1209 1006 1374 1048 ,fatent11r.
1392 1002 1498 1045 Quod

827 1058 874 1090 ita
893 1057 1053 1090 modestae
1080 1064 1180 1096 sunt,
1203 1064 1240 1089 ut
1263 1057 1434 1089 fateantur
1462 1067 1496 1088 se

827 1111 963 1143 veniam
975 1122 1044 1143 non
1062 1109 1196 1142 mereri.
1213 1110 1252 1142 E.

100 1236 1001 1253 ινιωωιιῆωωωννιιιιωωννιωιιιωιη
1006 1240 1486 1253 ἋιωνιιωωννιιἋΊ-ἱὶ

741 1366 849 1420 ΠΙ.

89 1514 374 1568 1361116116115115
406 1515 657 1565 quorumdam
686 1517 944 1563 sermonibus,
973 1517 1075 1566 quod
1104 1529 1237 1553 versus
1269 1517 1482 1554 lasciviores

302 1579 442 1617 scribat
465 1581 690 1630 recitetque,
711 1594 748 1617 se
772 1582 932 1617 aliorum
952 1582 1125 1631 exemplo
1147 1589 1283 1618 tuetur.

351 1717 390 1746 C.
431 1717 664 1745 PLINIUS
701 1719 973 1746 ARISTONI

1009 1704 1028 1721 ’⁵
1065 1720 1166 1747 sno
1202 1720 1235 1747 s.

163 1833 310 1888 QUUM
334 1830 521 1891 plurima
547 1833 689 1876 officia
715 1843 788 1876 tua
817 1834 921 1876 mihi
949 1844 1068 1877 orata
1093 1844 1136 1877 et
1155 1835 1350 1895 jucunda
1371 1846 1492 1891 sunt,

947 1869 971 1894 t>

100 1915 190 1948 tum
218 1904 284 1947 vel
309 1906 520 1957 maxime,
543 1906 661 1965 quod
688 1922 755 1949 me
781 1906 1009 1950 celandum
1038 1924 1126 1950 non
1155 1909 1338 1967 putasti,
1364 1908 1493 1953 fuisse

99 1976 215 2037 apud
246 1987 287 2020 te
313 1977 366 2020 de
391 1977 612 2020 versiculis
638 1979 741 2021 meis
771 1978 956 2022 multum
986 1980 1300 2040 copiosumque
1331 1997 1493 2024 sermo-

99 2065 197 2091 nem
213 2084 223 2102 ,
242 2066 427 2109 eumque
453 2050 699 2094 diversitate
719 2051 985 2110 judiciorum
1012 2051 1182 2111 longius
1207 2053 1462 2111 processisse
1483 2070 1492 2096 ε

98 2121 311 2164 exstitisse
342 2124 471 2164 etiam
502 2123 736 2183 quosdam,
769 2125 842 2183 qui
873 2126 1032 2184 scripta
1067 2124 1241 2184 quidem
1277 2125 1367 2185 ipsa
1404 2143 1495 2169 non

101 2194 425 2252 improbarent,
451 2213 520 2238 mc
550 2206 695 2239 tamen
724 2198 858 2240 amice
888 2197 1226 2257 simpliciterque
1255 2198 1494 2257 reprehen-

100 2265 274 2320 derent,
297 2268 415 2326 quod
450 2269 541 2312 haec
572 2270 803 2312 scriberem
836 2270 1163 2330 recitaremque.
1192 2270 1364 2327 Quibus
1389 2287 1492 2330 ego,
1521 2292 1537 2310 2

100 2347 149 2380 ut
171 2355 351 2398 augeam
379 2357 518 2383 meam
543 2341 736 2401 culpam,
753 2344 812 2385 ita
836 2343 1079 2402 respondeo
1105 2360 1113 2385 :
1136 2344 1266 2385 Facio
1291 2359 1493 2385 nonnun-

100 2426 231 2471 quam
257 2412 512 2467 versiculos,
538 2430 707 2457 severos
735 2431 912 2475 parum;
938 2413 1047 2457 facio
1073 2414 1328 2466 comoedias,
1352 2423 1394 2456 et
1420 2429 1492 2457 au-

146 2538 230 2571 111.*
246 2539 305 2571 Est
322 2539 416 2572 haud
431 2539 533 2573 dubie
552 2544 637 2572 Titus
655 2544 760 2573 Aristo

101 2601 203 2633 quem
229 2598 349 2624 auctor
376 2592 446 2636 ipse
475 2594 510 2632 Ι,
528 2605 580 2637 ep.
607 2607 645 2626 22
660 2618 667 2632 ‚
685 2595 764 2626 satis

103 2640 296 2686 descripsit,
310 2651 341 2675 et
352 2645 501 2676 cuiVIII
512 2670 521 2684 ‚
534 2657 587 2689 ep.
605 2650 643 2685 14
657 2670 666 2685 ,
679 2657 766 2690 quae-

103 2692 248 2726 stionem
262 2695 450 2740 quamdam
470 2698 675 2732 senatoriam
690 2711 768 2745 pro-

293 2753 328 2793 I.

827 2542 939 2586 posuit
955 2541 1206 2587 explicandam.
1221 2542 1260 2573 In
1272 2540 1415 2585 Digestis
1425 2545 1492 2573 Sul-

829 2597 900 2626 vius
916 2597 1023 2626 Aristo
1041 2594 1200 2627 occurrit.
1215 2594 1280 2625 En.

880 2660 910 2680 2.
929 2650 1026 2679 Facio
1045 2659 1290 2688 nonnunquam,
1308 2652 1371 2677 etc.
1394 2646 1492 2677 Rom.

837 2716 850 2729 α
868 2699 972 2732 Facio
1002 2710 1250 2744 nonnunquam
1285 2696 1469 2730 versiculos
1485 2721 1497 2735 ,

1253 2755 1302 2797 18
