1757 2880
215 155 291 181 xiv
723 140 1093 182 PRAEFATIO

211 236 527 293 celeberrimi,
560 236 793 282 industria
816 236 1012 282 fuerunt
1040 238 1346 283 restituenda.
1375 244 1435 284 At
1457 257 1517 285 ne
1544 240 1628 286 ho-

208 336 315 364 rum
345 318 540 382 quidem
578 319 772 382 ingenio
808 329 854 365 et
889 336 1024 375 cura,
1054 320 1191 381 cujus
1222 337 1297 366 me
1323 321 1517 384 quidem
1543 323 1626 368 ad-

208 402 484 446 miratorem
523 402 779 446 maximum
818 400 1069 464 profiteor,
1102 403 1165 447 ita
1200 404 1360 448 omnia
1392 405 1627 467 perpolita

209 494 343 541 sunt,
380 494 433 529 ut
471 493 727 529 extremam
774 483 966 529 tandem
1011 501 1207 530 manum
1246 487 1478 549 recepisse
1513 503 1623 549 pos-

207 566 300 610 sint
341 564 596 611 adfirmari.
639 565 763 611 Illud
796 567 978 629 potius,
1018 566 1149 629 quod
1198 567 1342 622 nolis,
1378 567 1625 613 fatendum

206 657 300 705 est,
328 647 387 693 ab
414 649 468 694 iis
507 649 644 712 ipsis,
685 649 768 710 qui
802 648 1010 693 maculas
1041 649 1199 695 delere
1228 650 1508 703 voluerunt,
1535 666 1626 695 no-

205 747 282 775 vas
325 730 611 793 aliquando,
653 740 706 776 ut
747 730 850 776 fieri
895 731 1038 788 solet,
1075 731 1318 795 adspersas
1368 748 1494 787 esse,
1541 732 1625 776 ali-

205 829 323 874 quas
361 814 423 858 ita
452 814 644 877 penitus
679 813 935 869 insedisse,
967 824 1019 859 ut
1052 814 1210 859 eluere
1246 813 1438 859 difficile
1467 815 1548 869 sit,
1581 824 1626 859 et

203 910 354 958 prope
372 897 468 957 jam
500 897 805 941 temerarium
835 896 1063 942 videatur.
1095 900 1204 943 Non
1232 895 1391 942 fallere
1422 913 1497 941 me
1528 897 1626 959 opi-

204 978 420 1031 nionem,
454 996 478 1024 e
506 978 724 1041 pluribus
754 979 1007 1041 exemplis,
1044 996 1148 1041 quae
1180 980 1227 1023 in
1257 978 1471 1023 medium
1499 977 1624 1023 adfe—

202 1076 328 1113 ram,
359 1060 542 1122 aliquot
584 1071 711 1106 certe
751 1078 832 1106 eos
872 1062 1013 1105 etiam
1049 1060 1274 1105 adsentiri
1312 1070 1508 1123 cogent,
1542 1061 1623 1122 qui

202 1141 287 1186 alia
303 1143 463 1187 omnia
490 1142 579 1187 sibi
610 1153 963 1205 persuaserunt.
991 1146 1046 1187 In
1077 1142 1148 1187 his
1173 1158 1288 1186 vero
1315 1141 1626 1187 emendandis

200 1225 349 1268 veteri
387 1225 522 1269 Plinii
559 1225 821 1287 exemplari
853 1235 985 1279 utar,
1027 1224 1156 1287 quod
1196 1224 1245 1268 in
1282 1223 1622 1269 bibliothecam

203 1305 370 1350 illustr.
400 1307 631 1368 gymnasii
660 1307 951 1351 Isenacensis
977 1322 1003 1350 a
1023 1322 1099 1350 me
1130 1305 1310 1349 illatum
1346 1315 1438 1361 est⁷
1463 1309 1624 1350 Romae

202 1406 241 1432 a.
266 1405 448 1444 MCDxC,
474 1390 596 1451 typis
617 1389 907 1451 exscriptum
928 1424 938 1441 ,
957 1387 1091 1447 cujus
1118 1396 1164 1431 et
1188 1386 1427 1432 Fabricius
1450 1386 1622 1432 biblio-

202 1469 323 1514 thec.
355 1473 456 1514 Lat.
490 1470 570 1515 lib.
606 1475 668 1523 Il,
705 1487 804 1534 cap.
842 1488 924 1525 22,
958 1488 1002 1514 n.
1037 1470 1087 1524 3,
1117 1470 1359 1523 meminit,
1394 1469 1623 1532 quodque

202 1567 225 1595 a
251 1552 471 1596 Barthio¹
492 1553 725 1597 adversar.
765 1551 845 1597 lib.
886 1555 1020 1605 xix,
1057 1568 1158 1614 cap.
1194 1550 1275 1607 25,
1303 1568 1492 1596 cascam
1527 1550 1621 1595 edi-

201 1637 374 1677 tionem
416 1635 642 1697 appellari
686 1645 819 1698 puto.
861 1634 992 1679 Idem
1039 1637 1319 1679 Brummero
1357 1634 1414 1678 ad
1454 1648 1622 1678 manus

200 1714 342 1761 fuisse
370 1717 508 1761 video
535 1717 593 1761 ad
624 1721 672 1762 L.
704 1718 914 1763 Cinciam
946 1734 1047 1780 cap.
1073 1720 1161 1773 Vl,
1188 1734 1235 1760 n.
1265 1717 1311 1769 6,
1339 1715 1424 1760 ubi
1451 1715 1509 1760 ad
1534 1714 1620 1760 Pli-

201 1799 332 1842 nium
370 1797 450 1842 lib.
473 1802 530 1853 V,
570 1801 706 1861 epist.
745 1816 818 1850 21,
858 1799 907 1853 3,
942 1800 1154 1861 ignotam
1193 1807 1331 1843 antea
1366 1798 1621 1842 lectionem

201 1879 396 1943 profert.
414 1880 468 1925 Id
487 1898 544 1925 ex
556 1882 753 1926 vetustis
777 1881 1066 1926 membranis
1088 1896 1367 1943 expressum
1388 1895 1488 1924 esse
1509 1876 1620 1922 inde

201 1963 431 2023 conjicio,
460 1962 593 2024 quod
630 1964 677 2007 in
706 1962 970 2025 plerisque,
1005 1980 1030 2008 e
1060 1962 1277 2008 Mediceo
1317 1961 1480 2006 codice
1517 1974 1621 2021 quae

202 2045 381 2106 primus
406 2044 609 2106 vulgavit
637 2046 852 2099 Coruus,
877 2055 922 2091 et
946 2062 1154 2108 quorum
1182 2046 1232 2089 in
1252 2044 1353 2089 aliis
1375 2043 1449 2086 vix
1467 2040 1617 2085 ullum

201 2136 270 2170 est
289 2126 561 2189 vestigium⁷
581 2125 780 2171 mirifice
803 2128 1066 2189 conspirat3
1090 2128 1137 2171 in
1163 2125 1410 2171 nonnullis
1432 2139 1531 2167 non
1558 2120 1617 2165 ab

202 2223 256 2251 eo
278 2217 486 2263 tantum⁷
513 2207 594 2253 sed
614 2225 639 2253 a
662 2209 840 2252 caeteris
861 2210 1001 2253 etiam
1025 2209 1210 2271 seriptis
1233 2206 1466 2267 editisque
1488 2202 1617 2248 libris

200 2308 298 2334 non
329 2291 429 2335 sine
456 2292 641 2336 ratione
672 2290 933 2354 discrepat;
967 2293 1015 2336 in
1042 2290 1281 2337 scribendi
1313 2304 1425 2333 vero
1464 2296 1510 2331 et
1542 2286 1615 2329 in-

200 2372 522 2435 terpungendi
552 2389 685 2418 more
718 2374 916 2435 priscam
950 2373 1297 2436 simplicitatem
1329 2369 1496 2421 refert,
1527 2382 1615 2411 nec

200 2454 347 2497 inulta
366 2455 646 2499 recentioris
667 2464 746 2499 aut
770 2456 940 2499 critica?
963 2471 1131 2500 manus
1146 2454 1339 2517 vestigia
1359 2448 1614 2496 ostendit.»

273 2633 275 2643 ¹
307 2623 360 2659 :id
384 2625 476 2660 Plin.
496 2625 603 2673 epist.
632 2638 668 2669 ι,
690 2626 733 2667 6,
764 2639 789 2659 ιΔ
