1742 2989
586 227 932 270 EPISTOLA
968 228 1049 269 Vl.

126 323 263 367 quens
291 307 351 350 ibi
382 315 424 349 et
454 306 572 349 varia
602 307 773 349 venatio
801 323 809 350 :

1424 226 1511 271 283

840 307 937 350 inde
965 307 1120 351 caeduae
1149 306 1263 350 silvae
1291 324 1389 368 cum
1421 309 1512 369 ipso

126 390 275 424 monte
302 378 566 424 descendunt
595 395 604 423 :
638 379 714 423 has
745 380 856 423 inter
888 381 1069 442 pingues
1104 381 1351 441 terrenique
1386 381 1514 426 eolles

127 456 296 515 (neque
329 454 443 496 enim
469 452 593 497 facile
625 470 818 513 unquam
848 470 1018 510 saxum,
1045 455 1175 498 etiam
1205 456 1237 498 si
1270 465 1513 515 quaeratur,

126 528 347 588 occurrit)
376 526 632 587 planissimis
658 528 820 587 campis
848 527 1062 571 fertilitate
1090 544 1179 570 non
1210 527 1391 582 cedunt⁷
1417 529 1515 589 opi-

125 617 329 661 mamque
359 616 539 643 messem
567 601 701 643 serius
735 609 925 653 tantum,
957 600 1027 644 sed
1063 617 1150 643 non
1185 601 1328 644 minus
1361 617 1514 661 perco-

125 684 279 735 quunt.
301 672 391 717 Sub
410 673 475 715 his
502 689 579 732 per
599 672 709 716 latus
733 690 862 716 omne
881 675 1011 717 vineae
1032 674 1339 734 porriguntur,
1360 690 1514 716 unam-

125 762 210 807 que
231 746 382 790 faciem
402 745 531 806 longe
550 744 722 806 lateque
737 756 987 797 contexunt3
1002 763 1187 807 quarum
1201 764 1225 790 a
1242 747 1327 789 fine
1343 748 1515 807 imoque

125 821 248 881 quasi
272 821 468 881 margine
495 820 670 864 arbusta
697 830 944 864 nascuntur.
968 823 1096 864 Prata
1125 820 1247 873 inde,
1269 821 1512 880 campique.

125 895 308 955 Campi,
326 911 435 955 quos
460 911 548 938 non
570 895 650 937 nisi
678 895 872 955 ingentes
900 894 1025 937 boves
1051 904 1093 937 et
1117 893 1347 937 fortissima
1373 903 1517 936 aratra

123 967 414 1028 perfringunt.
432 969 581 1011 Tantis
597 967 732 1028 glebis
755 968 1072 1011 tenacissimum
1097 968 1252 1018 solum,
1268 985 1401 1027 quum
1426 969 1516 1027 pri-

124 1057 245 1083 mum
272 1050 540 1100 prosecatur.
559 1040 751 1101 adsurgit
767 1076 778 1093 ,
802 1051 849 1084 ut
874 1057 987 1084 nono
1015 1040 1190 1084 demum
1215 1041 1333 1084 sulco
1357 1041 1515 1100 perdo-

124 1123 283 1156 metur.
297 1115 424 1156 Prata
441 1113 593 1156 florida
612 1123 653 1156 et
668 1130 882 1174 gemmea,
897 1113 1119 1166 trifolium,
1135 1113 1325 1173 aliasque
1341 1114 1516 1165 herbas,

126 1195 297 1230 teneras
331 1203 501 1246 semper
535 1196 576 1230 et
604 1186 778 1243 molles,
805 1197 848 1229 et.
875 1189 993 1247 quasi
1024 1203 1155 1230 novas
1186 1186 1319 1230 alunt.
1347 1190 1515 1230 Cuncta

125 1258 239 1301 enim
269 1259 533 1318 perennibus
560 1260 660 1303 rivis
687 1260 942 1303 nutriuntur
971 1277 976 1303 :
1013 1260 1084 1303 sed
1119 1261 1190 1303 ubi
1226 1277 1347 1320 aquae
1379 1260 1516 1320 pluri-

124 1348 271 1385 mum,
299 1331 420 1391 palus
447 1332 591 1388 nulla3
616 1334 717 1393 quia
747 1333 906 1376 devexa
937 1343 1068 1384 terra.
1096 1333 1309 1394 quidquid
1336 1334 1517 1394 liquoris

124 1405 312 1465 accepit,
337 1422 416 1449 nec
447 1406 692 1461 absorbuit⁷
721 1406 906 1450 effundit
941 1407 981 1449 in
1012 1407 1215 1450 Tiberim.
1244 1407 1413 1450 Medios
1448 1407 1516 1449 ille
1569 1432 1582 1449 2

124 1494 250 1537 agros
271 1488 408 1531 secat,
434 1479 610 1522 navium
634 1481 800 1539 patiens
817 1516 827 1532 ,
852 1496 1086 1540 omnesque
1108 1481 1254 1539 fruges
1273 1479 1445 1522 devebit
1473 1481 1517 1522 in

124 1550 302 1606 urbem,
332 1551 474 1595 hieme
500 1551 710 1596 duntaxat
741 1563 782 1596 et
810 1570 931 1607 vere‚·
955 1563 1097 1597 aestate
1127 1553 1417 1607 submittitur,
1440 1554 1516 1596 im-

123 1625 347 1685 mensique
374 1625 565 1669 fluminis
591 1643 749 1670 nornen
774 1628 911 1670 arenti
936 1626 1054 1670 alveo
1080 1626 1259 1679 deserit,
1280 1636 1516 1669 auctumno

124 1698 319 1741 resumit.
342 1700 549 1758 Magnam
573 1702 716 1760 capies
738 1700 1003 1761 voluptatem
1020 1736 1029 1753 ,
1049 1702 1082 1743 si
1111 1701 1228 1744 bunc
1254 1701 1442 1761 regionis
1469 1702 1518 1743 si-

172 1832 203 1860 8.
222 1830 355 1859 Venatio
371 1828 449 1873 ipsae
463 1829 554 1862 ferae.
571 1830 635 1862 En.
651 1850 695 1854 —
710 1833 790 1861 Inde

122 1883 239 1912 coednce
258 1882 358 1919 silvae,
382 1889 444 1914 etc.
463 1883 559 1914 Rom.
578 1885 656 1914 [nde
672 1885 790 1914 crebroe

122 1935 206 1965 silwe
224 1946 295 1965 cum
314 1944 418 1965 mome
435 1936 501 1976 ipso
522 1937 722 1966 descendunt.
743 1935 787 1967 H.

122 2006 166 2010 -—
185 1986 331 2024 Sensus,
354 1986 414 2030 qui
437 1986 615 2019 Bartliium
645 1987 760 2019 fefellit
779 1999 786 2019 z

121 2050 213 2082 «qua
230 2050 328 2070 mons
343 2037 517 2071 descendit
530 2064 538 2078 ‚
557 2038 680 2072 caezluae
698 2040 789 2073 silvae

121 2097 212 2123 sunt.
225 2107 238 2119 a
252 2091 301 2123 De
315 2090 406 2124 silvis
421 2090 546 2125 caeduis
562 2092 630 2124 uid.
652 2092 790 2126 Schnei-

121 2141 195 2175 der.
219 2142 262 2175 ad
279 2143 400 2176 Caton.
419 2157 454 2189 p.
478 2156 528 2187 17.
544 2144 577 2177 S.
612 2180 620 2181 ἶ

172 2207 224 2227 10.
240 2198 347 2227 Tantis
356 2198 472 2239 gif-bis,
487 2205 549 2229 etc.
567 2198 661 2230 Rom.
682 2201 788 2231 Tantis

118 2250 216 2291 glebis
230 2250 461 2280 tenacissimum
473 2252 572 2281 solnm
583 2276 591 2287 ‚
605 2264 700 2293 quum
710 2266 786 2294 pro-

121 2310 264 2337 secatur,
289 2303 434 2343 assurgit.
454 2302 553 2334 Deest
571 2305 724 2345 primum.
742 2304 784 2337 H.

121 2372 166 2376 —
185 2355 279 2384 Nono
306 2355 432 2384 denium
454 2357 552 2386 sulco.
580 2355 786 2389 Incredibile

120 2403 277 2437 videatur
299 2418 388 2437 nona
415 2404 554 2438 deinum
575 2408 727 2441 aratione
749 2409 784 2441 in

120 2457 297 2502 pulverem
311 2457 416 2503 redigi
434 2466 575 2497 terram,
586 2467 617 2491 et
627 2472 698 2492 esse
707 2486 715 2499 ‚
727 2461 785 2505 qui

120 2517 252 2543 tantum
272 2510 396 2543 laboris
416 2510 616 2556 impendant
636 2525 720 2557 agro
741 2513 786 2546 ita

121 2562 339 2597 difficilised
351 2562 469 2596 eadem
482 2563 585 2595 tradit
595 2565 786 2598 avunculus

120 2616 235 2648 Nostri
257 2617 396 2656 XVIII,
423 2629 486 2657 20,
512 2628 561 2661 sq.
594 2621 634 2660 49
651 2642 659 2657 ,
684 2631 719 2650 n.
751 2619 784 2652 3.

122 2667 315 2714 Utrumque
340 2670 441 2715 igitur
465 2670 612 2702 Plinium
637 2670 786 2704 advoca-

127 2719 235 2754 vimus
252 2735 361 2767 nuper
385 2723 428 2756 ad
447 2723 584 2756 Colum.
606 2723 639 2755 II
653 2747 660 2761 ‚
685 2729 702 2764 ί,
715 2751 723 2763 ‚
745 2738 759 2756 v.
776 2752 783 2763 ,

855 1830 911 1863 ubi
931 1835 1102 1874 complures
1121 1840 1152 1864 et
1168 1832 1240 1877 ipse
1262 1834 1444 1865 iterationes
1459 1846 1519 1878 po-

854 1884 967 1916 stillat.
987 1884 1030 1916 G.
1046 1905 1090 1908 —
1109 1886 1206 1916 Rom.
1234 1889 1275 1917 Ut
1292 1888 1415 1917 demum
1432 1900 1517 1919 nono

853 1940 938 1968 sulcu
952 1939 1165 1979 perdometur.
1183 1937 1226 1969 H.

905 2002 916 2021 1
928 2001 939 2021 Ῐ
949 2015 955 2021 .
974 1994 1104 2021 Tellel'as
1115 2003 1236 2032 Selnln’l'
1245 2000 1276 2021 Gt
1288 1993 1406 2022 HIOHOS.
1418 1992 1516 2023 Ronl.

858 2046 885 2073 T
883 2055 990 2073 eneras
1008 2056 1188 2085 semperque
1208 2045 1324 2074 molles.
1346 2042 1389 2075 H.

904 2107 955 2127 12.
980 2097 1102 2127 Medios
1121 2097 1174 2127 ille
1187 2109 1280 2139 “37'05
1297 2106 1393 2127 secat.
1414 2096 1468 2129 Sic
1486 2105 1519 2129 et

853 2148 948 2179 Rom.
973 2148 1129 2181 Extrema
1155 2148 1219 2181 hac
1243 2148 1405 2194 periodo,
1432 2162 1519 2180 reas-

852 2202 965 2237 sumit,
987 2200 1144 2234 barbire.
1168 2201 1212 2234 H.
1229 2221 1275 2226 -—
1294 2202 1490 2246 Ducangius
1508 2213 1516 2234 :

852 2256 1076 2285 ulteassmnere
1101 2266 1162 2286 vox
1184 2261 1263 2287 nota
1282 2254 1391 2286 Plinio
1416 2262 1519 2298 atque

851 2304 1037 2338 etiamnum
1050 2306 1142 2339 Italis
1156 2307 1189 2339 in
1202 2320 1278 2339 usu.
1293 2324 1305 2335 »
1322 2308 1443 2339 Noram
1455 2306 1519 2338 Pli-

851 2357 907 2389 nio
938 2370 1005 2390 non
1036 2358 1201 2398 dixerim,
1228 2359 1415 2404 malimqne
1439 2371 1517 2391 cum

851 2410 1063 2456 Heusingero
1082 2423 1144 2457 pro
1159 2412 1307 2445 barbara
1323 2412 1462 2444 habere.
1482 2412 1516 2445 S.

849 2482 894 2487 —-
909 2466 1035 2495 flistate
1050 2466 1256 2496 submittitur.
1278 2464 1351 2496 Hos·
1371 2470 1419 2495 cst
1434 2488 1441 2502 ,
1462 2476 1518 2496 su-

850 2514 972 2555 bsidit,
1002 2517 1164 2550 humilior
1190 2517 1338 2549 inultum
1372 2516 1412 2547 sit
1438 2516 1518 2560 ripis

852 2567 918 2599 suis
938 2576 969 2601 et
989 2570 1199 2614 marginibus
1213 2595 1221 2609 ,
1242 2577 1278 2602 ut
1303 2581 1364 2601 nec
1391 2581 1515 2601 nomen

852 2621 965 2665 magni
978 2621 1204 2667 ssuininisjam
1217 2629 1353 2653 tueatur
1364 2646 1372 2659 ‚
1386 2620 1444 2653 sed
1458 2634 1517 2666 po-

850 2673 916 2706 tius
944 2673 1090 2707 deserat.
1117 2674 1160 2707 G,
1187 2695 1231 2698 *a
1268 2677 1378 2704 Votum
1404 2675 1517 2705 (leserit

851 2734 954 2770 atque
967 2730 1093 2759 resumit
1104 2734 1265 2772 tanquam
1279 2739 1435 2771 persona.
1453 2727 1514 2757 l‘Tu.

1545 844 1582 864 10

1546 1138 1579 1157 11

1548 1710 1584 1742 13
