1742 2989
184 193 268 221 110

586 182 634 223 C.
672 182 899 227 PLINII
935 183 1061 226 LIB.
1099 186 1165 227 II.

174 260 349 303 venitur
367 260 412 303 in
430 260 571 305 media
589 261 789 318 basilica,
817 263 891 306 ubi
912 273 999 308 tam
1023 263 1168 325 palam
1193 264 1418 326 sportulae,
1445 283 1575 327 quam

173 331 220 374 in
249 331 440 377 triclinio
465 332 651 378 dantur:
674 352 727 378 ex
749 335 916 397 judicio
942 337 987 380 in
1006 337 1222 397 judicium
1252 340 1346 399 pari
1377 340 1575 383 mercede

131 413 150 447 5
176 408 396 451 transitur.
415 407 521 452 Inde
536 409 627 469 jam
654 426 743 453 non
772 411 990 455 inurbane
1015 415 1226 472 Σοφοκλεῖς
1246 422 1460 456 vocantur
1476 430 1485 456 :
1502 414 1575 457 iis-

173 478 272 523 dem
297 479 482 524 latinum
512 498 672 526 nomen
699 483 951 544 impositum
975 494 1062 540 est,
1082 483 1329 529 laudicoeni.
1355 488 1411 530 Et
1428 495 1575 529 tamen

174 631 207 657 et
230 632 305 658 tum
333 625 480 659 suadere
495 652 503 667 ,
531 635 567 660 ut
592 627 661 661 huc
686 628 740 661 vel
761 628 843 662 illuc

173 683 348 711 transeant
365 678 520 712 homines
537 679 581 712 ad
599 693 699 714 suum
714 680 841 715 locato-

173 741 247 762 rem
261 731 389 765 scilicet
399 756 408 772 ,
423 739 496 765 tum
510 731 619 766 laudis
632 733 843 780 plaususque

175 783 325 827 pretium
343 784 408 817 illis
425 793 680 830 repraesentare.
701 787 795 828 Quin
815 788 842 820 si

173 835 324 880 pluritlm
353 837 440 870 forte
471 837 562 871 idem
587 850 750 884 manceps
777 841 842 881 sit,

175 895 289 932 potest
303 901 360 922 eos
376 914 385 929 ,
404 890 463 935 qui
480 889 515 923 in
533 904 602 924 uno
613 891 746 937 judicio
762 906 842 939 ope-

172 951 248 972 ram
274 941 337 986 ipsi
359 940 484 976 dedere
501 968 510 983 ‚
530 943 712 978 traducere
731 945 776 978 ad
795 946 842 979 al-

173 999 299 1026 terum.
313 998 481 1028 Caeterum
500 995 543 1029 de
557 996 622 1031 illis
637 997 841 1032 laudationi-

174 1045 240 1078 bus
256 1071 264 1086 ,
282 1047 408 1092 quibus
432 1049 522 1082 actio
541 1062 627 1095 saepe
647 1051 718 1096 ipsa
740 1051 842 1085 inter-

172 1098 380 1143 pellaretur,
401 1101 500 1146 plura
524 1102 671 1143 Quintil.
698 1105 746 1136 XI
763 1130 771 1145 ,
798 1106 816 1139 3
831 1130 840 1145 ‚

175 1162 254 1191 121,
270 1155 347 1193 126,
363 1154 438 1186 131.
454 1154 498 1187 G.
514 1156 666 1189 ᾖΙίοιη.
679 1160 844 1201 Redempti

172 1207 343 1248 mancipes.
373 1209 572 1240 Convenitur.
595 1209 735 1243 Praestat
759 1224 841 1244 vero

172 1255 229 1289 hic
251 1258 419 1303 scriptura
439 1259 534 1294 Med.
563 1274 710 1305 manceps
731 1277 841 1295 conve-

172 1311 268 1341 nitur.
290 1309 333 1343 H.
355 1332 400 1337 —-
428 1315 488 1344 Ubi
505 1323 571 1344 tam
584 1317 712 1356 palam.
733 1315 843 1349 Gieri-

171 1361 248 1406 gius
259 1362 344 1395 illud
357 1366 409 1396 ubi
421 1366 576 1406 extrusit,
589 1367 684 1412 quod
699 1381 736 1401 ex
750 1369 842 1414 inge-

172 1414 231 1447 nio
259 1415 338 1448 Aldi
361 1418 557 1462 profectum
581 1427 704 1464 putat,
728 1429 761 1454 et
783 1422 841 1456 hic

170 1466 286 1500 locum
311 1468 440 1502 habere
466 1479 594 1516 negat;
621 1472 680 1505 sed
704 1486 840 1507 caussas

169 1521 389 1562 mutationis,
413 1535 499 1567 quas
527 1524 585 1556 ille
614 1524 747 1566 adfert,
777 1540 839 1573 ego

169 1573 309 1617 quidem
326 1574 513 1620 intelligere
538 1589 608 1609 non
626 1579 738 1623 potui.
759 1580 841 1613 Sen-

169 1637 225 1658 sus
242 1625 334 1659 idem
353 1635 422 1667 est,
441 1628 510 1661 sive
528 1629 614 1663 illud
632 1634 687 1663 ubi
701 1632 814 1677 ejicias
829 1658 837 1673 ,

169 1677 241 1712 sive
254 1692 380 1713 serves.
398 1681 506 1714 Acute
522 1690 554 1715 et
570 1685 691 1717 acerbe
706 1686 838 1718 Plinius

167 1731 346 1765 basilicam
362 1734 511 1767 triclinio
527 1745 707 1783 comparat
720 1763 729 1777 ,
748 1738 839 1771 ideo-

168 1796 236 1829 que
254 1786 435 1830 pecuniam
450 1812 458 1827 ,
480 1800 555 1832 quse
579 1802 599 1821 a
623 1790 838 1836 mancipibus

167 1835 315 1871 dabatur
343 1838 557 1881 laudaturis,
586 1843 755 1887 sportulas
780 1857 839 1891 ap-

166 1891 271 1934 pellat
282 1916 290 1931 ,
302 1904 378 1936 quae
391 1893 529 1938 proprie
544 1893 588 1926 ad
604 1895 752 1929 triclinia
765 1909 839 1942 per-

166 1942 335 1976 tinebant.
350 1944 422 1977 Illae
438 1946 474 1979 in
489 1947 646 1980 tricliniis
664 1947 838 1983 dabantur

161 1999 288 2038 palam,
300 2005 429 2042 aperte,
443 1999 526 2043 quia
541 2012 614 2034 mos
628 2000 676 2034 ita
692 2002 836 2045 ferebat,

168 2056 201 2080 et
212 2057 347 2093 poterat
359 2050 500 2084 honeste
516 2051 589 2085 fieri
613 2065 621 2086 ε
639 2054 675 2086 in
694 2055 838 2090 basilica

166 2113 237 2133 non
253 2102 347 2135 item.
365 2103 407 2136 E.
424 2125 470 2129 ——
486 2105 608 2139 Laudo
622 2106 814 2153 Gierigium
827 2135 836 2150 ‚

167 2154 263 2199 quod
295 2156 499 2200 particulam
530 2159 625 2192 illam
654 2161 811 2194 confodit
827 2188 835 2203 ,

165 2220 275 2252 quum
295 2220 314 2241 a
339 2208 434 2241 libris
454 2211 590 2255 optimis
611 2213 836 2260 plurimisque

166 2261 316 2301 exsulet3
336 2273 441 2306 quam
465 2264 557 2296 enim
584 2266 655 2311 ipse
677 2280 835 2301 caussam

167 2313 440 2347 comminiscitur
456 2340 464 2355 ,
485 2329 547 2349 cur
567 2330 642 2351 eam
664 2332 837 2365 expunxe-

166 2366 231 2407 rit,
259 2366 364 2399 futilis
390 2374 422 2399 et
455 2368 577 2403 frivola
605 2380 666 2405 est.
690 2374 835 2407 Sensum

167 2418 234 2452 loci
256 2419 434 2453 Ernestius
457 2423 640 2458 commode
659 2426 832 2471 explicuit.

167 2472 336 2508 Caeterum
352 2489 430 2510 cum
446 2477 563 2510 Cortio
585 2477 631 2510 sic
658 2479 834 2525 interpun-

167 2525 320 2568 gendum
344 2541 351 2561 :
386 2543 574 2576 «manceps
601 2532 831 2565 convenitur:

167 2576 201 2608 in
221 2580 333 2614 media
353 2583 494 2617 basilica
513 2591 583 2615 tam
600 2584 718 2629 palam
739 2598 833 2630 spor-

164 2630 265 2672 tulae,
289 2645 394 2678 quam
422 2636 458 2669 in
485 2636 633 2669 triclinio
662 2635 800 2670 dantur.
817 2656 831 2666 u

170 2686 266 2723 Tam,
285 2700 381 2729 quam
396 2696 475 2722 sunt
485 2689 658 2735 particulae
670 2714 679 2729 ,
692 2702 761 2723 non
778 2702 831 2722 co-

907 628 1051 675 pulandi
1066 655 1074 671 ‚
1098 637 1137 663 ut
1163 630 1314 676 Gierigio
1341 630 1498 671 videtur,
1517 631 1577 664 sed

908 682 1146 727 comparandi.
1161 683 1243 716 Vid.
1265 684 1386 717 Horat.
1400 684 1574 717 Turselin.

909 734 952 768 de
963 735 1088 769 Partic.
1103 749 1178 782 cap.
1192 737 1352 770 CCLVII
1364 762 1373 777 ‚
1390 737 1422 771 5.
1435 737 1575 770 Noiten.

907 788 1025 822 Lexic.
1040 790 1222 822 Antibarb.
1239 789 1306 822 col.
1329 793 1429 834 1776.
1452 789 1487 823 S.

955 842 988 875 5.
1004 845 1181 889 Σοφοκλεῖς.
1196 843 1246 874 Ex
1261 842 1328 875 boc
1342 841 1484 887 quidem
1499 842 1575 875 loco

905 906 975 927 non
996 896 1076 929 satis
1093 903 1186 941 patet
1199 921 1208 935 ,
1227 895 1369 940 quinam
1385 899 1550 941 Σοφοκλεῖς
1564 922 1572 935 ,

906 948 965 994 qui
980 951 1153 980 laudicoeni
1164 948 1246 981 dicti
1260 949 1326 981 sint
1338 974 1346 988 ‚
1362 956 1576 989 oratoresne,

905 1001 966 1046 qui
978 1001 1022 1035 ad
1038 1008 1139 1048 σοφῶς
1154 1001 1242 1034 illud
1255 1001 1317 1034 sihi
1331 1004 1577 1033 acclamandum

906 1055 1046 1086 homines
1064 1067 1125 1100 per
1145 1054 1323 1100 mancipes
1343 1066 1421 1086 suos
1444 1053 1578 1086 condu-

906 1114 1045 1146 cerem,
1070 1114 1102 1139 et
1130 1109 1240 1139 laudes
1262 1119 1340 1140 suas
1365 1106 1467 1140 coenis
1489 1106 1578 1140 redi-

906 1167 1061 1199 merent3
1088 1172 1132 1193 an
1156 1160 1333 1205 plausores
1347 1185 1356 1200 ,
1386 1159 1445 1204 qui
1472 1165 1574 1205 σοφῶς

906 1212 1118 1253 clamarent,
1143 1216 1352 1256 laudibusque
1375 1212 1505 1245 ferrent
1523 1211 1575 1244 di-

906 1273 1021 1298 centes
1038 1291 1047 1306 ,
1078 1273 1116 1298 ut
1144 1276 1341 1298 vocarentur
1368 1264 1410 1298 ad
1439 1278 1574 1297 coenam.

904 1318 1111 1352 Posteriores
1119 1318 1278 1365 equidem
1289 1318 1480 1363 intelligere
1492 1316 1576 1350 mal-

905 1371 985 1404 lem.
1006 1372 1178 1405 Nimirum
1196 1371 1364 1418 posterior
1383 1383 1462 1416 pars
1481 1375 1576 1416 Σοφο-

905 1428 1010 1464 κλέους
1036 1427 1098 1460 ἀπὸ
1119 1430 1173 1459 τοῦ
1197 1429 1301 1459 καλεῖν
1322 1424 1379 1456 hic
1398 1423 1575 1456 derivatur

905 1478 944 1519 (a
959 1489 1029 1522 quo
1046 1477 1147 1510 etiam
1164 1477 1277 1522 ipsum
1293 1478 1380 1516 κλέος
1398 1478 1486 1520 est),
1505 1479 1574 1508 Iau-

904 1531 1021 1561 dicoeni
1037 1537 1152 1562 autem
1172 1529 1337 1562 dicuntur
1364 1542 1404 1561 ex
1431 1529 1575 1561 allitera-

903 1581 996 1614 tione
1014 1582 1058 1615 ad
1080 1585 1273 1614 Laodiceam
1286 1608 1294 1620 ,
1317 1595 1391 1627 quae
1409 1584 1574 1613 Laudicea

904 1633 1096 1675 dicebatur,
1111 1648 1181 1668 non
1195 1635 1309 1668 minus
1327 1638 1497 1666 Lautumia
1510 1647 1573 1679 pro

904 1691 1095 1727 Laocomia,
1117 1696 1182 1721 etc.
1202 1688 1374 1720 Caeterum
1392 1688 1497 1721 verba
1521 1699 1573 1720 ac-

903 1740 1151 1774 clamationum
1167 1740 1304 1785 collegit
1319 1740 1421 1772 Voss.
1439 1739 1480 1772 de
1495 1740 1572 1772 imi-

903 1800 963 1826 tat.
980 1806 1014 1839 p.
1031 1801 1046 1831 l.
1058 1806 1070 1826 1
1086 1819 1095 1834 ‚
1107 1793 1165 1826 ubi
1177 1805 1301 1838 nempe
1315 1792 1358 1825 de
1371 1792 1573 1826 recitatione

903 1857 935 1886 c,
964 1859 982 1890 7
997 1871 1004 1886 ‚
1034 1859 1085 1892 sq.
1114 1846 1158 1879 G.
1195 1867 1241 1871 -—
1268 1847 1367 1892 Ipsos
1395 1845 1572 1879 auditores

902 1903 1070 1945 Σοφοκλεῖς
1097 1899 1206 1932 dictos
1225 1912 1297 1932 esse
1313 1925 1322 1939 ,
1343 1900 1415 1945 jam
1437 1899 1572 1932 Cresol-

902 1951 968 1983 lius
984 1953 1118 1985 monuit
1133 1952 1274 1985 Theatr.
1293 1952 1390 1984 Rhet.
1406 1951 1480 1984 Lib.
1498 1952 1570 1991 III,

906 2004 923 2035 5
939 2028 948 2044 ,
970 2004 1028 2037 ubi
1047 2012 1080 2037 et
1099 2004 1390 2038 acclamationum
1406 2003 1571 2036 formulas

903 2065 1062 2091 accurate
1076 2057 1255 2103 congessit.
1267 2057 1306 2089 E.
1321 2077 1366 2081 —
1377 2056 1478 2089 Rom.
1490 2058 1572 2087 Inde

895 2112 969 2153 jam
985 2124 1049 2142 non
1069 2113 1225 2142 inurbane
1243 2112 1402 2156 σοφοκ),εἵς
1429 2111 1492 2143 ἀπὸ
1516 2114 1570 2143 τοῦ

903 2166 997 2208 σοφὸς
1025 2167 1204 2197 καλεῖσθαι.
1230 2163 1385 2195 Verbum
1411 2171 1572 2193 vocantur

902 2213 1008 2248 deest.
1023 2216 1113 2248 Tum
1132 2227 1140 2248 :
1157 2217 1275 2247 Iisdem
1301 2216 1434 2246 latinum
1457 2227 1570 2245 nomen

901 2269 1080 2311 impositum
1109 2278 1154 2300 est
1181 2270 1386 2300 Laodicenes.
1411 2267 1485 2300 Hoc
1506 2279 1570 2312 pro

903 2324 1083 2354 laudicen&
1102 2321 1266 2366 scriptum
1284 2328 1316 2354 et
1334 2321 1481 2366 probum
1499 2332 1570 2352 esse

901 2375 1037 2420 opinor.
1061 2375 1140 2408 Non
1159 2374 1204 2406 ad
1223 2375 1423 2405 Laodicenos
1447 2371 1570 2404 alludi-

900 2435 956 2459 tur
970 2453 979 2468 ,
994 2427 1089 2473 quod
1103 2428 1230 2460 frustra
1246 2427 1388 2471 fingitur
1404 2425 1447 2458 ab
1463 2425 1569 2456 inter-

897 2481 1052 2525 pretibus
1078 2492 1085 2513 ε
1112 2478 1172 2513 sed
1203 2479 1246 2512 ad
1274 2479 1417 2511 aliarum
1443 2489 1567 2509 vocum

899 2534 1094 2579 exemplum
1110 2532 1176 2565 hoc
1192 2530 1430 2575 componitur,
1449 2529 1568 2573 quales

898 2594 978 2618 sunt
991 2587 1147 2622 tibicines,
1153 2585 1305 2629 fidicines
1316 2608 1325 2620 ‚
1345 2590 1382 2614 ut
1397 2594 1569 2614 mercena-

897 2639 938 2671 rii
964 2637 1159 2671 laudatores
1179 2644 1211 2669 et
1227 2635 1325 2681 quasi
1348 2636 1493 2667 laudium
1514 2636 1565 2665 dc-

897 2701 1078 2723 cantaeores
1093 2696 1268 2723 notentur.
1288 2687 1331 2719 H.
