1742 2989
577 192 916 235 EPISTOLA
957 195 1061 236 XX.

1435 194 1513 239 7561

118 272 321 317 Profecto
356 271 598 326 avunculo,
626 273 717 333 ipsc
754 273 970 333 reliquum
1008 283 1182 333 tempus
1215 274 1369 317 studiis
1399 276 1524 336 (ideo
1551 300 1567 319 2

116 346 234 388 enim
262 345 575 404 remanseram)
599 345 793 405 impendi
818 363 826 389 :
850 363 950 389 mox
974 345 1219 401 balineum,
1246 364 1397 403 coena,
1413 365 1522 392 som-

117 435 200 461 nus
229 419 450 478 inquietus
475 428 519 461 et
542 418 696 462 brevis.
725 421 1008 463 Praecesserat
1034 435 1111 479 per
1136 419 1298 464 multos
1324 421 1413 465 dies
1440 432 1523 465 tre.-
1550 429 1568 460 3

115 507 214 534 mor
239 501 366 534 terrae
395 491 540 535 minus
567 491 898 547 formidolosus,
928 493 1030 552 quia
1056 495 1308 553 Campaniae
1335 495 1487 539 solitus
1516 514 1523 539 :

115 562 189 606 illa
221 580 324 606 vero
350 573 486 606 ¹noete
520 564 578 607 ita
614 564 819 621 invaluit,
845 575 893 608 ut
928 582 1017 608 non
1048 568 1212 609 moveri
1247 569 1419 622 omnia,
1451 569 1524 612 sed

116 637 253 680 everti
274 635 568 680 crederentur.
583 639 796 698 Irrumpit
815 633 1063 682 cubiculum
1084 656 1229 682 meum
1249 650 1413 684 mater:
1435 659 1526 684 sur·
1553 657 1565 684 4

117 708 273 769 gebam
290 743 300 763 ,
327 709 514 752 invicem
542 711 574 753 si
603 711 867 771 quiesceret,
894 713 1177 756 excitaturus,
1208 713 1453 757 Residimus
1482 717 1523 757 111

115 797 215 825 area
241 781 418 835 domus,
445 799 540 843 quae
566 799 686 826 mare
712 800 736 826 a
766 786 889 828 tectis
915 784 1087 828 modico
1115 787 1256 845 spatio
1287 786 1522 832 dividebat.

113 854 285 898 Dubito
317 856 610 899 constantiam
645 873 802 900 vocare
837 874 891 900 an
924 858 1267 918 imprudentiam
1303 860 1485 904 debeam
1516 880 1523 905 :

114 929 298 989 agebam
321 930 438 972 enim
464 929 864 974 duodevicesimum
889 913 1235 977 annumfPosco
1260 933 1420 977 librum
1439 936 1523 978 Titi

114 1001 248 1055 Livii,
269 1011 312 1044 et
333 1003 454 1062 quasi
478 1019 555 1063 per
581 1005 720 1046 otium
747 1003 864 1064 lego,
887 1014 1018 1065 atque
1042 1006 1194 1061 etiam,
1217 1017 1265 1050 ut
1285 1024 1501 1067 coeperam
1516 1045 1526 1059 ,

115 1090 318 1134 excerpo.
352 1076 487 1129 Ecce,
516 1076 680 1119 amicus
711 1077 945 1132 avunculi,
976 1079 1050 1137 qui
1081 1095 1222 1138 nuper
1257 1079 1310 1122 ad
1341 1097 1438 1123 eum
1476 1098 1523 1123 cx

115 1148 329 1208 Hispania
358 1160 563 1203 venerat,
592 1160 641 1193 ut
670 1167 738 1193 me
776 1161 817 1193 et
855 1161 1038 1194 matrem
1075 1151 1295 1206 sedentes,
1321 1170 1390 1196 me
1424 1170 1526 1197 vero

115 1220 248 1264 etiam
268 1219 484 1281 legentem
501 1222 638 1275 videt,
655 1222 768 1267 illius
788 1225 1044 1284 patientiam
1060 1261 1070 1281 ,
1092 1226 1368 1269 securitatem
1386 1243 1526 1270 meam

115 1293 298 1355 COijPit
321 1310 329 1336 :
353 1293 491 1337 nihilo
514 1295 689 1356 segnius
715 1312 795 1356 ego
821 1297 1014 1341 intentus
1038 1299 1082 1341 in
1108 1298 1391 1343 librum.Jam
1419 1300 1527 1343 hora
1553 1311 1573 1341 6

91 1365 199 1408 'diei
222 1366 388 1426 prima,
409 1377 451 1409 et
478 1367 622 1411 adhuc
646 1368 806 1412 dubius
826 1379 868 1412 et
888 1370 1011 1430 quasi
1036 1369 1268 1432 languidus
1292 1372 1382 1415 dies
1407 1390 1415 1415 :
1436 1373 1527 1432 jam

115 1441 328 1500 quassatis
348 1441 762 1501 circumjacentibus
782 1444 927 1496 tectis,
941 1460 1207 1504 quamquam
1226 1445 1270 1486 in
1294 1454 1446 1504 aperto
1468 1444 1528 1487 lo—

111 1528 191 1567 co,
216 1522 404 1572 angusto
431 1523 600 1568 tamen,
626 1532 810 1575 magnus
838 1525 880 1558 et
906 1526 1050 1560 certus
1078 1518 1214 1561 ruinae
1240 1527 1396 1561 metus.
1414 1520 1525 1561 Tum
1554 1541 1574 1573 7

114 1584 291 1628 demum
307 1586 514 1630 excedere
530 1588 695 1648 oppido
709 1589 861 1632 visum.
878 1590 1087 1650 Sequitur
1101 1589 1257 1651 vulgus
1276 1592 1527 1643 attonitum,

115 1659 321 1719 quodque
351 1660 394 1702 in
422 1675 583 1719 pavore
615 1661 754 1704 simile
781 1662 1050 1721 prudentiae,
1077 1663 1268 1707 alienum
1296 1663 1525 1707 consilium

114 1747 195 1774 suo
230 1731 425 1792 praefert,
453 1732 708 1793 ingentique
739 1735 914 1794 agmine
941 1736 1153 1779 abeuntes
1183 1738 1344 1796 premit
1373 1747 1414 1780 et
1444 1738 1525 1780 im-

162 1853 194 1885 3.
218 1854 280 1884 [Ila
296 1865 370 1884 vero
389 1863 490 1885 nocte.
507 1854 579 1887 Auc
587 1855 689 1888 tiores
708 1862 788 1887 sunt

114 1904 170 1937 hic
193 1904 274 1937 libri
295 1904 438 1950 quidam
451 1931 459 1944 ‚
480 1906 541 1939 sed
560 1906 666 1940 iidem
685 1908 786 1941 etiam

114 1957 242 1990 vitiosi.
259 1957 379 1991 Heins.
391 1958 435 1991 ad
443 1958 786 2002 Ovid.Metam.VII,

115 2013 180 2053 492
194 2034 202 2049 ‚
216 2010 263 2043 ita
276 2010 480 2043 concinnat:
495 2028 508 2040 a
519 2011 582 2044 Illa
594 2025 675 2045 vero
685 2022 787 2046 nocte

113 2061 161 2094 ita
175 2062 322 2096 invaluit
333 2089 341 2103 ,
356 2072 394 2097 ut
408 2077 479 2097 non
494 2065 607 2098 solum
622 2065 761 2099 castella
776 2092 784 2106 ‚

114 2126 237 2147 verum
247 2116 350 2149 etiam
364 2117 492 2162 oppida
504 2118 619 2151 omnia
634 2131 704 2151 non
716 2131 788 2151 mo-

113 2167 207 2208 veri,
222 2167 282 2201 sed
298 2171 403 2203 everti
421 2169 656 2204 crederentur.
672 2188 684 2200 »
702 2172 787 2205 Cor-

114 2218 181 2253 tius
207 2219 274 2253 hoc
300 2221 431 2254 modo:
456 2223 547 2257 «Illa
575 2237 658 2258 vero
686 2233 787 2259 nocte

113 2283 184 2304 non
211 2272 323 2306 solum
353 2274 491 2307 castella
506 2301 515 2315 ,
538 2288 657 2309 verum
682 2278 783 2310 etiam

113 2323 240 2368 oppida
268 2327 399 2359 moveri
421 2329 538 2361 omnia
557 2337 590 2361 et
608 2330 695 2362 verti
713 2344 786 2363 cre-

111 2375 299 2411 debantur.
312 2380 440 2413 Invasit
451 2380 486 2413 in
497 2382 631 2414 cubic.»
641 2383 684 2414 ita
694 2384 785 2416 euim

112 2429 237 2475 legitur
268 2432 302 2463 iu
331 2431 489 2465 Mediceo
509 2440 541 2465 et
565 2434 637 2467 aliis
659 2447 721 2479 pro
747 2438 787 2467 ir-

112 2485 240 2525 rumpit.
265 2483 308 2516 G.
322 2485 473 2517 —Rom.
493 2485 588 2518 «Illa
609 2499 689 2520 vero
717 2500 782 2520 uon

111 2536 247 2568 moveri
265 2537 381 2569 omnia
396 2562 404 2577 ‚
425 2537 485 2571 sed
502 2538 585 2571 verti
607 2538 785 2573 crederen-

111 2593 205 2627 tur‚³›
219 2589 291 2622 sine
304 2589 463 2623 Mediceo
476 2590 726 2624 additamento,
739 2593 781 2625 H.

161 2645 194 2681 4.
210 2645 365 2685 Irrumpit
380 2645 577 2681 cubiculum,
599 2651 663 2677 etc.
684 2646 780 2678 Rom.

121 2691 306 2739 «Irrumpit
316 2696 515 2729 cubiculum
532 2709 645 2731 meum
661 2706 780 2731 mater.

854 1857 1035 1900 surgebam
1052 1856 1200 1890 invicem
1215 1883 1223 1897 ‚
1245 1858 1271 1891 si
1291 1859 1501 1903 quiescerem
1518 1885 1525 1899 ‚

854 1909 1098 1943 excitaturus.»
1127 1911 1226 1943 Recte
1263 1914 1428 1954 irrumpit,
1456 1925 1526 1945 nou

837 1963 987 2000 -inoasir,
1016 1962 1111 2008 quod
1140 1976 1209 1996 uon
1237 1963 1491 1997 admittendum
1517 1978 1524 1997 .-

851 2026 1031 2058 perperam
1046 2018 1255 2058 quiescerem,
1267 2028 1330 2061 pro
1344 2019 1525 2059 quiesceret.

852 2067 962 2112 Lege:
977 2085 989 2096 u
1000 2069 1183 2113 surgebam
1195 2093 1203 2108 ‚
1215 2068 1360 2102 invicem
1374 2095 1381 2108 ‚
1395 2071 1421 2102 si
1432 2071 1526 2115 quie-

853 2128 961 2154 sceret
973 2148 980 2162 ,
1003 2121 1239 2155 excitaturus.»
1251 2122 1326 2166 Ego
1343 2123 1524 2168 surgebam

849 2174 943 2218 jam,
964 2186 1003 2206 ac
1023 2174 1116 2219 prius
1129 2199 1137 2213 ‚
1157 2187 1262 2220 quam
1280 2174 1337 2207 illa
1357 2175 1525 2220 irrumpe-

852 2233 902 2258 ret
914 2250 922 2265 ,
936 2234 1144 2261 excitaturus
1158 2236 1303 2260 matrem
1319 2241 1465 2261 inwcem
1479 2253 1487 2268 ,
1499 2241 1523 2261 si

852 2276 912 2310 illa
930 2278 1132 2323 quiesceret.
1152 2279 1196 2312 H.

901 2331 933 2364 5.
958 2335 1010 2362 Λη
1036 2334 1294 2374 imprudentiam.
1322 2333 1377 2365 Sic
1403 2333 1522 2377 optimi

853 2383 982 2428 quique
995 2383 1075 2416 libri
1088 2395 1096 2416 :
1110 2385 1157 2418 sic
1172 2385 1241 2430 ipsa
1256 2385 1344 2417 ratio
1358 2386 1519 2429 postulat.

852 2435 1094 2480 [inprudenter
1113 2450 1194 2482 ergo
1210 2437 1370 2469 monachi
1391 2437 1521 2482 impru-

853 2488 964 2521 dentis
974 2499 1210 2523 commentum
1227 2491 1261 2522 iu
1275 2489 1442 2535 quasdam
1455 2490 1524 2522 edi-

851 2542 961 2574 tiones
973 2541 1209 2590 adsumptum.
1219 2543 1310 2575 G.--—
1318 2543 1370 2576 Sic
1382 2550 1413 2574 et
1425 2544 1519 2575 Rom.

852 2593 946 2626 H.-—
967 2596 1003 2628 [11
1021 2596 1184 2642 Hispania
1206 2595 1398 2629 avunculus
1413 2620 1420 2634 ‚
1444 2595 1522 2627 inth-

852 2659 870 2679 a
893 2648 1028 2680 Nerone
1053 2661 1160 2694 usquc
1179 2648 1221 2681 ad
1243 2648 1492 2693 Vespasianum
1514 2675 1519 2679 .

852 2700 993 2732 (Ta-sari<
1016 2709 1218 2746 proc-uratur·
1238 2702 1359 2732 fwrar.
1387 2702 1448 2732 [Ἧι.
