1742 2989
186 181 269 223 128

599 183 644 222 e.
682 156 1056 224 PLINII'LIB.
1095 184 1156 225 11.

178 277 262 321 que
275 261 368 321 ejus
384 259 672 321 voluptatem,
691 262 910 321 praecipue
934 262 1260 318 Saturnalibus,
1278 264 1419 323 capiO,
1441 281 1573 324 quum

176 332 343 394 reliqua
375 349 473 393 pars
504 333 631 386 tecti,
657 332 828 377 licentia
857 334 1050 390 dierum,
1079 335 1283 398 festisque
1313 336 1576 381 clamoribus

178 416 383 466 personat
405 423 413 450 ε
439 423 540 449 nam
568 423 647 450 nec
680 407 768 467 ipse
797 425 996 452 meorum
1025 409 1211 466 lusibus,
1238 427 1316 454 nec
1340 410 1400 454 illi
1424 411 1577 455 studiis

114 483 153 515 25
178 479 285 522 meis
317 480 587 539 obstrepunt.
622 483 726 524 Haec
764 481 952 538 utilitas,
988 483 1079 527 haec
1117 485 1344 528 amoenitas
1377 485 1578 528 deficitur

178 568 290 612 aqua
331 551 522 607 salienti,
550 552 623 596 sed
658 563 832 613 puteOS,
859 571 908 599 ac
942 557 1087 616 potius
1114 556 1255 601 fontes
1290 558 1448 601 habet:
1476 568 1576 601 sunt

178 625 293 667 enim
314 625 357 667 in
374 641 558 668 sunnno.
583 628 639 669 Et
653 627 835 670 omnino
855 627 994 672 litoris
1012 628 1126 673 illius
1145 631 1255 673 mira
1272 640 1428 674 natura
1447 648 1456 674 :
1473 648 1578 692 quo-

178 713 364 757 cumque
394 697 488 741 loco
518 700 705 743 moveris
735 700 942 756 humum,
972 703 1125 746 obvius
1153 714 1196 747 et
1217 715 1393 765 paratus
1419 705 1579 749 humor

178 772 393 826 occurrit,
418 772 538 832 isque
557 774 750 816 sincerus
764 809 775 830 ,
793 790 842 818 ac
865 791 920 818 ne
936 774 1087 819 leviter
1107 776 1284 837 quidem
1305 787 1425 821 tanta
1448 778 1579 821 maris

113 850 153 879 :2ss
176 842 399 887 vicinitate
424 844 572 888 salsus.
598 847 849 908 Suggerunt
871 848 1038 892 affatim
1065 849 1184 910 ligna
1208 853 1417 912 proximae
1444 851 1577 894 silvae:

175 925 349 960 caeteras
378 919 525 978 copias
546 920 759 964 Ostiensis
785 920 956 965 colonia
984 924 1215 967 ministrat.
1238 925 1372 985 Frugi
1401 924 1577 984 quidem

178 989 344 1033 homini
386 992 547 1036 sufficit
577 994 706 1037 etiam
746 996 894 1051 vicus,
923 1012 1053 1056 quem
1090 1014 1176 1040 una
1212 997 1311 1040 villa
1340 998 1546 1041 discernit
1571 1015 1579 1040 :

178 1063 221 1104 in
258 1063 342 1106 hoc
377 1064 548 1109 balinea
587 1068 812 1111 meritoria
844 1068 927 1112 tria
961 1087 968 1112 :

1005 1086 1162 1130 magna
1201 1071 1515 1125 commoditas,
1546 1070 1578 1113 si

177 1134 287 1179 forte
317 1136 561 1193 balineum,
593 1140 710 1183 domi
743 1140 807 1184 vel
840 1142 1010 1185 subitus
1045 1143 1282 1197 adventus,
1308 1142 1375 1186 vel
1407 1142 1582 1185 brevior

135 1226 148 1253 7
177 1224 323 1263 mora,
344 1209 579 1255 calefacere
614 1212 875 1257 dissuadeat.
904 1215 1031 1258 Litus
1058 1225 1217 1259 ornant
1246 1216 1454 1260 varietate
1480 1232 1580 1276 gra-

176 1282 341 1326 tissima
367 1319 377 1338 ,
414 1302 532 1328 nunc
577 1288 817 1341 continua,
856 1305 974 1332 nunc
1018 1289 1263 1332 intermissa
1302 1299 1415 1332 tecta
1456 1287 1580 1331 villa-

175 1371 270 1397 rum
286 1391 296 1406 ,
317 1374 411 1415 quae
435 1368 641 1417 praestant
670 1360 909 1403 multarum
933 1362 1109 1404 urbium
1134 1361 1309 1417 faciem,
1334 1362 1422 1404 sive
1450 1361 1580 1415 mari,

174 1427 260 1470 sive
298 1428 391 1487 ipso
429 1428 555 1472 litore
592 1440 752 1475 utare:

783 1433 901 1492 quod
937 1449 1257 1493 nonnunquam
1292 1434 1422 1493 longa
1460 1442 1579 1476 tran-

176 1499 367 1558 quillitas
394 1500 557 1556 lnollit3
581 1504 736 1562 saepius
760 1504 965 1565 frequens
991 1515 1032 1548 et
1055 1506 1301 1549 contrarius
1333 1506 1490 1550 fluctus
1511 1506 1580 1549 in-

222 1655 266 1657 —
282 1638 366 1666 Nam
386 1649 443 1667 nec
460 1638 539 1679 ipse,
559 1644 624 1669 etc.
642 1639 739 1671 Rom.
757 1642 842 1670 Nam

179 1699 236 1718 nec
263 1689 327 1729 ipse
357 1701 463 1719 eornm
498 1692 627 1723 lusibus.
648 1690 692 1723 H.
713 1711 758 1715 ——-
781 1695 843 1723 Ob-

175 1749 331 1781 strepunt.
364 1741 434 1773 Ner
466 1741 535 1785 ipse
566 1755 721 1775 meorum
748 1743 843 1775 lusus

176 1802 247 1823 mea
259 1794 436 1836 praesentia
448 1794 599 1838 impedio
612 1820 619 1834 ‚
633 1807 696 1827 nec
710 1795 758 1827 illi
770 1808 844 1828 mea

175 1842 286 1876 studia
300 1846 442 1890 strepitu
459 1858 520 1878 sue
534 1846 739 1892 impediunt.
755 1848 794 1880 E.

224 1897 277 1928 25.
299 1900 453 1943 Deficitm·
476 1912 564 1941 aqua
589 1902 725 1931 salienti.
744 1901 842 1932 Rom.

177 1950 293 1991 Deficit
309 1964 396 1993 aqua
415 1953 554 1984 salienti.
573 1951 617 1983 H.
635 1951 719 1984 Vid.
732 1952 776 1984 ad
795 1953 843 1992 II,

180 2001 218 2030 ’16
234 2024 242 2038 ,
261 2014 291 2032 2.
307 2001 339 2034 S.
358 2023 402 2025 —e
415 2006 493 2034 Sunt
507 2006 588 2035 enim
606 2006 636 2035 in
650 2018 784 2036 smnmn.
802 2005 843 2036 Et

175 2051 220 2082 ob
243 2051 275 2083 id
302 2053 433 2097 ipsum,
461 2055 554 2099 quod
581 2068 649 2088 non
677 2056 843 2101 depressis

176 2102 315 2137 (lenium
327 2106 433 2138 foveis
444 2106 602 2139 adfluunt
613 2133 620 2147 ,
634 2108 693 2140 sed
708 2109 741 2141 in
754 2122 843 2141 sum-

176 2168 233 2187 mo
258 2158 429 2198 emicant,
456 2172 517 2204 pro
533 2162 682 2202 fontibus
706 2162 841 2206 potius,

175 2222 277 2254 quam
291 2223 355 2255 pro
367 2214 471 2253 puteis
485 2212 647 2245 habendi.
666 2213 709 2245 G.

222 2283 266 2286 ξ
291 2266 393 2294 Tanta
416 2266 513 2295 maris
534 2267 703 2296 ‘vicinitate
727 2269 840 2299 salsus.

177 2315 225 2345 Ita
250 2322 282 2346 et
307 2316 404 2348 Rom.
431 2316 474 2348 H.
502 2337 545 2340 k
571 2318 664 2349 Libri
690 2318 843 2363 plerique

176 2376 200 2398 t.
222 2380 263 2398 m.
280 2381 315 2399 ῆι.
337 2379 518 2411 cort-uptus,
540 2381 644 2414 quam
661 2370 841 2403 let-tionem

176 2418 271 2451 haud
303 2420 472 2464 improbat
503 2421 638 2454 Cortius
662 2434 668 2454 :
699 2422 843 2456 debehat

178 2471 338 2515 recipere.
370 2473 505 2517 Recepit
532 2473 714 2518 Gierigius.
739 2478 844 2506 Salsus

177 2522 355 2568 adscripsit
369 2526 545 2569 glossator.
566 2527 599 2558 S.

228 2578 281 2607 26.
298 2579 332 2607 Si
346 2579 438 2619 sbrfe
467 2580 624 2609 balineum
653 2581 757 2613 domi,
777 2588 841 2612 etc.

177 2629 307 2669 Siforte
323 2631 481 2661 balineum
508 2633 563 2661 vel
582 2633 703 2661 domini
724 2634 843 2663 subitus

177 2681 342 2714 advenum,
364 2685 416 2713 vel
430 2685 551 2713 breviar-
566 2696 654 2714 marn
670 2686 844 2726 ‹wilel'i‘lcr’rf‘

909 1643 1085 1674 dissuadet.
1103 1643 1152 1673 Ita
1172 1641 1393 1674 scribendum
1412 1649 1483 1674 erat
1500 1653 1578 1675 cum

909 1694 1006 1724 Rom.
1026 1705 1133 1737 quum
1147 1693 1335 1738 praesertim
1357 1694 1391 1726 in
1405 1694 1477 1726 aliis
1494 1707 1580 1739 quo-

909 1758 977 1789 que
994 1748 1118 1776 domini
1134 1754 1309 1791 repertum
1329 1747 1430 1779 fuerit
1445 1771 1454 1786 ,
1476 1746 1581 1791 idque.

909 1796 952 1829 ad
967 1800 1089 1829 brevior
1101 1812 1191 1830 mora
1203 1799 1433 1831 necessarium
1445 1799 1498 1831 sit.
1515 1798 1580 1832 Sed

910 1850 1047 1882 Cortius
1073 1850 1230 1884 Mediceo
1255 1852 1396 1883 oraculo
1421 1851 1497 1895 plus
1523 1851 1581 1882 ali-

910 1902 1050 1947 quando
1065 1903 1179 1935 tribuit
1193 1928 1200 1942 ‚
1213 1916 1316 1949 quam
1330 1903 1465 1936 rationi.
1482 1903 1525 1934 H.
1535 1923 1580 1927 k

909 1957 1044 1986 Domini
1073 1955 1155 1987 item
1187 1955 1382 1988 Brunnneri
1412 1956 1577 1999 Excerpta

909 2006 1050 2039 habent.
1070 2007 1183 2039 Placet
1208 2008 1279 2040 haec
1306 2007 1427 2045 lectio,
1455 2006 1502 2039 sic
1528 2014 1578 2039 ta-

909 2071 988 2092 men
1001 2085 1008 2099 ,
1021 2067 1057 2091 ut
1072 2067 1229 2092 servetur
1242 2059 1393 2103 vulgaris
1408 2057 1494 2091 ordo
1508 2071 1581 2091 ver-

908 2111 1032 2144 borum
1053 2123 1060 2144 :
1076 2113 1198 2155 sifbrte
1211 2113 1369 2143 balinenm
1389 2113 1510 2142 domini
1528 2114 1582 2142 vel

908 2166 1027 2195 subitus
1040 2189 1046 2199 ‚
1067 2172 1130 2195 etc.
1147 2164 1180 2196 S.

959 2229 1012 2260 27.
1030 2217 1151 2247 Mollis.
1168 2241 1173 2246 .
1191 2240 1198 2247 .
1215 2218 1371 2248 .indm·at.
1392 2216 1424 2249 Si
1446 2216 1517 2248 haec
1537 2215 1580 2248 de

911 2269 981 2301 solo
1000 2268 1118 2307 litore,
1137 2276 1171 2300 ut
1191 2281 1253 2313 par
1273 2276 1321 2301 est
1337 2293 1345 2308 ‚
1365 2267 1456 2301 dicta
1477 2276 1555 2300 sunt
1569 2294 1577 2308 ,

910 2319 1069 2365 equidem
1096 2332 1163 2352 non
1195 2321 1274 2352 satis
1301 2320 1478 2365 intelligo,
1511 2332 1579 2365 quo

911 2385 1009 2405 sensu
1033 2372 1113 2404 litus
1131 2373 1379 2417 tranquillitate
1394 2372 1578 2411 molliatur,

910 2434 941 2457 οἱ
965 2424 1123 2457 fluctibus
1148 2424 1341 2458 induretur.
1369 2426 1479 2456 Immo
1502 2436 1580 2455 con-

910 2477 1051 2509 trarium
1077 2477 1161 2509 mihi
1184 2477 1321 2510 videtur
1345 2474 1519 2514 accidere,
1543 2483 1578 2506 ut

911 2529 1006 2573 longa
1044 2530 1287 2574 tranquillitate
1323 2526 1431 2558 litoris
1468 2527 1576 2558 solum

910 2590 1082 2614 exarescat
1120 2589 1151 2613 et
1184 2580 1365 2612 induretur
1379 2604 1387 2618 ‚
1419 2578 1577 2610 fluctibus

910 2642 1023 2666 autem
1063 2632 1280 2666 adluentibus
1315 2640 1345 2663 et
1376 2630 1576 2663 inundanti-

910 2686 972 2717 bus
999 2693 1172 2730 puwesvat
1198 2694 1229 2716 et
1255 2683 1460 2716 emolliatur.
1478 2684 1516 2716 F.
1533 2703 1577 2707 —
