1742 2989
199 209 282 254 ¹90
569 195 620 235 C.
662 191 918 235 PLINIII
954 192 1080 235 LIB.
1117 192 1210 233 [ll.

188 276 241 319 acl
268 277 481 319 rationem
508 284 550 318 et
576 274 658 317 loci
687 283 729 316 et
760 273 968 334 temporis
1000 289 1053 316 ex
1078 289 1200 315 more
1225 270 1448 323 fecissem3
1472 271 1589 316 bono

189 349 272 393 civi
299 347 760 392 convenientissimum
787 345 978 402 credidi,
1006 345 1157 389 eadem
1190 344 1262 388 illa
1291 345 1522 404 spatiosius
1548 356 1590 389 et

146 440 162 458 2
190 423 367 466 uberius
395 421 615 465 volumine
642 418 848 481 amplecti
870 437 878 462 :
905 420 1123 480 primum,
1151 428 1201 462 ut
1226 419 1481 479 imperatori
1507 436 1589 463 no-

141 1024 159 1060 -Ex

142 1607 159 1639 5

186 506 277 540 stro
297 497 480 539 virtutes
503 511 589 538 suae
604 494 717 537 veris
737 493 939 537 laudibus
955 493 1370 537 commendarentur
1389 510 1397 535 :
1416 492 1589 548 deinde,

187 579 237 613 ut
259 569 395 613 futuri
418 568 638 629 principes
661 584 751 610 non
774 567 898 627 quasi
924 584 948 610 a
972 567 1182 627 magistro
1197 602 1208 621 ,
1233 565 1307 610 sed
1337 575 1482 608 tamen
1509 566 1590 610 suh

187 641 386 702 exemplo
406 650 803 702 praemonerentur,
826 657 912 700 qua
938 640 1215 700 potissimum
1240 640 1309 683 via
1333 649 1511 700 possent
1537 639 1591 682 ad

187 717 369 760 eandem
397 715 581 776 gloriam
607 716 704 758 niti.
732 715 846 758 Nam
872 714 1132 774 praecipere,
1157 712 1296 773 qualis
1323 729 1414 756 esse
1437 711 1591 755 debeat

186 791 418 850 princeps,
455 788 691 849 pulchrum
727 787 933 848 quidem,
969 786 1044 830 sed
1078 803 1337 841 onerosum,
1370 803 1419 829 ac
1453 802 1591 846 prope

187 863 424 924 superbum
451 871 516 904 cst
545 878 553 903 :
580 860 758 904 laudare
782 877 886 904 vero
912 860 1129 921 optimum
1153 860 1422 920 principem,
1443 876 1493 903 ac
1513 876 1592 920 per

186 937 269 980 hoc
304 935 517 997 posteris,
541 933 661 978 velut
695 951 717 977 e
752 933 927 994 specula
962 932 1136 985 lumen,
1174 932 1294 992 quod
1328 941 1591 992 sequantur,

186 1009 437 1065 ostendere,
468 1007 583 1051 idern
615 1007 816 1051 utilitatis
846 1007 1004 1063 habet,
1036 1006 1297 1066 arrogantiae
1327 1005 1452 1048 nihil.
1482 1006 1590 1065 Cepi

186 1094 333 1127 autem
364 1100 454 1126 non
483 1080 748 1125 mediocrem
778 1079 1048 1140 voluptatem
1066 1115 1077 1135 ,
1108 1078 1252 1139 quod,
1282 1078 1401 1121 hunc
1430 1076 1590 1121 librum

186 1174 323 1217 quum
350 1155 500 1199 amicis
528 1154 711 1198 recitare
736 1152 995 1208 voluissem,
1013 1169 1103 1195 non
1131 1168 1208 1212 per
1234 1150 1479 1206 codicillos,
1502 1167 1590 1194 non

185 1248 262 1291 per
281 1229 467 1284 libellos,
490 1228 565 1272 secl
583 1232 626 1272 si
640 1226 923 1271 commodum
944 1237 1081 1281 esset,
1103 1234 1146 1267 et
1165 1229 1209 1268 si
1227 1222 1367 1268 valde
1386 1235 1587 1278 vacaret,

186 1303 398 1347 admoniti
427 1302 671 1362 (nunquam
696 1316 829 1360 porro
845 1335 856 1355 ,
879 1309 955 1342 aut.
978 1297 1102 1342 valde
1128 1314 1226 1341 raro
1241 1333 1252 1352 ,
1277 1306 1399 1340 vacat
1418 1298 1589 1349 Romae,

185 1386 261 1419 aut
286 1375 567 1419 commodum
588 1384 678 1428 est,
703 1372 854 1416 audire
883 1369 1169 1432 recitantem)
1200 1369 1448 1413 foedissimis
1473 1369 1590 1412 insu-

188 1466 264 1508 per
298 1448 631 1509 tempestatibus
667 1463 744 1506 per
777 1444 961 1488 biduum
997 1452 1295 1487 convenerunt
1326 1460 1334 1486 :
1365 1459 1590 1503 quumque

186 1522 397 1565 modestia
428 1538 524 1564 mea
554 1521 687 1563 finem
721 1518 966 1562 recitationi
996 1517 1138 1560 facere
1167 1515 1397 1570 voluisset,
1428 1526 1476 1558 ut
1510 1516 1589 1559 ad-

181 1597 361 1656 jicerem
397 1596 578 1639 tertium
614 1594 755 1647 diem,
791 1600 1046 1652 exegerunt.
1076 1590 1189 1634 Mihi
1224 1590 1342 1632 hunc
1375 1589 1587 1632 honorem

233 1777 277 1781 —-
296 1758 352 1787 Ad
370 1757 528 1787 rationem
544 1763 575 1784 et
600 1755 662 1784 loci
685 1761 715 1783 et
739 1761 855 1792 tempo-

185 1813 237 1841 ris.
255 1810 352 1841 Rom.
369 1809 425 1839 Ad
441 1809 598 1838 rationem
614 1806 677 1837 loci
693 1814 722 1835 et
739 1814 855 1846 tempo-

184 1864 236 1894 ris.
254 1861 299 1893 H.

231 1915 264 1947 3.
289 1913 482 1950 Pulchram,
508 1918 574 1943 etc.
599 1909 792 1942 Honestum
823 1916 855 1941 et

185 1967 267 1999 utile
282 1991 291 2005 ‚
309 1965 392 1998 alios
407 1963 586 2009 praeceptis
604 1974 747 1995 monere
766 1961 801 1993 in
817 1973 854 1993 re

184 2027 253 2051 lain
268 2018 375 2063 gravi.
398 2022 588 2053 (hlei-osum,
611 2015 691 2060 quia
710 2013 855 2046 invidio—

184 2084 261 2103 sum
288 2078 320 2103 et
353 2070 493 2102 offensae
520 2067 757 2112 plenissimum
789 2074 851 2099 est.

182 2125 354 2165 Superbam
366 2147 374 2159 ,
411 2132 576 2164 arrogans
594 2146 602 2161 ‚
634 2126 767 2151 tantam
803 2119 853 2151 rei

183 2175 387 2219 gravitatem
405 2172 584 2218 praeceptis
603 2171 737 2216 assequi
752 2170 851 2204 velle.

184 2228 285 2261 Hunc
305 2238 443 2259 sensum
463 2223 640 2269 sequentia
658 2224 759 2256 etiam
775 2235 855 2255 con-

184 2280 323 2312 firmant
339 2291 345 2311 :
365 2280 447 2310 idem
468 2279 615 2309 utilitatis
631 2278 742 2313 habet,
764 2289 854 2307 arro-

180 2334 304 2375 gantia:
321 2333 409 2363 nilzil.
424 2331 464 2362 E.

231 2390 262 2426 Δ.
276 2386 384 2426 Quod,
401 2386 483 2415 llum·
503 2384 635 2419 librum,
657 2388 721 2413 etc.
743 2381 853 2412 Inter-

183 2450 300 2484 punge
314 2438 359 2470 ita
381 2448 388 2469 z
410 2437 514 2479 quod,
532 2436 615 2465 Ῐιιιηιι
628 2436 739 2465 librum
754 2446 850 2475 quum

184 2505 235 2522 nm
241 2493 296 2522 icis
309 2492 444 2522 recitare
453 2489 634 2520 voluissem.
647 2485 764 2530 Vulgo
773 2493 851 2530 post

184 2546 297 2574 librum
326 2541 494 2575 incidunt.
527 2539 571 2572 H.
596 2559 641 2562 —
659 2538 850 2570 Obsecutus

182 2608 259 2628 suin
273 2596 360 2628 bene
375 2592 541 2627 monenti.
558 2590 611 2625 Sic
627 2598 659 2623 et
673 2589 849 2622 Ernestius

184 2647 394 2680 distinxerat.
413 2648 446 2680 S.
468 2666 505 2672 --
522 2648 613 2676 Hunc
633 2645 757 2675 librum.
778 2642 849 2674 Nu-

185 2700 293 2744 spiam
309 2699 508 2744 panegyrici
527 2697 668 2729 nomin<-
685 2707 765 2727 usus
782 2701 829 2726 es?
841 2719 848 2733 ,

921 1762 985 1782 nec:
1020 1756 1174 1789 constat,
1201 1761 1244 1781 an
1268 1746 1343 1792 ipse
1371 1747 1437 1779 hoc
1462 1759 1589 1780 nomen

920 1802 1066 1835 orationi
1087 1814 1155 1834 suae
1179 1799 1371 1846 praefixerit.
1393 1800 1457 1831 En.
1475 1819 1519 1824 -—
1539 1803 1591 1832 Li-

921 1857 1027 1887 bellos,
1058 1855 1152 1887 Facit
1178 1853 1247 1885 huc
1272 1852 1428 1897 inprimis
1453 1851 1588 1897 Dialog.

921 1906 964 1939 de
979 1908 1117 1940 Orator.
1143 1919 1218 1950 cap.
1244 1918 1285 1948 9,
1312 1904 1371 1936 ubi
1396 1911 1533 1944 orator,
1552 1912 1590 1937 ut

918 1958 1065 2000 habeat,
1084 1958 1143 2004 qui
1164 1957 1285 1991 audire
1310 1955 1516 2002 dignentur,
1537 1958 1589 1988 Li-

920 2015 1016 2044 bellos
1026 2014 1202 2055 dispcvgere
1213 2007 1438 2043 dicitur.Vid.
1450 2008 1585 2041 Schulz.

920 2064 964 2097 ad
986 2064 1022 2097 h.
1044 2065 1068 2096 l.
1097 2076 1174 2109 pag,
1200 2063 1262 2102 33,
1283 2074 1333 2106 sq.
1363 2061 1396 2094 S.
1414 2080 1460 2085 —
1475 2064 1538 2093 Sed
1562 2065 1589 2093 si

920 2119 1119 2149 commodum
1132 2141 1139 2152 ‚
1162 2122 1227 2148 etc.
1253 2116 1350 2146 Rom.
1377 2116 1440 2144 Sed
1458 2116 1486 2145 si
1503 2127 1589 2146 com-

920 2172 1047 2201 modum
1062 2178 1091 2199 ec
1103 2170 1132 2199 si
1142 2169 1242 2199 valde
1254 2176 1405 2204 vacaret,
1423 2168 1586 2199 admonui.

919 2221 963 2254 H.
981 2241 1028 2246 —-
1047 2225 1148 2252 Porro
1160 2234 1172 2258 ;
1189 2227 1316 2252 autem.
1334 2218 1465 2250 Plinius
1484 2219 1500 2250 Ι
1512 2243 1521 2258 ,
1545 2223 1562 2251 8
1578 2243 1587 2259 ,

924 2286 982 2313 10,
1012 2290 1024 2301 «
1039 2272 1232 2305 Oculorum
1256 2282 1361 2316 porro
1389 2277 1422 2303 et
1453 2270 1589 2303 aurium

918 2326 1111 2370 voluptates
1126 2323 1212 2356 adeo
1225 2336 1294 2355 non
1309 2330 1410 2367 egent
1421 2347 1430 2362 ‚
1446 2330 1510 2355 cte.
1523 2339 1538 2350 »
1551 2323 1567 2354 Ι
1578 2346 1586 2361 ,

920 2383 975 2418 24,
992 2382 1026 2418 4,
1042 2394 1053 2406 υ
1066 2375 1282 2410 Scholasticis
1296 2387 1399 2420 porro
1415 2373 1564 2406 dominis
1578 2399 1587 2414 ,

916 2438 953 2463 ut
966 2431 1022 2463 hic
1037 2437 1108 2469 est,
1124 2428 1265 2468 sufficit,
1281 2436 1346 2460 etc.
1357 2444 1371 2455 n
1384 2428 1449 2467 VI,
1466 2427 1505 2460 32
1521 2451 1530 2466 ‚
1548 2440 1564 2459 2
1577 2452 1585 2466 ‚

918 2500 931 2512 «
945 2484 994 2516 Te
1010 2495 1114 2528 porro
1129 2482 1245 2515 animo
1254 2479 1502 2518 beatissimum,
1514 2492 1588 2511 mo-

917 2536 1035 2569 dicum
1054 2534 1274 2568 facultatibus
1294 2532 1393 2565 scio.»
1414 2532 1448 2565 S.

966 2587 998 2621 5.
1017 2589 1100 2619 Mihi
1113 2589 1195 2618 lzmic
1211 2587 1361 2617 lzonorem
1377 2585 1519 2616 lzabicum
1527 2597 1587 2626 pu-

917 2652 977 2673 tem
986 2666 994 2677 ‚
1011 2653 1053 2671 em
1063 2641 1200 2671 studiis?
1208 2637 1364 2670 Tertium
1376 2648 1447 2669 esse
1458 2636 1567 2680 potuit
1577 2660 1585 2675 ,

916 2691 1072 2726 Secunde
1090 2704 1096 2724 :
1114 2692 1266 2732 Principi.
1283 2690 1316 2722 S.
