1742 2989
174 209 266 254 216

576 209 624 251 C.
661 206 885 250 PLINII
919 206 1047 249 LIB.
1084 206 1170 249 IV.

170 290 386 334 Frontino
402 324 413 345 ,
435 288 624 349 principi
643 288 760 331 viro:
776 288 851 348 qui
874 304 943 331 me
968 285 1281 331 nominationis
1305 282 1373 327 die
1397 298 1475 343 per
1498 282 1577 325 hos

173 364 405 407 continuos
425 378 563 405 annos
585 361 699 405 inter
718 360 962 404 sacerdotes
987 359 1268 414 nominabat,
1297 366 1505 416 tanquam
1532 356 1578 398 in

171 436 318 481 locum
352 453 479 480 suum
515 444 742 495 cooptaret
772 451 780 476 :
810 450 898 494 quo
927 451 1044 478 nunc
1076 442 1255 477 eventus
1286 431 1347 474 ita
1371 444 1579 489 compro—

128 521 147 557 4
172 510 316 565 bavit,
340 519 387 553 ut
414 526 501 552 non
531 508 762 551 fortuitum
788 507 999 552 videatur.
1018 510 1078 552 Te
1105 506 1306 568 quidem,
1332 513 1381 547 ut
1406 502 1579 557 scribis,

173 584 229 626 ob
264 583 348 626 hoc
380 584 567 626 maxime
602 582 789 626 delectat
818 591 1058 642 auguratus
1086 597 1231 634 meus,
1260 577 1378 639 quod
1404 578 1580 620 Marcus

171 655 341 699 Tullius
376 673 517 716 augur
551 655 660 707 fuit3
695 654 852 698 laetaris
888 655 1029 710 enim,
1059 653 1179 714 quod
1208 650 1453 696 honoribus
1488 649 1580 709 ejus

128 736 147 770 5
172 730 390 785 insistam,
409 746 541 790 quem
568 728 763 772 aemulari
789 729 833 770 in
861 727 1015 771 studiis
1042 727 1184 787 cupi0.
1210 724 1294 770 Sed
1315 724 1508 776 utinam,
1532 729 1583 763 ut

173 803 467 847 sacerdotium
503 802 616 846 idem
650 812 693 845 et
718 801 1019 855 consulatum,
1047 799 1188 843 multo
1217 798 1348 842 etiam
1376 794 1582 856 juvenior

172 894 305 937 quam
332 877 402 921 ille
422 912 433 932 ‚
459 893 555 920 sum
583 885 907 936 consequutus,
933 876 991 918 ita
1018 890 1149 918 senex
1176 871 1328 916 saltem
1353 869 1582 930 ingenium

127 960 147 992 6
173 951 265 1010 ejus
298 949 441 1010 aliqua
474 965 525 992 ex
558 959 682 1010 parte
710 948 890 1009 adsequi
917 945 1102 1009 possim!
1136 945 1222 992 Sed
1251 943 1462 987 nimirum
1488 955 1584 1000 quae

171 1032 274 1066 sunt
301 1023 346 1064 111
373 1039 508 1065 manu
535 1022 791 1076 hominum,
821 1032 863 1064 et
889 1021 997 1064 mihi
1023 1030 1066 1063 et
1093 1019 1242 1064 multis
1274 1016 1583 1075 contigerunt:

169 1095 279 1140 illud
309 1113 412 1139 vero
438 1105 488 1139 ut
515 1095 696 1156 adipisci
722 1095 909 1138 arduum
925 1130 936 1150 ⁷
956 1095 1016 1138 sic
1041 1094 1173 1137 etiam
1200 1106 1375 1152 sperare
1397 1087 1582 1132 nimium

172 1179 261 1225 est,
285 1169 405 1230 quod
432 1169 526 1213 dari
557 1169 642 1212 nisi
675 1184 699 1212 a
725 1168 808 1212 diis
834 1184 923 1211 non
950 1176 1107 1228 potest.
1127 1164 1248 1210 Vale.

172 1294 283 1327 factus
305 1294 407 1327 fuerit
427 1292 606 1328 Secundus
623 1317 632 1333 ‚
652 1292 847 1337 disputatur

172 1358 193 1379 a
213 1347 264 1379 Cl.
289 1347 451 1380 Massono
475 1347 510 1378 in
532 1347 600 1379 vita
625 1346 723 1378 Plinii
744 1345 787 1378 ad
804 1346 844 1377 A.

172 1399 215 1432 C.
230 1400 312 1432 CIII
327 1425 336 1439 ,
353 1407 385 1431 et
400 1400 443 1432 ab
457 1400 557 1432 Illmo
571 1399 700 1431 Poleno
717 1398 751 1430 in
766 1398 848 1430 Pro-

170 1452 297 1497 legom.
318 1451 362 1484 ad
377 1451 534 1484 Frontin.
553 1464 584 1485 c.
600 1452 724 1493 1,§42
741 1476 748 1490 ,
770 1463 847 1495 sqq„

172 1504 217 1537 G.
236 1525 281 1529 η·-
300 1505 401 1536 Hunc
435 1504 566 1537 Plinius
592 1504 716 1536 merito
750 1510 849 1536 vocat

168 1559 350 1600 principem
370 1559 496 1594 virum,
516 1569 587 1589 nou
604 1555 709 1588 modo
726 1556 771 1588 ob
791 1555 850 1588 do-

173 1610 321 1642 ctrinam
356 1609 526 1653 insignem
557 1616 589 1640 et
621 1616 827 1653 auguratum
840 1633 848 1647 ‚

173 1661 235 1694 sed
260 1662 361 1694 etiam
386 1661 432 1693 ob
453 1673 506 1693 res
531 1661 694 1705 praeclare
722 1668 848 1703 gestas.

172 1715 366 1747 Consulatu
385 1714 525 1746 functus
542 1725 650 1758 quum
668 1712 851 1745 Britanniae

174 1768 238 1800 sub
250 1766 448 1799 Domitiano
461 1773 619 1811 praeesset
631 1790 638 1804 ‚
655 1764 806 1798 validam
820 1772 852 1797 et

173 1832 367 1865 pugnacem
400 1819 550 1853 Silurum
583 1825 719 1863 gentem
748 1818 852 1850 arinis

174 1872 322 1917 subegit.
338 1872 451 1905 Tacit.
469 1872 553 1917 Agr.
576 1883 631 1915 17,
649 1882 727 1902 eum
746 1872 851 1901 viram

174 1938 327 1968 magnum
357 1925 519 1970 appellat.
544 1924 610 1956 ΕΙ).
632 1943 677 1948 —
696 1925 853 1954 Nomina-

179 1979 274 2010 tionis
305 1980 365 2009 die.
384 1977 467 2010 Vid.
490 1976 534 2009 ad
554 1977 608 2016 Π,
634 1988 664 2015 1,
687 1977 720 2009 8.
741 1975 785 2008 G.
807 1995 853 2000 —-

180 2032 248 2061 Hos
261 2033 428 2062 continuos
443 2043 556 2061 annos.
570 2030 634 2073 Ep.
652 2041 671 2072 9
684 2053 692 2068 ‚
711 2040 739 2060 Ι.
756 2030 853 2060 Caus—

174 2095 245 2115 sam
258 2097 319 2125 per
337 2085 392 2115 hos
408 2085 475 2114 dies
495 2085 581 2114 diaeic
598 2083 701 2113 Julius
722 2085 848 2112 Bassus.

174 2137 217 2169 In
251 2135 376 2168 talibus
409 2147 602 2180 pronomen
633 2135 684 2165 liic
715 2140 850 2178 tenipus

175 2187 331 2234 proxime
345 2188 499 2232 elapsum
512 2185 653 2218 indicat.
669 2184 752 2218 Vid.
769 2186 852 2218 Dra-

175 2240 283 2274 kenb.
305 2238 349 2272 ad
369 2240 447 2272 Liv.
464 2239 511 2278 V,
533 2241 590 2278 51,
614 2239 645 2272 5.
667 2238 849 2270 Ruhnken.

178 2292 225 2327 ad
246 2292 348 2325 Rutil.
370 2293 460 2337 Lup.
482 2303 560 2337 pag.
583 2292 625 2325 56
639 2315 648 2330 ,
668 2303 718 2336 sq.
740 2291 795 2324 Sic
817 2298 849 2323 et

180 2344 505 2390 Graeci.Alciphron
528 2355 582 2388 ep.
609 2356 640 2383 1,
663 2348 714 2383 14.
734 2356 767 2388 p.
785 2342 849 2382 58,

913 1305 941 1326 s.
959 1291 1015 1325 ed.
1032 1291 1145 1337 Bergl.
1163 1293 1189 1325 el
1204 1289 1241 1324 δὲ
1258 1293 1380 1335 ἔφασαν
1401 1290 1454 1322 σὸν
1475 1291 1586 1333 κτῆμα

911 1347 1074 1392 γεγονέναι
1091 1348 1150 1391 πρὸ
1170 1346 1289 1378 τούτων
1309 1342 1472 1387 τεττάρων
1494 1343 1585 1374 ἐτῶν.

912 1403 1005 1430 -Uc
1025 1411 1088 1430 non
1103 1399 1282 1441 fortuitum
1300 1397 1463 1428 videatur.
1485 1394 1583 1426 Rom.

918 1455 947 1482 U
947 1461 960 1483 t
974 1464 1039 1482 non
1048 1452 1226 1493 fortuitum
1243 1450 1417 1481 videretur.
1437 1447 1480 1479 H.

962 1507 995 1542 4.
1022 1506 1062 1534 Te
1081 1505 1226 1545 quidem,
1245 1508 1310 1534 etc.
1332 1502 1428 1533 Rom.
1455 1503 1496 1530 Te
1512 1500 1584 1541 qui-

914 1558 984 1588 dem
995 1582 1003 1593 ,
1026 1566 1060 1587 ut
1073 1558 1180 1587 scribis
1190 1581 1199 1593 ,
1220 1557 1279 1587 hoc
1295 1556 1436 1587 maxime
1451 1554 1588 1584 delectat

915 1618 1092 1652 auguratus
1111 1621 1206 1640 meus.
1229 1609 1281 1640 Ita
1305 1614 1337 1639 et
1363 1606 1421 1638 alii
1442 1603 1586 1650 quidam

914 1660 992 1693 libri
1008 1685 1016 1700 ,
1046 1661 1168 1693 melius
1197 1672 1300 1705 quam
1333 1658 1448 1703 vulgo.
1483 1657 1526 1690 H.
1541 1677 1586 1681 —

917 1713 1006 1746 Cuin
1032 1717 1147 1745 Marco
1185 1714 1285 1744 Tullio
1315 1711 1460 1744 libenter
1486 1708 1587 1742 amici

917 1778 996 1798 euin
1027 1777 1228 1810 comparare
1266 1764 1420 1796 solebant
1436 1787 1446 1802 ‚
1480 1774 1588 1808 eaque

917 1818 1176 1864 comparatione
1194 1817 1386 1850 laetabatur.
1404 1816 1467 1848 En.

967 1871 1002 1904 5.
1028 1875 1072 1903 Ut
1085 1872 1320 1908 sacerdocium,
1342 1877 1406 1902 etc.
1426 1869 1524 1901 Rom.
1549 1871 1590 1899 Ue

917 1926 1131 1955 sacerdotium
1168 1925 1251 1956 idem
1265 1948 1275 1961 ,
1318 1932 1354 1953 uc
1388 1923 1589 1953 consulatum

918 1979 1016 2008 malco
1036 1978 1132 2008 eciam
1145 1977 1260 2019 junior
1278 1987 1375 2017 quam
1396 1975 1461 2005 ille.
1480 1972 1525 2004 H.

958 2031 1169 2060 ——leenior.
1183 2027 1294 2059 Etiam
1303 2025 1394 2070 apud
1405 2023 1590 2070 Apuleium

918 2093 990 2114 esse
1019 2080 1114 2113 hunc
1147 2078 1418 2124 comparativum
1431 2104 1439 2119 ‚
1468 2079 1541 2123 jam
1567 2088 1587 2109 a

917 2133 1064 2167 Cellario
1079 2133 1299 2165 observatum
1314 2138 1375 2163 est.
1393 2130 1437 2163 G.

963 2188 996 2219 6.
1009 2186 1103 2226 Quod
1111 2186 1199 2216 dari.
1217 2208 1224 2215 .
1240 2193 1370 2226 .potest.
1381 2183 1435 2216 Sic
1447 2189 1479 2215 et
1489 2183 1586 2214 Rom.

917 2237 961 2270 H.
973 2258 1017 2262 —-
1028 2237 1082 2269 Al.
1099 2239 1194 2278 Quod
1204 2238 1281 2267 dari
1291 2249 1354 2267 ηοιι
1366 2237 1456 2267 nisia
1469 2236 1540 2266 diis.
1552 2234 1584 2267 S.

915 2310 960 2315 —
974 2293 1048 2321 Non
1066 2291 1139 2321 nisi.
1157 2288 1250 2322 Solet
1267 2288 1352 2321 Plin.
1369 2288 1515 2320 libenter
1529 2298 1588 2320 ne-

915 2343 1086 2387 gationeni
1103 2342 1150 2376 ita
1167 2349 1386 2388 postponere.
1402 2341 1467 2373 En.
