1742 2989
599 221 946 265 EPISTOLA
979 222 1066 264 Vl.
1449 236 1532 263 211

136 302 271 344 duum
296 300 515 345 audierint
537 318 545 344 :
577 303 775 361 quamvis
796 302 909 347 hanc
932 301 1220 346 intentionem
1243 317 1394 343 eorum
1420 301 1540 345 nulla

136 373 240 417 hinc
259 384 301 417 et
320 373 420 416 inde
451 372 648 427 collatio,
670 374 839 418 nullum
862 378 986 436 quasi
1015 383 1237 419 certamen
1268 366 1538 418 accenderet.

137 447 251 491 Nam
270 445 428 490 Rhodii
455 463 591 507 quum
615 447 718 508 ipsis
743 449 992 492 orationum
1016 447 1272 501 virtutibus,
1291 457 1384 490 tum
1408 448 1539 490 etiam
1566 457 1585 489 3

136 520 474 580 comparationis
517 520 678 564 aculeis
711 523 1049 566 excitabantur:
1086 529 1236 563 nostra
1270 521 1412 563 oratio
1448 520 1542 562 sine

135 593 421 637 aemulationis
448 595 587 654 gratia
618 594 902 655 probabatur.
935 597 1004 639 An
1030 594 1212 647 merito,
1241 594 1375 647 scies,
1403 609 1541 652 quum

136 665 289 726 legeris
324 666 511 719 librum,
538 668 662 727 cujus
700 668 944 728 amplitudo
979 684 1068 711 non
1101 668 1204 710 sinit
1233 683 1302 709 me
1343 666 1542 726 longiore

136 738 317 798 epistola
343 739 568 800 praeloqui.
597 742 786 800 Oportet
808 743 923 784 enim
947 758 1026 784 nos
1055 741 1099 782 in
1126 740 1208 782 hac
1229 750 1366 793 certe⁷
1393 741 1437 781 in
1457 756 1543 799 qua
1568 743 1588 778 4

135 827 391 870 possumus,
416 812 568 856 breves
594 829 684 856 esse
709 831 716 856 ε
737 831 825 874 quo
857 816 913 858 sit
936 813 1208 867 excusatius,
1235 812 1353 872 quod
1381 811 1543 855 librum

134 884 301 943 ipsum,
327 901 415 928 non
439 895 586 929 tamen
616 885 731 930 ultra
759 903 919 931 caussae
949 884 1312 946 amplitudinem,
1342 884 1544 928 extendi-

135 974 245 1002 mus.
262 958 384 1002 Vale.

135 1084 363 1130 adscripscrat
385 1098 392 1118 :
414 1103 427 1115 «κ
442 1089 565 1118 Labore
587 1100 658 1120 non
680 1087 803 1133 placet.
921 1090 952 1121 3.
987 1090 1245 1124 Excitabancur,
1274 1085 1320 1118 ad
1351 1087 1546 1118 acclaman-

136 1136 267 1177 Quidni
281 1141 447 1170 clamore?
461 1156 473 1166 »
500 1140 534 1172 S.
871 1139 955 1172 dum
979 1140 1260 1185 impellebantur.
1279 1141 1432 1170 Excitari
1452 1139 1546 1171 enim

183 1210 228 1214 —
248 1194 395 1231 Quamvis
420 1193 502 1223 hanc
521 1194 726 1224 incentionem
755 1206 806 1224 εο-
872 1191 916 1224 ad
931 1204 1071 1225 omnem
1086 1192 1193 1225 animi
1207 1191 1477 1224 commotionem
1488 1190 1532 1223 de

136 1255 216 1275 rum.
240 1243 335 1276 Rom.
361 1246 510 1285 Quamvis
530 1246 734 1276 intencionem
754 1258 805 1277 eo-
871 1244 1073 1277 clarandam
1084 1244 1283 1277 adhibetur.
1296 1242 1477 1288 Quidquid
1488 1255 1546 1275 au-

136 1306 223 1332 rum,
250 1307 321 1328 non
350 1303 389 1328 ut
418 1297 522 1341 vulgo
548 1298 632 1328 hanc
661 1299 806 1329 intentio·
871 1305 939 1329 tem
955 1298 1023 1330 vim
1038 1295 1210 1330 excitandi
1225 1296 1328 1329 habet
1342 1321 1350 1335 ‚
1366 1295 1402 1328 id
1418 1298 1545 1327 aculeus

136 1359 217 1379 nem.
231 1346 276 1379 H.
871 1349 1012 1383 dicitur.
1033 1350 1099 1382 El).

150 1474 1527 1488 sumummmwsmsoetmmvvsmxumummmuxmmmnws

789 1611 890 1666 VI.

139 1759 411 1794 Laurentinum
424 1787 433 1803 ‚
454 1767 613 1808 propter
632 1758 846 1794 studiorum
867 1766 1052 1793 secretum
1066 1786 1075 1802 ,
1098 1757 1254 1806 reliquis
1278 1757 1429 1807 praediis
1448 1770 1549 1806 prae—

193 1823 275 1858 fert.
300 1822 475 1858 Jucunda
496 1831 530 1857 et
554 1822 747 1871 ingeniosa
770 1822 940 1871 epistola.
965 1821 1194 1857 Dominatur
1217 1834 1370 1870 quoque
1391 1829 1549 1857 venusta

196 1885 369 1935 quaedam
389 1886 627 1935 simplicitas,
645 1894 682 1921 et
701 1886 837 1921 leniter
852 1885 984 1921 defluit
1001 1885 1134 1921 oratio.
1160 1887 1230 1921 En.

455 2024 492 2052 C.
530 2023 766 2052 PLINIUS
800 2023 1011 2052 NASONI
1046 2023 1148 2051 SUO
1184 2023 1220 2051 S.

204 2139 344 2181 Tuscl
368 2136 581 2197 grandine
609 2137 800 2191 excussi3
828 2137 872 2178 in
895 2135 1074 2195 regione
1090 2135 1406 2195 Transpadana
1435 2154 1551 2180 sum-

143 2226 212 2254 ma
241 2210 509 2254 abundantia
529 2246 540 2265 ‚
573 2210 646 2254 sed
682 2227 761 2270 par
788 2208 928 2252 vilitas
960 2209 1192 2251 nuntiatur
1226 2225 1234 2250 :
1269 2208 1408 2253 solum
1442 2211 1551 2253 mihi

142 2282 464 2326 Laurentinum
486 2300 632 2326 mcum
657 2283 701 2326 in
721 2281 879 2325 reditu.
906 2280 1027 2325 Nihil
1055 2281 1231 2340 quidem
1262 2281 1321 2324 ibi
1351 2283 1550 2342 possideo
1578 2306 1595 2324 2

189 2409 253 2441 VI.
281 2421 310 2441 ι.
337 2410 503 2440 Grandine
528 2411 663 2440 excussi.
692 2409 811 2441 Horat.
879 2407 1131 2452 χαλαζοβ).ἤσειν
1149 2411 1326 2453 μελλόντων
1345 2415 1461 2453 νεφῶν·
1483 2410 1548 2454 leg.

144 2461 261 2494 Carm.
282 2461 353 2500 III,
378 2474 409 2500 1,
432 2474 473 2503 29
488 2485 496 2500 ,
515 2463 694 2493 verberatae
715 2474 814 2505 gran·
880 2461 1164 2504 χαλαζοβολῆσειν.
1181 2460 1373 2505 Asclepiad.
1394 2461 1427 2492 in
1448 2462 1549 2494 Anat.

145 2516 218 2546 dine
233 2515 350 2551 vineoe,
363 2513 552 2558 Geoponic.
568 2514 599 2553 I,
614 2518 653 2554 14
664 2538 672 2553 ‚
689 2526 705 2546 α
720 2539 729 2553 ,
744 2516 814 2548 οὔτε
883 2512 1034 2545 Brunck·
1052 2513 1094 2545 T.
1115 2513 1131 2544 l
1146 2538 1154 2552 ‚
1175 2525 1211 2558 p.
1230 2515 1306 2545 216.
1328 2515 1408 2558 Νίῳε
1420 2541 1429 2555 ,
1450 2521 1552 2558 χαλα-

144 2568 163 2603 ἡ
186 2567 350 2613 ἄμπελος,
377 2569 447 2601 οὔτε
478 2568 521 2601 τὰ
550 2569 727 2612 σπέρματα.
752 2569 814 2601 ὑπὸ
882 2568 1022 2608 ζοβόλει,
1037 2573 1102 2599 etc.
1124 2566 1297 2599 Plutarch.
1316 2566 1460 2598 Morsr.
1479 2568 1550 2609 III,

146 2621 287 2662 χαλάζης
319 2618 564 2657 &Simo-'ioman
601 2619 711 2652 Graeci
747 2633 817 2653 uno
882 2630 917 2663 p.
944 2632 1004 2658 10,
1033 2618 1292 2665 ed.Wytte1:b.
1316 2621 1391 2663 νέφη
1416 2623 1553 2663 χαλαζο-

148 2672 253 2703 verbo
273 2675 570 2716 χαλαζοβολεῖσθαι.
591 2673 699 2706 Clem.
719 2673 814 2706 Alex.
885 2673 976 2713 βόλα-
998 2672 1033 2704 S.
1056 2692 1099 2696 —-
1114 2676 1182 2704 Par
1199 2674 1320 2704 ‘vilicum
1338 2670 1415 2703 Non
1440 2673 1554 2705 minus

149 2716 275 2751 Strom.
307 2720 350 2752 L.
371 2720 422 2752 VI
436 2745 444 2761 ‚
470 2733 505 2765 p.
529 2720 617 2764 754,
638 2719 697 2755 ed.
727 2721 817 2755 Pott.
884 2736 1038 2764 summa,
1054 2737 1159 2770 quam
1174 2733 1224 2758 est
1237 2723 1461 2758 abundantia.
1475 2725 1555 2759 Haec

1280 2783 1353 2833 14⁴
