1742 2989
0 2948 8 2989 ff
0 2929 8 2938 =
0 2622 7 2913 oe<.-——-q—
0 2604 1 2609 Α
0 2579 1 2589 ⁴

632 235 979 277 EPISTULA
1017 236 1067 277 V.
1500 237 1551 280 81

151 326 332 376 ceptum
367 315 446 358 tibi
483 315 586 358 ferri
610 315 760 375 jubeo.
789 317 881 359 Nec
907 327 998 372 est,
1027 315 1147 377 quod
1175 318 1360 359 verearis
1375 352 1392 377 Ι,
1426 334 1478 361 ne
1505 319 1558 362 sit
1583 335 1602 367 3

150 390 257 433 mihi
279 391 359 433 ista
378 405 562 432 onerosa
583 388 775 432 donatio.
797 391 910 433 Sunt
929 389 1106 451 quidem
1128 390 1310 433 omnino
1329 390 1455 434 nobis
1473 408 1559 435 mo-

149 463 256 507 dicae
278 462 507 507 facultates
524 497 534 517 ,
557 462 747 523 dignitas
768 473 1023 523 sumptuosa
1041 498 1052 519 ,
1073 462 1237 506 reditus
1257 473 1438 524 propter
1458 481 1559 508 con-

148 535 360 580 ditionem
378 534 620 596 agellorum
635 571 646 591 ,
667 536 814 579 nescio
834 538 994 593 minor,
1007 554 1062 580 an
1086 537 1293 580 incertior
1315 554 1323 579 τ
1347 537 1421 581 sed
1440 538 1559 598 quod

148 619 287 653 cessat
311 626 363 653 ex
387 608 532 652 reditu
548 643 560 664 ,
589 608 840 670 frugalitate
865 610 1097 671 suppletur
1127 628 1135 653 :

1167 627 1220 653 ex
1246 627 1332 670 qua
1349 645 1359 665 ,
1390 610 1510 654 velut
1536 629 1558 654 e

148 681 291 737 fonte,
318 681 554 726 liberalitas
580 692 731 726 nostra
757 682 964 728 decurrit.
991 684 1100 740 Quae
1126 693 1275 727 tamen
1304 684 1362 727 ita
1390 694 1557 745 tempe·
1581 702 1600 738 4

146 755 284 799 randa
300 765 388 811 est,
407 772 462 799 ne
483 757 621 800 nimia
640 755 894 816 profusione
914 759 1130 801 inarescat
1150 775 1158 801 ε
1178 757 1253 801 sed
1271 758 1559 818 temperanda

146 829 190 871 in
213 828 330 884 aliis3
357 830 402 872 in
428 839 470 873 te
497 846 600 873 vero
626 829 750 874 facile
776 831 887 874 ratio
914 831 1157 886 constabit,
1182 832 1351 874 etiamsi
1376 831 1557 876 modum

143 904 386 946 excesserit.
413 902 537 947 Vale.

142 1028 223 1062 dem
242 1037 291 1062 est
313 1042 320 1062 :
339 1038 546 1075 procurator
566 1030 668 1064 Plinii
687 1043 815 1076 expun-

142 1089 198 1126 get
208 1082 244 1114 in
252 1082 446 1115 rationibus
458 1095 584 1115 nomen
598 1083 732 1116 Calvini
745 1096 815 1116 non

143 1134 257 1167 minus
271 1160 279 1175 ,
298 1148 404 1180 quam
422 1135 448 1167 si
467 1136 618 1168 solutum
635 1143 721 1168 esset
737 1147 744 1167 :
760 1136 816 1168 vel

143 1199 315 1220 summam
326 1187 420 1220 illam
433 1188 598 1233 pecuniae,
613 1189 712 1234 quasi
723 1200 817 1221 acce-

141 1247 237 1284 ptam
273 1252 291 1272 a
317 1240 461 1273 Calvino
479 1266 487 1280 ,
515 1253 699 1286 expensam
730 1241 816 1273 feret

142 1292 208 1337 ipsi
224 1292 348 1325 Plinio.
366 1293 537 1326 Caeterum
548 1297 649 1337 jubeo
664 1295 813 1339 praetuli-

141 1357 219 1377 mus
233 1343 473 1388 alterijubebo,
489 1346 595 1391 aequis
609 1347 697 1380 forte
710 1347 814 1380 libro-

140 1409 219 1429 rum
241 1396 405 1442 praesidiis
424 1398 524 1438 nixo3
545 1398 639 1443 quod
665 1398 751 1432 illud
771 1400 813 1432 si-

140 1448 360 1494 gnificantius
372 1457 404 1483 et
417 1451 608 1495 expressius
622 1450 811 1493 videretur,

141 1501 172 1534 si
188 1515 257 1534 non
275 1502 432 1535 futurum
449 1502 616 1548 quiddam
636 1505 813 1549 promitte-

139 1561 212 1595 ret,
229 1554 288 1588 sed
304 1555 371 1588 hoc
388 1555 499 1601 ipsum
517 1557 616 1601 quasi
633 1557 808 1603 chirogra-

139 1601 233 1646 phon
250 1609 282 1635 et
295 1603 565 1636 instrumentum
577 1616 645 1636 suae
655 1605 813 1640 volunta-

139 1654 181 1686 xis
203 1654 361 1687 mitteret.
383 1654 427 1688 G.
449 1676 494 1680 —-
512 1657 610 1689 Rom.
640 1662 811 1701 Acceptum

157 1786 312 1797 ιιιινιιη
318 1787 519 1798 xxa-smum
524 1790 839 1801 ================

881 1033 1139 1076 ribifierijubeo.
1157 1031 1200 1064 H.
1217 1052 1260 1056 -—
1275 1033 1327 1065 Sic
1344 1033 1461 1078 plures
1477 1032 1557 1065 libri

881 1095 901 1115 a
915 1083 1029 1116 Cortio
1042 1083 1196 1128 inspecti.
1212 1084 1336 1116 Probo.
1350 1086 1385 1118 S.

930 1138 961 1168 3.
984 1138 1035 1166 Ne
1055 1138 1097 1167 sic
1115 1137 1207 1167 milzi.
1225 1162 1230 1168 .
1248 1161 1255 1167 .
1272 1139 1435 1170 anodicoe.
1457 1139 1555 1171 Rom.

883 1190 932 1218 Ne
944 1189 986 1218 sic
997 1189 1076 1219 mihi
1088 1201 1221 1220 onerosa
1239 1191 1300 1220 [sta
1316 1191 1462 1222 donatio.
1479 1194 1559 1223 Sanc

882 1243 1010 1282 quidem
1030 1243 1119 1272 nobis
1135 1243 1263 1273 omm‘no
1284 1244 1430 1275 modicoe.
1450 1242 1494 1275 H.
1512 1264 1557 1268 -—

880 1293 992 1326 Probo
1015 1292 1173 1326 ordinem
1193 1293 1381 1326 verborum
1401 1306 1410 1335 3
1438 1295 1554 1340 sieque

880 1346 1007 1389 partim
1031 1345 1068 1377 in
1094 1345 1270 1378 Cortiana.
1298 1346 1332 1379 S.
1356 1366 1401 1371 —-
1424 1350 1515 1379 Velut
1541 1362 1557 1379 e

870 1399 980 1440 fimce.
1000 1399 1099 1430 Rom.
1118 1400 1210 1429 Velut
1223 1399 1380 1441 exfimte.
1397 1398 1441 1431 H.

928 1457 957 1486 4,
981 1452 1074 1482 Βιιῑὶο
1093 1452 1263 1482 constabit.
1281 1451 1431 1496 Accepta
1453 1459 1485 1484 et
1503 1465 1557 1485 ex—

878 1514 985 1547 pensa
1009 1515 1086 1535 mea
1114 1503 1202 1536 bene
1227 1503 1434 1536 convenient
1450 1530 1458 1545 ,
1489 1518 1554 1538 nec

878 1555 1027 1588 multum
1039 1555 1234 1589 detrimenti
1243 1568 1298 1588 res
1310 1569 1392 1589 meae
1404 1557 1553 1602 capient,

879 1608 1014 1641 etiamsi
1028 1609 1063 1641 in
1077 1616 1110 1641 te
1124 1608 1354 1654 gratificando
1369 1609 1416 1654 [in
1427 1611 1555 1655 gratifi-

879 1660 991 1693 cando
998 1662 1068 1694 tibi.
1080 1662 1125 1706 S.]
1139 1660 1282 1695 modum
1291 1664 1502 1696 excesserim.
1514 1665 1552 1697 E.

842 1793 1125 1806 Ἃνιινυκι-νινγι
1131 1795 1369 1805 vvsmsmsvmx
1375 1796 1413 1806 vs
1418 1796 1535 1806 ιιιιιι

138 2065 287 2099 Partem
313 2064 521 2109 orationis,
548 2079 620 2114 qua
652 2067 811 2115 patriam
842 2067 1085 2113 defenderat,
1109 2071 1397 2120 perpoliendam
1426 2074 1548 2112 mittit.

191 2127 293 2173 Quid
309 2128 347 2164 in
365 2142 408 2164 ca
427 2129 671 2178 dijudicanda
686 2133 848 2181 spectari
866 2133 1103 2182 potissimum
1121 2136 1231 2182 velit,
1254 2138 1428 2187 exponit,
1445 2139 1552 2176 locis»

191 2204 282 2240 que,
299 2205 461 2241 quorum
483 2195 816 2244 reprehensionem
836 2197 1046 2245 metuebat,
1063 2199 1321 2238 defensionen]
1340 2212 1460 2252 parat.
1480 2208 1546 2242 En.

432 2327 471 2355 C.
511 2328 740 2356 PLINIUS
785 2330 1046 2360 LUPERCO
1082 2333 1185 2361 SUO
1222 2334 1255 2361 S.

202 2440 453 2482 ACTmNEM
471 2448 513 2480 et
533 2455 555 2481 a
573 2449 614 2481 te
632 2440 884 2500 frequenter
900 2442 1182 2504 efflagitatam
1200 2480 1209 2499 ,
1234 2456 1277 2489 et
1299 2463 1323 2489 a
1346 2463 1414 2489 me
1437 2464 1547 2509 szepe

139 2512 396 2569 promissam
423 2511 600 2555 exhibui
630 2513 734 2569 tibi,
761 2531 849 2557 non
878 2525 1024 2560 tamen
1051 2527 1187 2562 totam
1219 2537 1227 2562 :

184 2635 229 2668 V.
245 2650 256 2668 ι
267 2663 274 2670 .
288 2640 463 2671 Actionem.
477 2640 554 2671 Non
566 2652 638 2671 esse
649 2652 723 2671 eain
736 2653 810 2672 ors.-

140 2687 267 2720 1ionem
282 2714 291 2729 ,
312 2689 355 2722 (le
374 2703 442 2735 qua
462 2692 498 2730 l,
516 2694 535 2723 δ’
550 2716 558 2730 ,
580 2699 671 2724 recte
692 2701 808 2726 monet

139 2739 382 2786 Heusingerus.
412 2743 454 2776 G.
483 2765 488 2768 -
509 2765 514 2767 -

334 2802 366 2841 Ι.

560 2747 652 2776 :ictio
665 2771 672 2782 ,
704 2758 807 2790 quain

1258 2519 1402 2563 adhue
1431 2523 1544 2566 enim

875 2643 1023 2687 Luperci
1045 2644 1173 2689 judicio
1195 2645 1296 2678 tradit
1310 2647 1440 2680 Plinius
1452 2674 1460 2689 ‚
1476 2650 1548 2682 sine

876 2696 945 2727 ulla
966 2697 1100 2729 ratione
1120 2711 1159 2730 ea
1180 2699 1282 2730 fuisse
1302 2699 1453 2733 creditur
1471 2715 1547 2734 ora-

875 2747 921 2780 lio
936 2773 944 2787 ‚
961 2761 1029 2793 qua
1049 2750 1291 2784 bibliothecam
1311 2753 1344 2784 in
1365 2755 1470 2797 patria
1493 2755 1547 2788 ‹le-

1326 2808 1354 2850 (i
