1742 2989
254 205 341 266 3272
659 204 705 246 C.
742 203 967 246 PLINII
1002 202 1124 246 LIB.
1160 205 1245 247 VI.

252 287 608 346 impetraveram,
631 294 761 344 atque
781 284 911 326 etiam
935 283 1229 344 proficiscenti
1252 284 1541 346 quadraginta
1563 286 1651 332 mil—

249 357 306 403 lia
337 375 565 402 nummum
595 357 649 401 ad
683 356 987 400 instruendum
1017 373 1061 401 se
1092 357 1427 418 ornandumque
1464 359 1651 404 donave-

248 448 368 485 ram;
396 448 476 475 nec
501 440 653 491 postea
675 439 751 473 aut
775 428 978 490 epistolas
1004 429 1122 489 ejus⁷
1147 440 1221 474 aut
1244 430 1431 491 aliquem
1456 431 1509 475 de
1532 433 1649 476 exitu

203 512 221 547 4
246 504 450 547 nuntium
477 504 640 563 accepi.
676 505 1006 563 Interceptusne
1034 503 1088 546 sit
1122 520 1146 547 a
1180 505 1293 559 suis⁷
1322 521 1376 548 an
1406 522 1505 548 cum
1538 507 1648 559 suis,

246 576 429 620 dubium
451 594 459 620 :
487 586 604 620 certe
629 593 717 620 non
738 576 828 636 ipse
842 611 853 627 ,
875 593 963 619 non
988 577 1219 637 quisquam
1239 596 1291 622 ex
1311 580 1443 622 servis
1464 580 1556 638 ejus
1575 596 1650 640 ap-

246 651 404 709 paruit.
428 650 611 693 Utinam
637 666 691 692 ne
718 650 761 692 in
790 649 988 693 Robusto
1016 649 1130 692 idem
1160 648 1457 711 experiamur!
1483 654 1648 695 Tamen

200 726 217 756 5
245 737 512 765 arcessamus
536 724 762 766 Scaurum.
785 723 952 765 Demus
974 722 1057 766 hoc
1079 723 1346 778 tuis‚demus
1370 724 1525 783 optimi
1547 723 1645 767 ado-

245 792 444 838 lescentis
468 794 785 838 honestissimis
805 795 1028 854 precibus,
1044 796 1118 855 qui
1139 796 1300 856 pietate
1323 812 1515 852 summa,
1537 796 1645 840 mira

241 869 372 911 etiam
404 868 664 928 sagacitate,
689 877 860 929 patrem
887 868 1056 928 quaerit.
1085 869 1158 911 Dii
1188 868 1382 924 faveant,
1408 878 1456 912 ut
1485 869 1544 912 sic
1576 869 1643 911 in-

242 942 387 984 veniat
412 942 581 1001 ipsum,
609 941 981 1002 quemadmodum
1003 942 1118 1001 jam,
1145 959 1244 985 cum
1271 959 1356 1002 quo
1383 942 1555 996 fuisset,
1575 943 1643 985 in-

240 1011 376 1056 venit!
393 1012 516 1056 Vale.

239 1129 321 1161 alias
335 1129 673 1162 observmnus.G.—
686 1131 911 1172 Quadraginta
1023 1150 1068 1154 —-
1093 1132 1221 1161 Utinam
1251 1142 1290 1160 ne
1315 1132 1346 1161 in
1375 1132 1523 1162 Robusto.
1546 1131 1644 1163 Rom.

239 1184 339 1212 millia
350 1195 522 1213 nummum.
535 1181 590 1214 Sic
605 1190 637 1214 et
646 1183 741 1214 Rom.
752 1189 855 1214 recte.
865 1182 907 1213 H.
980 1185 1108 1214 Utinam
1123 1194 1161 1212 ne
1174 1184 1325 1221 Robusto,
1341 1182 1413 1214 sine
1426 1184 1468 1214 in.
1483 1182 1527 1214 H.

238 1234 368 1267 ——Satis
380 1234 534 1278 pecuniae
546 1233 591 1266 ad
604 1234 844 1267 instruendum
856 1247 909 1267 or-
1022 1235 1053 1268 5.
1073 1237 1135 1276 Qui
1151 1236 1270 1276 pietate
1291 1247 1430 1271 summa,
1453 1236 1535 1265 mira
1550 1235 1645 1265 etiam

239 1284 464 1332 mandumque
483 1287 732 1320 centurionem.
749 1287 802 1319 Al,
819 1287 909 1320 male
973 1289 1162 1330 sagacitate.
1194 1288 1291 1320 Rom.
1323 1289 1384 1329 Qui
1407 1288 1533 1329 pietate
1563 1288 1645 1318 mim

237 1339 471 1380 quadringenra
487 1340 589 1370 millia
603 1352 774 1371 nummum.
796 1339 829 1372 S.
974 1342 1070 1371 etiam
1100 1342 1287 1382 sagacitate.
1309 1340 1353 1372 H.
1371 1359 1417 1364 ——
1438 1339 1492 1372 Sic
1515 1345 1547 1371 et
1567 1338 1642 1378 alii,

284 1394 302 1429 4
311 1415 316 1421 .
326 1393 566 1432 Interceptusne
575 1393 616 1422 sit
626 1404 646 1422 a
657 1394 731 1423 suis.
744 1392 908 1423 Necatus·
974 1392 1078 1424 semel
1091 1391 1201 1436 posito
1216 1390 1401 1437 adjectivo,
1417 1390 1511 1436 quod
1521 1390 1644 1423 iteran-

238 1452 279 1473 ηε
304 1441 345 1473 sit
368 1454 385 1473 a
416 1443 521 1474 servis
555 1443 638 1476 suis.
666 1444 807 1476 Tacitus
834 1442 904 1476 Vit.
974 1443 1057 1476 dum
1070 1451 1155 1476 erat.
1170 1444 1341 1476 Nimirum
1355 1443 1530 1476 Mediceus
1542 1456 1549 1476 ε
1562 1444 1643 1489 «qui

242 1494 350 1537 agric.
366 1506 442 1539 cap.
461 1495 574 1527 XLIII
590 1506 597 1527 :
617 1496 797 1541 «Augebat
811 1496 908 1529 mise·
973 1495 1096 1540 pietate
1124 1496 1209 1527 mira
1222 1519 1230 1534 ,
1260 1496 1361 1528 etiam
1392 1496 1575 1540 sagacitate
1596 1508 1603 1528 :
1621 1512 1634 1523 »

236 1546 401 1577 rationem
423 1555 585 1579 constans
601 1561 720 1581 rumor
734 1573 742 1588 ⁷
771 1561 906 1581 veneno
972 1561 1077 1593 quarn
1088 1548 1269 1580 lectionem
1280 1548 1415 1581 Cortius
1429 1556 1461 1580 et
1471 1548 1641 1593 Gicrigius

235 1598 486 1642 interceptum.»
497 1600 529 1633 S.
971 1601 1203 1634 adsciverunt.
1218 1600 1252 1633 S.

250 1713 261 1722 ἱ
270 1713 322 1723 ἱππ
330 1714 1155 1726 vnusxtvswuxzmwvnuvusuxuoesmwuwswm
1161 1715 1622 1726 xmmusswxsvwmmm

810 1829 1048 1885 XXVI.

617 1971 840 2006 Gratulatur
859 1970 1041 2007 Serviano
1063 1982 1255 2018 generum.

488 2100 525 2128 e.
563 2101 793 2129 PLINIUS
829 2101 1112 2130 sssnv1ANo
1148 2084 1166 2102 ⁴*
1202 2101 1305 2129 suo
1341 2101 1373 2128 s.

296 2210 549 2257 GAUDEO,
588 2218 631 2251 et
666 2206 883 2267 gratulor,
916 2207 1032 2267 quod
1064 2209 1203 2250 Fusco
1231 2199 1464 2250 Salinatori
1499 2208 1631 2252 filiam

232 2291 349 2323 {uam
365 2279 601 2322 destinasti.
621 2281 790 2322 Domus
815 2280 1016 2339 patricia3
1037 2289 1160 2339 pater
1175 2279 1527 2335 honestissinms3
1545 2297 1633 2323 ma-

233 2363 296 2395 ter
319 2353 412 2412 pari
438 2351 575 2394 laude.
602 2354 699 2411 lpse
731 2362 793 2394 cst
825 2352 1067 2405 studiosus,
1094 2351 1311 2406 literatus,
1335 2352 1465 2394 etiam
1493 2352 1630 2394 diser-

231 2434 296 2468 tus
318 2441 326 2467 :
348 2441 457 2484 puer
478 2422 753 2483 simplicitate
768 2459 777 2476 ‚
800 2426 1004 2467 comitate
1025 2425 1199 2484 juvenis
1215 2459 1225 2477 .,
1247 2440 1377 2467 senex
1397 2425 1629 2484 gravitate:

274 2536 402 2571 XXVI.
416 2540 429 2553 '¹
453 2540 600 2569 Set-viam»
633 2537 767 2581 scripsit
794 2538 893 2570 etiam
961 2538 1163 2571 &mistum
1172 2540 1342 2581 gravitate.
1354 2540 1450 2570 Rom.
1466 2540 1630 2570 Gravitate

231 2592 278 2623 ΠΙ
291 2616 299 2630 ,
316 2604 369 2635 ep.
391 2591 520 2634 17.F.1).
960 2603 1066 2622 seneae.
1082 2590 1126 2622 H.
1142 2611 1186 2615 -—-
1200 2591 1345 2623 Praefero
1364 2597 1519 2622 nostrum
1540 2590 1628 2622 ordi-

276 2656 303 2675 τ,
325 2648 391 2683 lyme
414 2653 460 2674 est
477 2645 644 2674 studiosus.
670 2641 723 2673 Sic
744 2649 774 2672 ot
792 2643 891 2674 Rom.
960 2655 1052 2675 ueni.
1068 2644 1102 2676 S.
1116 2664 1158 2667 ψ
1171 2644 1220 2676 De
1233 2645 1413 2684 eloquentia
1433 2642 1533 2674 Fusci
1554 2641 1625 2674 vid.

227 2696 265 2726 ἐξ.
285 2716 329 2719 -—
344 2696 481 2727 Prrestat
504 2693 608 2727 Cot-tii
635 2697 703 2736 Ipse
725 2696 890 2725 srmlimm.
961 2707 1063 2739 supra
1082 2707 1133 2739 ep.
1156 2707 1208 2734 11,
1229 2708 1257 2727 2.
1278 2695 1343 2726 ΕΙ).
