1742 2989
566 179 911 223 EPISTOLA.
946 182 1082 225 XVI.

1437 184 1526 229 355

124 258 374 318 frequenter
399 259 700 302 interaestuans
727 271 832 304 erat.
853 262 939 305 Ubi
966 262 1056 305 dies
1082 262 1275 305 redditus
1302 264 1354 324 (is
1380 266 1433 308 al)
1455 283 1529 318 eo,
1558 288 1599 306 20

123 348 252 391 quem
293 332 525 375 novissime
557 332 753 388 viderat,
788 335 968 394 tertius)
1006 351 1165 394 corpus
1200 336 1430 380 inventum
1468 349 1531 382 est

123 404 368 464 integrum,
398 403 576 447 illaesum
608 416 921 467 opertumque,
953 418 1002 451 ut
1031 408 1173 451 fuerat
1203 408 1383 453 indutus

1411 429 1417 453 :
1450 412 1530 454 ha-

123 476 239 520 bitus
269 478 464 538 corporis
493 479 757 538 quiescenti,
780 497 912 540 quam
941 481 1173 534 defuneto,
1196 482 1393 526 similior.
1418 487 1530 527 Inte·
1561 505 1597 525 21

123 550 206 592 rim
232 552 391 594 Miseni
419 567 499 611 ego
528 561 569 594 et
596 563 746 595 mater.
774 553 857 596 Sed
887 553 995 596 nihil
1023 553 1077 596 ad
1104 554 1355 608 historiam,
1379 572 1460 598 nee
1486 566 1533 598 tu

122 621 266 678 aliud,
292 640 423 683 quam
447 623 499 666 de
525 625 643 667 exitu
665 626 783 685 ejus,
808 626 917 669 scire
947 625 1135 669 voluisti.
1161 627 1314 669 Finem
1342 644 1446 688 ergo
1474 628 1533 671 fa·
1563 651 1601 671 22

123 696 247 738 ciam.
278 697 429 739 Unum
465 696 692 757 adjiciam,
722 699 870 742 omnia
901 716 994 753 me,
1034 699 1194 759 quibus
1226 700 1534 752 interfueram,

123 785 306 829 quaeque
336 771 483 813 statim
502 805 513 822 ⁷
541 788 676 830 quum
706 773 894 815 maxime
924 789 1025 815 vera
1057 782 1378 823 memorantur,
1408 774 1535 816 audi-

123 858 295 893 veram,
316 859 416 885 vere
448 854 777 903 persequutum.
801 847 869 888 Tu
900 845 1127 904 potissima
1157 861 1374 904 excerpes.
1405 845 1536 889 Aliud

124 924 186 957 est
214 914 331 957 enim
363 915 591 974 epistolam
609 951 620 970 ,
653 916 772 960 aliud
804 917 1056 971 historiam3
1085 916 1203 959 aliud
1230 918 1393 971 amico,
1418 916 1536 960 aliud

124 987 330 1030 omnibus
357 989 559 1032 seribere.
578 989 699 1033 Vale.

123 1123 231 1160 feras,
251 1122 316 1154 nisi
334 1121 378 1155 ad
398 1123 588 1168 singultum
608 1132 639 1156 et
658 1132 796 1163 ructus,

121 1186 197 1218 quae
229 1183 377 1220 utraque
414 1176 529 1209 sedem
559 1177 592 1208 in
622 1177 680 1210 illo
695 1202 703 1217 ‚
734 1190 798 1210 nec

121 1239 271 1272 usquam
281 1236 446 1273 praeterea
460 1254 468 1268 ‚
482 1229 624 1262 habent.
637 1229 702 1263 Sed
715 1243 799 1275 quo-

121 1279 226 1312 modo
242 1280 298 1312 hic
311 1281 511 1314 stomashus
528 1282 643 1314 claudi
658 1296 673 1314 a
693 1283 799 1315 sulfu-

123 1344 182 1364 reo
193 1345 322 1376 vapore
334 1335 483 1378 potuerit
495 1359 502 1373 ‚
517 1334 694 1379 quomodo
706 1336 799 1368 clau-

124 1396 197 1417 sum
211 1385 427 1419 stomachum
441 1387 504 1419 cita
517 1400 608 1420 mors
620 1389 799 1433 consequi,

123 1450 193 1470 non
214 1446 369 1483 apparet.
394 1440 525 1484 Nempe
550 1452 674 1485 parum
700 1449 800 1474 natu-

124 1501 168 1521 rae
180 1497 306 1522 nostrae
321 1490 499 1524 consultus
513 1500 585 1536 erat
598 1493 778 1526 Secundus
790 1519 798 1532 ,

125 1542 183 1586 qui
202 1542 368 1581 nesciret,
383 1543 477 1587 quod
494 1544 681 1578 clarissime
694 1544 800 1577 hodie

126 1594 312 1627 ostendunt
321 1595 461 1639 medici,
474 1598 668 1631 constrictis
680 1598 723 1630 ab
734 1598 800 1630 aci-

127 1645 269 1679 dissimo
285 1648 425 1680 sulfuris
441 1649 592 1682 ardentis
606 1663 734 1696 vapore
748 1659 799 1683 tu-

128 1699 215 1731 uicis
222 1701 355 1732 nerveis
364 1713 523 1734 vasorum
534 1703 800 1748 pulmonalium‚

128 1763 203 1796 quae
219 1763 293 1784 aera
311 1752 393 1785 alias
408 1753 618 1795 adniit111··t;
633 1764 663 1788 et
678 1755 799 1789 inflata

127 1803 245 1836 laxant
268 1805 444 1849 sanguinis
471 1807 682 1840 canaliculos
696 1833 704 1847 ‚
731 1808 799 1840 cir-

129 1855 246 1888 culum
263 1857 359 1889 illurn
376 1866 408 1889 et
422 1868 653 1892 commeatum
669 1860 804 1904 sangui-

128 1907 180 1940 nis
193 1933 201 1946 ,
220 1920 290 1952 quo
304 1909 373 1943 vita
388 1918 505 1944 nostra
521 1912 717 1945 continetur
729 1937 737 1951 ‚
755 1912 803 1944 in-

133 1960 277 1994 ercludi.
301 1962 344 1994 G.
359 1984 404 1988 —
416 1968 444 1995 E
449 1966 656 2007 cfrequenter
671 1969 799 1997 interoe-

863 1134 973 1156 stuans
988 1133 1067 1155 erat.
1084 1125 1182 1155 Rom.
1203 1125 1442 1166 chrequenter
1455 1126 1537 1155 intus

864 1186 1004 1208 (estuans
1021 1186 1102 1208 erat.
1118 1175 1162 1208 H.

914 1242 967 1261 20.
988 1231 1047 1260 Chi
1067 1231 1134 1260 dies
1143 1252 1267 1260 ......
1278 1230 1397 1259 tertius.
1421 1229 1475 1261 Sic
1496 1227 1538 1260 de

864 1282 1004 1314 AEtnaeis
1028 1281 1165 1325 ignibus
1191 1280 1311 1313 Cicero
1337 1280 1381 1313 de
1407 1282 1540 1313 Natura

866 1335 908 1366 D.
928 1335 961 1366 II
979 1359 987 1372 ‚
1007 1346 1083 1378 cap.
1112 1334 1150 1366 38
1166 1358 1174 1372 ,
1199 1336 1299 1374 Quum
1320 1342 1427 1364 autem
1447 1335 1538 1364 tertio

867 1389 920 1418 die
936 1390 986 1418 sol
998 1388 1166 1417 illuxisset.
1185 1384 1228 1416 G.

916 1452 952 1472 21
964 1466 970 1471 .
988 1440 1121 1470 Interim
1143 1439 1267 1469 Miseni.
1289 1436 1393 1478 Quod
1407 1437 1463 1469 hic
1483 1437 1540 1469 ab-

866 1491 995 1536 rumpit
1008 1497 1127 1523 auctor
1138 1514 1146 1529 ,
1158 1491 1376 1534 persequitur
1391 1501 1469 1521 mox
1484 1502 1537 1534 ep.

870 1557 925 1577 20.
941 1543 982 1575 G.

916 1609 970 1628 22.
994 1596 1186 1626 Audiveram
1197 1619 1205 1631 ‚
1221 1606 1298 1625 vere
1302 1603 1538 1636 perseqautztm.

864 1651 964 1681 Rom.
990 1649 1187 1683 Audieram,
1215 1656 1436 1688 persecutum,
1470 1646 1541 1678 sine

866 1700 1032 1734 adverbio
1054 1712 1149 1736 vere,
1175 1710 1281 1742 quum
1308 1710 1389 1728 vera
1415 1710 1541 1742 praece-

866 1754 936 1787 dat.
949 1752 1045 1784 Idem
1057 1759 1090 1783 et
1101 1750 1208 1782 Aldus
1216 1750 1367 1782 exclusit.
1377 1749 1542 1794 H.—-Ego

867 1818 940 1838 non
972 1802 1167 1837 excludam.
1198 1801 1438 1845 Significanter
1468 1802 1539 1834 Pli—

868 1859 947 1890 nius
962 1882 970 1896 ‚
1004 1868 1038 1888 se
1065 1868 1141 1886 vere
1170 1861 1415 1898 persequutum
1430 1879 1438 1892 ‚
1466 1866 1541 1898 quae

870 1923 951 1942 ‘vera
962 1908 1146 1942 audiverit.
1160 1908 1193 1941 S.
1202 1927 1246 1931 —-
1256 1906 1362 1938 Aliter
1374 1919 1466 1938 mors
1478 1906 1542 1938 Pli-

870 1963 919 1996 nii
933 1969 1107 1995 narratur.
1124 1959 1215 1993 Vide
1230 1959 1442 1993 Suetonium.
1462 1959 1529 1991 En.
