1742 2989
622 217 967 260 EPISTULA
1006 218 1059 259 V.

142 304 284 349 studia
309 301 510 346 instantis
539 308 582 342 et
607 299 857 342 deserentis.
885 301 1000 342 Ante
1027 296 1167 340 lucem
1191 297 1282 339 ibat
1308 296 1362 339 ad
1382 299 1548 357 Vespa-

730 388 832 415 nam
863 371 933 415 ille
961 387 1137 431 quoque
1163 370 1366 413 noctibus
1387 367 1549 413 ‘uteba-

142 461 215 495 tur
242 468 250 494 :
278 448 380 493 inde
406 447 460 491 ad
485 446 732 507 delegatum
757 446 837 489 sibi
864 445 1075 489 officium.
1107 446 1323 488 Reversus
1349 443 1551 499 domum,

1464 214 1547 260 153

142 379 312 422 sianum
347 376 655 435 imperatorem
689 389 698 415 ε

143 525 260 585 quod
287 523 503 583 reliquum
534 530 626 564 erat
656 521 888 581 temporis,
926 518 1080 563 studiis
1110 517 1331 561 reddebat.
1358 520 1463 561 Post
1489 518 1550 561 ci-

142 598 247 640 bum
270 613 380 657 saepe
400 596 550 656 (quem
572 593 763 637 interdiu
785 592 923 636 levem
947 601 990 636 et
1010 590 1180 635 facilem
1207 601 1405 635 veterum
1430 607 1552 634 more

143 671 359 729 sumebat)
387 678 556 724 aestate,
578 668 612 711 si
637 667 741 728 quid
765 668 841 710 otii
858 703 869 723 ,
886 666 1061 727 jacebat
1083 666 1128 709 in
1153 665 1241 709 sole
1269 683 1277 709 :
1302 665 1412 708 liber
1434 664 1553 725 lege-

143 744 273 786 batur
295 760 304 787 :
333 742 572 786 adnotabat
597 740 956 801 excerpebatque.
983 738 1106 785 Nihil
1133 740 1249 782 enim
1278 737 1409 798 legit⁷
1435 737 1554 798 quod

143 833 233 859 non
256 825 523 876 excerperet.
542 815 702 859 Dicere
723 815 852 857 etiam
875 813 1064 867 solebat,
1083 811 1251 855 nullum
1278 828 1368 855 esse
1391 810 1552 854 librum

143 899 232 933 tam
261 889 423 932 malum
441 924 452 944 ⁷
480 898 528 932 ut
559 905 649 931 non
686 886 832 947 aliqua
867 896 994 947 parte
1021 886 1257 947 prodesset.
1287 888 1393 929 Post
1418 885 1551 929 solem

143 962 402 1023 plerumque
437 961 595 1022 frigida
625 960 868 1004 lavabatur.
898 959 1070 1004 Deinde
1104 959 1331 1020 gustabat,
1361 958 1552 1002 dormie-

144 1036 304 1096 batque
326 1036 573 1078 minimum.
599 1037 705 1078 Mox
721 1070 732 1090 ⁷
765 1034 888 1094 quasi
908 1033 993 1077 alio
1019 1033 1113 1088 die,
1140 1033 1343 1076 studebat
1358 1033 1401 1075 in
1422 1049 1555 1076 coenae

144 1119 328 1170 tempus.
359 1112 500 1170 Super
524 1110 639 1152 hanc
662 1109 770 1152 liber
789 1107 1039 1168 legebatur,
1056 1107 1376 1161 adnotabatur‚
1405 1115 1449 1149 et
1465 1106 1557 1166 qui-

145 1181 243 1225 dem
276 1183 452 1225 cursim.
486 1182 672 1226 Memini
698 1180 933 1242 quemdam
964 1197 1016 1224 ex
1051 1181 1225 1235 amicis,
1257 1197 1393 1240 quum
1419 1179 1556 1223 lector

145 1255 342 1316 quaedam
363 1273 593 1316 perperam
617 1256 964 1316 pronuntiasset,
992 1271 1214 1298 revocasse
1232 1264 1274 1297 et
1296 1255 1432 1314 repeti
1455 1270 1556 1297 coe-

145 1330 254 1389 gisse
271 1329 397 1372 :huic
416 1328 681 1372 avunculum
697 1345 843 1371 meum
859 1327 1015 1371 dixisse
1027 1364 1038 1383 ,
1057 1329 1355 1372 Izztellexems
1370 1328 1558 1388 nempe?

145 1419 281 1462 quum
306 1401 380 1446 ille
403 1401 647 1457 adnuisset,
670 1404 761 1447 Cur
775 1418 882 1463 ergo
905 1401 1184 1445 revocabas?
1199 1400 1347 1444 decem
1363 1401 1558 1461 amplius

144 1522 198 1554 An
225 1521 326 1567 igitur
352 1522 419 1555 levi
435 1522 626 1555 mutatione
651 1522 712 1565 (cf.
739 1533 820 1554 mox

145 1573 190 1607 ad
219 1575 274 1619 13)
300 1575 513 1620 corrigemus
541 1578 598 1608 sed
621 1577 792 1607 deserentis
804 1581 820 1606 .³

145 1628 222 1660 Non
237 1628 435 1673 puto.Vidit
449 1654 456 1668 ‚
468 1629 610 1674 opinor,
629 1629 699 1673 ipsc
715 1628 820 1660 Erne-

146 1680 228 1712 stius
256 1681 351 1713 hunc
372 1681 575 1727 scopulum,
595 1682 819 1726 interpretan-

146 1732 261 1777 doque
291 1733 414 1766 callide
459 1735 712 1768 circumvectus
755 1740 816 1766 est.

147 1785 317 1830 Equidem
349 1794 449 1820 teneo
481 1787 651 1819 rationem
682 1786 791 1819 Cortii
810 1809 819 1824 ‚

147 1838 330 1882 probatam
347 1839 428 1872 item
450 1840 605 1872 Gesnero
616 1864 624 1879 ,
641 1850 820 1883 nuperque

147 1891 309 1936 Gierigio.
338 1892 433 1933 Quid
464 1892 496 1924 J.
524 1893 565 1924 A.
593 1891 750 1924 Ernestio
777 1890 820 1923 de

148 1944 214 1977 hoc
233 1945 310 1978 loco
330 1945 443 1977 visum
464 1945 505 1978 sit
522 1970 530 1984 ,
551 1944 650 1977 docet
675 1943 821 1976 Gesneri

147 1997 191 2030 ad
208 2010 288 2030 eum
308 1998 473 2043 Epistola.
490 2000 524 2032 S.

196 2063 229 2093 9.
246 2055 333 2083 Nam
347 2053 398 2083 ille
411 2064 539 2095 quoque
552 2053 709 2082 noctibus.
723 2051 819 2082 Rom.

149 2107 235 2135 Nam
266 2106 320 2136 illo
351 2117 478 2147 quoque
503 2106 646 2136 noctibus
659 2128 668 2140 ‚
702 2114 822 2148 perpe-

148 2167 237 2188 ram.
254 2155 298 2188 H.

194 2226 241 2232 —-
262 2211 357 2249 Quod
381 2211 536 2251 reliquum
561 2218 633 2240 erac
659 2210 819 2251 temporis.

150 2262 248 2293 Rom.
270 2264 366 2302 Quod
383 2264 538 2304 reliquum
558 2263 727 2303 temporis,
750 2260 822 2292 siue

150 2313 254 2346 verbo
269 2324 350 2345 erat.
366 2313 410 2346 Η.
430 2335 476 2338 -
489 2314 660 2346 Omittunt
680 2312 821 2358 plurimi

150 2365 252 2398 libri:
270 2374 302 2398 et
324 2366 446 2398 melius
466 2367 573 2399 abest.
597 2366 651 2400 Sic
673 2379 750 2398 mox¹
767 2378 773 2398 :
795 2368 823 2398 si

151 2421 233 2461 quid
249 2421 318 2451 otii.
335 2419 368 2452 S.

203 2484 252 2504 10.
274 2476 350 2503 Post
368 2474 492 2509 cibum;
513 2471 602 2504 circa
625 2470 798 2503 meridiem
812 2497 820 2511 ‚

152 2524 429 2570 interpellantem
447 2532 602 2557 ventrem
622 2524 698 2556 cibo
717 2524 822 2557 levio-

154 2589 190 2609 re
204 2602 213 2617 ‚
238 2590 341 2623 quem
368 2585 496 2610 stantes
518 2576 562 2609 de
582 2589 687 2608 manu
710 2589 823 2609 sume-

155 2629 238 2661 bant
250 2654 258 2669 ,
278 2630 415 2674 placare
435 2630 604 2662 solebant.
620 2630 685 2662 1⁴21).
702 2650 747 2653 —
769 2634 823 2661 Le-

157 2694 229 2713 vem
251 2692 281 2714 ec
290 2684 437 2725 facilem.
460 2688 537 2714 Post
566 2695 659 2724 (suem
677 2684 824 2713 lavanda?

159 2747 220 2765 non
239 2745 311 2768 sunt
328 2749 456 2777 manus,
478 2736 556 2770 Son.
577 2748 631 2781 cp.
655 2735 710 2769 83.
734 2736 824 2768 Lau·

886 1521 945 1554 dat
956 1521 1000 1554 de
1012 1522 1079 1555 hoc
1091 1534 1188 1554 more
1199 1522 1335 1555 Cortius
1348 1522 1420 1554 Jos.
1429 1522 1559 1555 Wasse

885 1574 930 1607 ad
949 1575 1032 1609 Sall.
1055 1574 1097 1608 de
1116 1588 1189 1620 rep.
1211 1574 1326 1608 ordin.
1353 1587 1365 1607 1
1381 1600 1389 1614 ‚
1411 1574 1445 1606 in
1465 1573 1556 1607 Add.

884 1641 964 1674 pag.
985 1629 1049 1662 313
1063 1653 1072 1668 ,
1092 1641 1144 1674 sq.
1160 1628 1204 1661 G.
1220 1649 1264 1652 —
1278 1630 1417 1659 Jacebac
1429 1629 1462 1658 in
1479 1630 1557 1659 sole.

884 1681 964 1714 Haec
979 1683 1139 1724 apl-[catio
1152 1694 1211 1713 seu
1223 1683 1374 1712 insolatio
1388 1687 1560 1719 veterum,

885 1733 1058 1766 diaeteticae
1069 1733 1247 1767 medicinae
1257 1746 1337 1778 pars
1348 1745 1419 1766 non
1430 1743 1557 1777 parva:

886 1785 930 1819 ad
946 1787 1037 1819 hanc
1054 1788 1166 1819 bonus
1180 1788 1411 1818 heliocaminus
1429 1787 1463 1817 II
1475 1810 1484 1825 ,
1504 1797 1559 1829 17,

889 1852 941 1871 πο.
960 1838 1042 1871 Vid.
1061 1839 1099 1871 P.
1116 1839 1295 1871 VictorV.
1315 1839 1355 1870 L.
1375 1838 1457 1871 XXI
1471 1863 1479 1877 ‚
1505 1838 1558 1870 13.

886 1891 929 1924 G.
939 1893 1450 1934 -Aclnotabatexcezpebatque.
1461 1891 1558 1922 Rom.

888 1946 1100 1982 Aclnotabat‚
1119 1946 1313 1987 eaecetpebczt
1328 1943 1372 1976 H.
1390 1965 1434 1968 —
1448 1943 1561 1975 Placet

887 1996 924 2029 h.
943 1996 966 2029 1.
988 1996 1193 2042 asyndeton.
1211 1997 1245 2030 S.

939 2062 992 2082 11.
1017 2052 1189 2081 Gustabat.
1210 2049 1290 2081 Haec
1314 2047 1462 2093 gustatio
1490 2059 1561 2079 non

888 2114 990 2136 coenae
1008 2102 1140 2134 initium
1162 2109 1211 2134 cst
1222 2127 1230 2141 ‚
1250 2114 1308 2134 seu
1318 2102 1490 2145 promulsis
1501 2125 1509 2140 ‚
1525 2108 1562 2132 ut

889 2155 972 2187 alias
993 2166 1001 2187 :
1020 2154 1080 2188 sed
1101 2155 1198 2187 cibus
1219 2155 1328 2188 siccus
1348 2154 1439 2186 inter
1458 2166 1562 2198 pran-

889 2207 985 2240 dium
1001 2215 1033 2240 ct
1048 2220 1179 2241 coenam
1198 2215 1369 2253 sumptus.
1384 2206 1474 2239 Vide
1491 2206 1561 2240 Sal-

888 2273 973 2293 mas.
998 2260 1042 2293 ad
1058 2261 1199 2306 Vopisci
1217 2261 1302 2294 Tac.
1330 2261 1364 2293 II
1378 2286 1386 2300 ‚
1409 2273 1444 2305 p.
1469 2262 1535 2299 614
1550 2284 1559 2298 ,

889 2326 940 2359 sq.
961 2313 1003 2346 G.
1023 2334 1068 2338 -—
1086 2315 1183 2346 Lanx
1205 2313 1432 2358 gustationen]
1453 2311 1561 2344 conti-

886 2368 1194 2410 nensgustatorium
1209 2366 1398 2399 dicebatur.
1413 2366 1441 2396 A
1452 2363 1561 2396 Plinio

888 2428 1002 2452 autem
1018 2419 1107 2452 hanc
1125 2420 1199 2452 vitae
1219 2420 1387 2452 rationem
1406 2430 1477 2450 esse
1496 2428 1562 2448 ser-

888 2480 1001 2505 vatam
1019 2481 1163 2518 apparet
1182 2485 1219 2505 ex
1237 2473 1287 2504 VI
1301 2497 1308 2512 ‚
1324 2484 1376 2516 cp.
1396 2473 1428 2502 (ἶ.
1447 2470 1511 2501 κῖ1).

934 2546 979 2549 —
1006 2530 1106 2567 Super
1136 2528 1230 2557 hanc.
1264 2522 1442 2558 Secundus
1471 2521 1561 2554 infra

888 2577 948 2610 lib.
960 2578 1024 2617 IV,
1038 2590 1092 2622 ep.
1109 2591 1148 2610 22
1162 2603 1170 2618 ⁷
1182 2580 1201 2609 6
1217 2589 1223 2609 ;
1238 2594 1249 2605 «
1265 2577 1311 2608 Dr
1325 2578 1398 2621 ejus
1409 2574 1561 2619 nequitia

890 2630 1185 2675 sanguinariisque
1211 2628 1384 2662 sententiis
1407 2627 1440 2659 in
1468 2638 1562 2658 com-

891 2696 995 2715 mune
1020 2696 1139 2716 omncs
1163 2696 1263 2728 super
1286 2694 1419 2714 coenam
1444 2680 1561 2724 loque-

893 2736 1053 2769 bantur.»
1076 2737 1107 2769 S.

1573 320 1592 350 9

1579 530 1618 551 10

1582 907 1615 927 11

1583 1190 1620 1211 12
