1757 2880
154 120 209 131 πῃ
213 119 368 130 nnus-vs
372 117 865 129 swswsmwwmtmtnnm
869 112 1540 128 wnzmwtmtmwssmtmmwsm

230 242 850 311 TESTIMONIA
901 241 1020 306 ET
1068 235 1465 304 JUDICIA

400 375 643 409 ALIORUM
667 371 1005 408 SCRIPTORUM
1029 369 1297 403 VETERUM.

411 566 728 596 MARTIALIS
763 549 834 593 lib.
865 550 924 603 X,
952 549 1185 608 Epz‘gram.
1221 561 1289 606 19.

372 650 464 693 Nec
490 648 666 691 doctum
693 647 795 690 satis
811 681 821 701 ,
848 656 891 689 et
916 661 1071 705 parum
1098 659 1318 697 severum,

371 721 455 764 Sed
482 737 570 763 non
597 718 854 763 rusticulum
881 719 1009 761 nimis
1036 717 1230 761 libellum

373 793 580 837 Facundo
607 809 705 836 mea
731 791 875 836 Plinio
903 790 1081 846 Thalia,

370 868 415 921 I,
441 865 597 927 perfer.

201 958 419 993 Posteriora
439 957 721 1006 epigrammatis
740 957 858 993 verba
877 964 1008 992 noster
1029 955 1191 1004 epistola
1214 956 1350 991 ultima
1369 954 1458 991 libri
1474 956 1549 1000 III,

150 1027 316 1069 repetiit.

311 1091 503 1132 Ponitur
523 1090 595 1132 [εἰς
618 1090 756 1149 vulgo
782 1103 985 1141 QUINTI
1000 1104 1038 1131 L.
1067 1089 1180 1141 XII,
1212 1103 1289 1142 10,
1321 1104 1335 1130 1
1353 1103 1389 1130 1.

215 1182 330 1225 Hinc
357 1182 444 1225 vim
475 1182 681 1234 Caesaris,
707 1181 897 1224 indolem
926 1180 1108 1233 Caecilii,
1137 1180 1421 1224 subtilitatem
1448 1179 1549 1224 Cal—

152 1254 263 1311 lidii,
283 1256 539 1315 gravitatem
562 1255 706 1309 Bruti,
728 1270 909 1297 acumen
931 1253 1136 1312 Sulpicii,
1152 1252 1432 1296 acerbitatem
1449 1253 1551 1295 Cas-

151 1327 222 1383 sii,
253 1326 520 1387 diligentiam
548 1326 779 1381 Pollionis,
805 1326 1062 1387 dignitatem
1085 1324 1316 1379 Messallae,
1342 1326 1548 1368 sanctita-

152 1409 240 1443 tem
265 1399 387 1443 Calvi
421 1399 699 1460 reperiemus.
728 1402 779 1442 In
814 1399 880 1442 his
909 1400 1063 1453 etiam,
1093 1415 1201 1458 quos
1229 1399 1311 1459 ipsi
1341 1399 1552 1455 vidimus,

153 1473 242 1532 (sic
269 1483 353 1526 est,
377 1488 467 1516 non
490 1472 708 1527 videmus,
737 1484 788 1516 ιιί
810 1472 993 1530 quidam
1018 1470 1193 1530 dedere)
1219 1471 1390 1531 copiam
1416 1473 1554 1514 Sene-

153 1561 230 1598 cae,
247 1545 356 1588 vires
377 1545 591 1601 Africani,
606 1546 901 1589 maturitatem
922 1544 1033 1597 Afri,
1047 1543 1367 1604 jucunditatem
1388 1544 1553 1604 Crispi,

153 1634 308 1661 sonum
333 1617 597 1674 Tracchalli,
623 1618 884 1678 elegantiam
910 1616 1113 1660 Secundi.

206 1699 279 1736 Sed
304 1699 586 1735 observavimus
605 1700 653 1735 ad
677 1699 713 1735 h.
734 1702 759 1735 l.
780 1713 859 1735 non
878 1700 1042 1734 Plinium
1065 1699 1274 1734 Secundum
1295 1697 1356 1733 hic
1378 1698 1552 1743 laudari,

154 1761 220 1797 sed
233 1762 376 1796 Iulium
391 1762 604 1796 Secundum
620 1789 632 1804 ,
654 1760 701 1795 de
718 1774 796 1808 quo
812 1762 869 1803 X,
892 1773 925 1802 1,
950 1772 1033 1795 120.
1054 1759 1204 1793 Ibidem
1221 1771 1251 1793 s.
1276 1771 1361 1804 122,
1377 1771 1419 1794 ea
1438 1758 1551 1803 dicit,

155 1835 237 1870 quae
258 1822 306 1858 ad
324 1823 543 1858 Secundum
558 1830 734 1857 nostrum
749 1822 809 1857 vel
822 1820 985 1856 maxime
1005 1819 1199 1867 pertinent
1218 1833 1226 1853 ;

206 1885 437 1928 Habebunt,
457 1884 524 1932 qui
548 1890 635 1931 post
656 1896 727 1918 nos
750 1883 796 1918 de
822 1881 1039 1917 oratoribus
1059 1880 1245 1925 scribent,
1269 1893 1447 1928 magnam
1466 1893 1552 1925 eos,

163 1945 229 1992 qui
261 1957 362 1980 nunc
396 1945 546 1993 vigent,
577 1944 777 1979 materiam
810 1955 897 1978 vere
923 1942 1116 1978 laudandi.
1147 1944 1244 1977 Sunt
1273 1942 1372 1977 enim
1405 1954 1556 1977 summa

159 2005 274 2041 hodie
288 2033 298 2047 ,
315 2006 456 2053 quibus
476 2007 686 2041 illustratur
705 2005 832 2040 forum
846 2032 854 2047 ,
871 2004 1036 2052 ingenia.
1052 2005 1228 2052 Namque
1247 2011 1283 2038 ct
1299 2003 1556 2039 consummati

152 2067 233 2116 jam
264 2067 417 2115 patroni
445 2067 644 2102 veteribus
670 2067 924 2110 aemulantur,
946 2073 981 2100 et
1011 2077 1076 2100 eos
1106 2064 1293 2111 juvenum
1327 2064 1378 2100 ad
1409 2064 1555 2111 optima

157 2127 394 2164 tendentium
414 2128 586 2164 imitatur
605 2141 647 2163 ac
665 2128 843 2175 sequitur
865 2126 1067 2161 industria.

399 2225 435 2252 M
449 2225 478 2252 Α
491 2224 515 2252 c
528 2225 555 2251 R
568 2225 595 2252 ο
608 2225 657 2251 BI
671 2223 699 2251 U
712 2224 732 2251 s
761 2207 836 2250 la'l).
867 2208 921 2259 V,
949 2206 1126 2249 Sama.
1153 2220 1250 2265 cap.
1277 2206 1315 2247 I.

221 2290 424 2346 Quatuor
458 2299 557 2332 sunt
589 2305 747 2348 genera
777 2286 947 2331 dicendi
976 2301 987 2330 z
1020 2287 1270 2346 copiosum,
1297 2285 1340 2327 in
1372 2300 1459 2343 quo
1488 2285 1557 2328 Ci-

159 2378 258 2405 cero
284 2361 553 2415 dominatum
575 2361 724 2416 breve,
746 2361 788 2403 in
812 2376 898 2420 quo
922 2359 1150 2402 Sallustius
1175 2367 1351 2418 regnat,
1374 2358 1555 2413 siccum,

160 2433 278 2494 quod
303 2434 513 2477 Frontoni
544 2434 828 2489 adscribitur,
859 2434 1021 2493 pingue
1059 2442 1102 2475 et
1132 2430 1357 2483 floridum,
1389 2430 1432 2472 in
1468 2447 1555 2490 quo

159 2506 325 2550 Plinius
351 2506 575 2549 Secundus
606 2506 850 2565 quondam,
880 2516 922 2550 et
952 2522 1070 2549 nuuc
1099 2504 1218 2548 nullo
1251 2513 1442 2547 velerum
1474 2503 1556 2545 nii-

163 2595 243 2623 uor
269 2580 553 2641 Symmachus
577 2578 834 2623 luxuriatur.
