1742 2989
600 153 950 196 EPISTOLA
985 154 1099 196 VII.

146 243 196 277 ut
226 250 367 277 nemo.
392 232 560 277 Placuit
590 243 754 277 statuas
790 234 828 276 ei
863 244 905 277 et
937 234 1148 294 imagines
1181 249 1313 292 quam
1343 233 1555 293 plurimas

146 307 320 351 facere:
346 308 431 350 hoc
453 308 656 351 omnibus
675 307 863 351 officinis
883 308 988 368 agit.
1015 306 1144 350 Illum
1165 305 1385 376 coloribus
1400 341 1411 359 ,
1431 306 1555 349 illum

146 397 265 435 cera,
284 380 405 424 illum
422 397 524 437 aere,
540 380 662 425 illum
678 391 880 441 ar,gento
898 380 1021 424 illum
1035 397 1160 434 aulo,
1172 371 1323 435 ebore
1337 372 1554 423 maimme

145 453 329 514 effingit.
357 456 453 514 Ipse
479 471 582 498 veto
615 464 657 498 et
688 471 853 514 nupe1‚
884 454 1080 498 adhibito
1113 454 1279 515 ingenti
1307 454 1554 509 (111(1110110,
1584 475 1599 493 1›

144 525 306 570 librum
333 527 386 570 de
415 528 502 570 vita
524 527 615 586 ejus
642 528 867 571 recitavit:
899 527 952 570 de
976 529 1064 571 vita
1088 528 1211 588 pueri
1237 527 1464 581 recitavit3
1492 536 1555 570 ta-

144 616 246 643 men
275 599 461 643 eundem
491 599 674 653 librum,
701 601 745 643 in
776 600 1038 661 exemplaria
1066 601 1381 660 transcriptum
1405 599 1522 642 inille
1545 635 1555 655 ,

144 689 223 732 per
243 682 380 716 totam
399 672 571 717 Italiam
592 674 926 735 provinciasque
947 674 1122 718 dimisit.
1151 674 1333 734 Scripsit
1359 673 1556 733 publice,

144 754 192 789 ut
222 763 247 789 a
272 745 583 790 decurionibus
606 746 840 807 eligeretur
860 748 1157 792 vocalissimus
1178 748 1334 808 aliquis
1358 765 1409 791 ex
1427 748 1528 808 ipsis
1543 784 1553 803 ‚

143 820 218 879 qui
242 818 406 880 legeret
430 837 531 864 eum
562 820 757 881 populo:
787 821 950 865 factum
984 832 1061 866 est.
1088 825 1216 881 Hanc
1247 821 1318 865 ille
1347 823 1434 865 vim
1455 822 1554 882 (seu

142 909 229 952 quo
265 892 350 936 alio
388 894 564 937 nomine
591 893 788 938 vocanda
824 905 888 938 est
924 896 1138 948 intentio,

140 963 397 1025 obtinendi)
424 967 458 1009 si
491 966 545 1009 ad
573 968 744 1027 potiora
763 968 988 1021 vertisset,
1017 977 1231 1028 quantum
1252 967 1357 1010 boni
1379 967 1555 1011 efficere

140 1036 380 1098 potuisset!
420 1040 700 1099 Quamquam
739 1041 885 1083 minor
918 1041 982 1083 vis
1023 1041 1176 1095 bonis,
1220 1057 1351 1100 quam
1401 1040 1554 1094 malis,

1466 154 1555 196 2123

1173 894 1388 955 quidquid
1424 894 1528 937 velis
1546 927 1556 946 .,

144 1115 280 1169 inest7
310 1130 359 1157 ac
391 1114 503 1157 sicut
527 1115 678 1175 ἀμαθία
708 1117 776 1175 μὲν
801 1116 967 1177 θράσος,
994 1118 1185 1178 λογισμὸς
1215 1111 1258 1159 δὲ
1288 1118 1400 1159 ὄκνον
1425 1118 1553 1176 φέρει,

141 1260 216 1281 nius
227 1248 374 1294 quisque
386 1273 395 1289 ‚
410 1261 481 1281 non
495 1251 540 1288 ei,
555 1248 648 1294 quod
660 1261 724 1281 nec
735 1248 814 1281 Ald.

138 1299 255 1334 hahet.
273 1301 318 1333 H.

186 1374 231 1377 ——
245 1356 350 1385 Ebore
360 1378 369 1391 ,
393 1365 554 1384 marmore
568 1354 703 1396 effingit.
718 1354 814 1386 Rom.

140 1408 234 1437 Illum
255 1408 364 1444 ebore,
389 1407 475 1437 illum
495 1417 654 1436 marmore
674 1407 810 1450 cffugit.

139 1456 184 1489 H.
195 1457 344 1490 —Vera
361 1457 432 1489 haec
448 1457 562 1490 lectio.
579 1457 812 1501 Epanaphora

140 1509 219 1542 satis
232 1510 347 1555 gravis
361 1535 370 1550 ,
385 1522 490 1556 quam
505 1509 613 1542 nolim
628 1521 708 1541 cum
721 1511 751 1543 I.
767 1511 809 1543 A.

140 1561 295 1595 Ernestio
311 1562 395 1606 (vid.
415 1562 559 1595 Gesneri
578 1561 622 1594 ad
642 1574 722 1594 eum
741 1563 812 1608 epi-

139 1615 278 1659 stolam)
292 1629 357 1661 pro
374 1615 495 1648 vitiosa
508 1615 650 1647 habere.
672 1616 706 1648 S.

192 1681 223 1700 2.
244 1672 315 1711 Ipse
332 1682 410 1700 vero
430 1678 463 1700 ec
481 1681 590 1710 nuper.
608 1668 736 1700 Damus
756 1667 812 1701 hic

140 1720 323 1754 lectionem
343 1734 362 1754 a
383 1721 501 1753 Cortio
527 1733 568 1753 ex
590 1720 690 1752 bonis
717 1720 813 1753 libris

140 1774 322 1818 probatam
337 1798 345 1813 ,
366 1774 426 1819 qui
452 1773 555 1805 etiarn
578 1772 612 1805 id
632 1785 740 1818 genus
759 1785 813 1805 re-

140 1824 330 1869 petitionis,
348 1837 423 1870 quae
439 1824 614 1862 δεινότητα
634 1825 813 1871 quandam

142 1877 254 1911 adfert
275 1878 438 1911 orationis
450 1903 458 1917 ‚
479 1885 552 1910 tum
570 1879 696 1911 Nostro
711 1903 721 1918 ,
741 1885 814 1911 tum

141 1930 277 1975 optimis
292 1931 487 1976 quibusque
513 1931 737 1976 scriptoribus
764 1931 815 1964 fa-

142 1983 274 2016 miliare
309 1996 381 2016 esse
409 1982 571 2016 ostendit.
599 1983 643 2015 G.
668 2004 713 2008 -—-
743 1988 815 2026 Ipse

143 2050 219 2069 vero
247 2047 278 2068 ec
305 2050 414 2079 nuper.
443 2037 541 2069 Rom.
570 2044 603 2069 et
628 2035 707 2068 Ald.
736 2036 815 2068 Post

141 2090 214 2122 haec
233 2091 331 2122 Rom.
361 2090 525 2122 «Librum
554 2088 596 2122 de
621 2089 691 2121 vita
715 2089 814 2133 pueri

142 2142 301 2175 recitavit
322 2154 328 2174 :
348 2144 424 2174 Δία’.
440 2141 483 2174 de
504 2141 574 2175 vita
596 2143 685 2187 ejus.
698 2158 710 2170 n
729 2142 815 2175 Cor-

143 2194 211 2227 tius
225 2206 265 2227 ex
278 2193 403 2227 Medic.
422 2195 521 2239 «Ipse
535 2206 618 2227 vero
633 2201 664 2227 et
679 2206 790 2239 nuper
804 2219 812 2235 ,

143 2246 298 2280 adhibito
314 2247 444 2292 ingenti
469 2247 639 2279 auditorio
657 2272 666 2286 ‚
687 2247 811 2280 librum

144 2299 187 2332 de
201 2300 269 2333 vita
281 2300 353 2346 ejus
369 2299 525 2332 recitavit
542 2311 549 2332 z
569 2298 612 2332 de
629 2299 698 2332 vita
714 2300 813 2344 pueri

142 2351 329 2385 recitavit.»
344 2350 504 2396 Sequitur
514 2352 547 2383 in
561 2352 813 2384 Rom.«Tamen

143 2404 293 2437 eundem
320 2404 446 2436 librum
467 2403 521 2437 vel
546 2403 581 2435 in
606 2403 813 2448 exemplaria

144 2456 238 2490 mille
268 2456 528 2502 transcriptum.
544 2472 557 2484 n
591 2456 813 2500 Conjunctio-

143 2521 225 2542 nem
249 2512 306 2541 vel
330 2522 401 2542 non
431 2520 595 2553 aspernor
616 2520 624 2540 :
646 2520 812 2541 numerus

144 2574 226 2594 vero
240 2563 393 2607 poeticus
408 2562 522 2595 minus
538 2562 661 2606 placet.
682 2562 767 2594 Sunt
781 2568 813 2593 et

143 2613 210 2646 alia
224 2638 232 2654 ‚
248 2627 321 2659 quae
347 2615 383 2648 in
406 2615 569 2648 Cortiana
594 2614 741 2647 lectione
760 2614 812 2646 of-

145 2665 300 2700 fendunt.
332 2667 376 2701 H.
405 2689 450 2695 —
477 2668 626 2709 Plinius,
663 2667 809 2714 opinor,

884 1250 1002 1282 mallet
1023 1250 1070 1283 sic
1093 1250 1351 1295 interpunctum
1371 1263 1378 1284 ε
1406 1250 1555 1282 «librum

883 1301 926 1334 de
940 1302 1008 1335 vita
1021 1304 1094 1349 ejus
1105 1303 1278 1336 recitavit:
1297 1305 1339 1336 de
1355 1303 1423 1336 vita
1434 1304 1552 1348 pueri:

881 1355 1038 1388 recitavit
1064 1364 1191 1388 tamen.
1213 1355 1373 1388 Eundem
1403 1355 1531 1387 librum
1546 1380 1555 1395 ‚

881 1414 963 1439 etc.»
987 1409 1037 1440 Ita
1056 1408 1091 1439 in
1112 1407 1257 1441 lectione
1274 1407 1440 1440 Cortiana
1455 1433 1463 1445 ‚
1481 1420 1557 1453 quae

880 1459 960 1492 item
988 1460 1202 1493 Gesneriana
1226 1468 1294 1498 est,
1318 1460 1366 1492 nil
1392 1460 1455 1492 erit
1482 1472 1557 1492 am-

878 1512 966 1557 plius
979 1537 987 1552 ‚
1007 1512 1101 1558 quod
1121 1512 1290 1545 offendat.
1312 1513 1346 1546 S.

912 1567 1094 1608 —Scripsit
1101 1567 1238 1607 publice.
1250 1564 1303 1598 Ad
1315 1565 1481 1598 civitates.
1494 1566 1558 1598 Ne-

875 1629 944 1662 que
955 1618 1048 1650 enim
1063 1630 1102 1650 ca
1117 1625 1249 1650 tantum
1258 1620 1387 1660 publice
1401 1619 1557 1652 scribun-

876 1671 991 1703 turvel
1002 1670 1089 1703 siunt
1099 1695 1108 1711 ,
1118 1671 1555 1715 quaepopulinominefiunt;

879 1722 939 1755 sed
971 1735 1010 1756 ea
1040 1736 1203 1768 quoque,
1228 1736 1303 1768 quae
1333 1726 1379 1755 ad
1398 1728 1555 1767 populum

880 1775 1093 1809 referuntur.
1114 1776 1168 1810 Sic
1188 1776 1258 1810 Cic.
1282 1777 1365 1808 fain.
1383 1776 1430 1815 V,
1450 1790 1484 1821 7,
1501 1789 1553 1821 pr.

881 1834 912 1860 et
943 1828 1040 1861 aIIas.
1071 1828 1114 1861 G.
1140 1849 1184 1853 --
1205 1833 1245 1859 Ut
1269 1842 1289 1859 a
1310 1830 1553 1868 decurionibus,

878 1887 943 1912 etc.
970 1882 1069 1914 Rom.
1101 1885 1141 1913 Ut
1159 1895 1179 1913 α
1198 1883 1421 1913 decurionibus
1439 1884 1556 1925 delige-

878 1943 965 1964 retur
988 1937 1210 1966 vocalissimus
1243 1936 1359 1976 aliquis
1391 1947 1432 1965 eze
1468 1936 1551 1977 ipsis.

879 1985 994 2031 Vulgo
1014 1989 1202 2031 eligeretur:
1216 1985 1313 2031 quod
1332 1986 1366 2019 in
1385 1994 1453 2019 tam
1475 1999 1555 2032 pau-

879 2038 925 2071 cis
939 2063 947 2078 ,
959 2051 999 2071 ex
1011 2039 1136 2084 quibus
1147 2039 1317 2085 legendus
1331 2047 1404 2072 erat
1416 2065 1424 2079 ‚
1437 2040 1551 2072 locum

878 2103 948 2123 non
970 2091 1084 2124 habet.
1099 2092 1144 2125 H.
1163 2113 1208 2117 —-—
1223 2093 1390 2137 Heusing.
1411 2092 1454 2126 ad
1470 2093 1554 2126 Cor-

879 2144 947 2176 uel.
974 2144 1061 2189 Nep.
1092 2144 1220 2190 Agesil.
1250 2146 1287 2185 Ι,
1308 2145 1326 2177 3
1342 2170 1351 2185 ,
1370 2157 1448 2190 pag.
1475 2146 1552 2179 188.

886 2212 899 2223 υ
911 2198 1087 2239 Deligitur,
1117 2198 1176 2242 qui
1206 2210 1245 2230 ex
1282 2198 1437 2242 pluribus
1452 2223 1460 2238 ,
1494 2197 1554 2231 sed

878 2247 1034 2288 idoneis;
1053 2251 1198 2292 eligitur,
1221 2250 1281 2294 qui
1299 2263 1338 2283 ex
1353 2249 1551 2295 promiscua

878 2300 1098 2334 multitudine
1118 2302 1255 2347 legitur.
1269 2319 1283 2330 n
1304 2302 1471 2346 Perpetua
1493 2302 1553 2335 ho-

877 2364 954 2385 rum
975 2353 1159 2385 verborum
1181 2354 1354 2386 confusio.
1372 2353 1453 2386 Vid.
1477 2353 1551 2386 Ou-

877 2403 1046 2450 dendorp.
1061 2405 1105 2438 atl
1116 2406 1275 2439 Frontin.
1288 2407 1304 2438 Ι
1319 2430 1327 2445 ,
1347 2417 1409 2448 1‚9
1422 2430 1431 2445 ‚
1444 2418 1477 2450 p.
1494 2406 1548 2447 23,

877 2468 930 2502 sq.
950 2456 1006 2490 ed.
1027 2458 1085 2490 alt.
1102 2459 1136 2492 S.

925 2510 956 2542 3.
974 2506 1102 2556 Ᾱμαθία
1120 2513 1175 2557 μὲν
1191 2510 1397 2557 θράσοςᾸῖΟΧ
1412 2510 1548 2544 Periclis

877 2562 909 2595 in
921 2574 1078 2596 sermone
1092 2562 1266 2608 epitaphio
1278 2561 1368 2607 apud
1381 2562 1544 2607 Tliucyd.

876 2615 911 2647 II
925 2640 933 2655 ‚
955 2620 1009 2656 40.
1027 2616 1137 2649 Vertit
1151 2617 1241 2647 sEiu.
1263 2615 1384 2647 Portus
1405 2626 1412 2646 ε
1434 2615 1548 2659 ,1111Ρο-

876 2668 951 2702 ritia
970 2667 1110 2715 quidem
1130 2667 1312 2701 audaciam
1328 2679 1335 2699 :
1353 2666 1547 2700 considera-
