1742 2989
600 181 954 225 EPISTOLA
988 181 1082 222 ΙΙΙ.
1490 193 1548 238 79

142 271 302 328 ῥήματα
331 263 542 322 βοῶντος]
571 265 804 317 ἀκ·ηκόειτε;
835 271 878 305 et
904 270 998 306 erat
1033 260 1286 312 AEschines,
1312 259 1345 301 si
1379 252 1548 302 Demo-

139 341 282 388 stheni
304 339 544 391 credimus,
561 339 964 401 μεγαλοφωνότατος.
989 335 1228 380 Fatebatur
1250 344 1399 378 tamen
1420 334 1549 394 longe

140 413 295 457 melius
316 411 467 456 eadem
488 411 559 455 illa
579 411 888 472 pronuntiasse
910 411 1053 471 ipsum
1074 409 1148 469 qui
1169 417 1416 469 pepererat.
1441 408 1552 463 Quae
1581 422 1619 443 Π

140 487 289 530 omnia
315 486 404 529 huc
430 485 640 538 tendunt,
663 494 712 528 ut
738 483 888 528 audias
914 487 1070 529 Isaeum
1097 498 1106 526 :

140 570 190 604 ut
215 559 417 603 audieris.
447 558 569 604 Vale.

186 714 231 718 -—
259 694 294 724 Si
316 692 533 724 Demostheni.
561 691 631 733 Qui
658 691 786 736 passim
805 716 813 730 ‚

140 745 328 791 praesertim
342 745 377 777 in
388 745 543 778 oratione
554 769 564 785 ,
576 756 682 789 quam
693 751 814 777 contra

139 799 252 844 ipsum
262 812 326 842 pro
345 811 467 830 corona
487 797 551 830 sibi
569 797 708 830 decreta
724 810 743 830 a
757 797 815 830 Ti-

140 858 292 884 mocrate
308 851 430 883 habuit
442 875 451 890 ‚
466 863 587 883 vocem
603 850 696 883 ill-ius
712 850 814 882 variis

140 903 299 949 epithetis
327 902 563 936 commendat.
588 903 737 936 Difficile
765 911 815 935 est

139 956 184 990 ad
199 956 441 990 arbitrandum
452 982 461 997 ‚
476 970 519 990 an
535 957 650 1003 potius
665 963 813 1003 λαμπρο-

139 1012 324 1056 φωνότατον
347 1010 521 1056 scripserit
548 1011 700 1051 Plinius,
720 1009 815 1051 *adeo

139 1072 305 1108 corrupta
315 1064 428 1096 solent
439 1076 512 1096 esse
522 1063 644 1097 Graeca
660 1076 668 1097 :
684 1072 816 1097 utrum-

139 1127 207 1160 que
230 1116 266 1149 in
287 1116 387 1150 hoste
412 1129 475 1150 suo
498 1116 659 1150 laudarat
686 1118 813 1150 Demo-

138 1167 278 1201 sthenes
291 1194 301 1209 ,
324 1177 358 1202 et
378 1172 633 1213 magnitudinem
651 1173 760 1209 vocis,
783 1178 817 1203 et

139 1224 350 1263 splendorem.
372 1222 416 1255 G.
435 1243 480 1247 ——
494 1222 640 1256 Codices
655 1223 817 1255 nonnulli

139 1277 416 1320 μικροφωνότατος
428 1303 436 1317 ,
451 1275 544 1309 uncle
554 1276 692 1309 tertiam
702 1276 817 1310 lectio-

139 1339 219 1360 nem
229 1327 406 1361 lucramur
417 1354 426 1369 ‚
438 1343 606 1376 μακροφων
612 1331 646 1363 ότ
652 1343 740 1370 ατος.
753 1330 818 1363 Sae-

139 1391 182 1423 pe
195 1379 461 1414 confunduntur
473 1382 508 1414 in
519 1381 722 1414 Graecorum
736 1384 817 1415 scri-

139 1439 279 1477 ptorum
298 1432 393 1466 libris
412 1438 519 1481 μικρὸς
539 1442 571 1467 et
591 1437 722 1481 μακρός.
742 1441 818 1470 Μα-

140 1487 299 1531 κρόφωνος
313 1498 381 1518 vox
395 1487 477 1519 boni
493 1487 673 1520 commatis
685 1512 692 1526 ,
707 1488 767 1520 etsi
781 1489 815 1520 in

139 1539 273 1571 Lexicis
295 1552 365 1573 non
386 1539 500 1573 obvia.
527 1544 754 1586 Μακροφωνεῖν
777 1553 816 1573 ex

141 1591 349 1636 Hippocrate
366 1592 518 1626 enotavit
530 1594 571 1625 D.
585 1593 733 1627 Scottus.
747 1593 817 1626 Cae-

140 1652 253 1677 terum
264 1648 573 1693 μεγαλοφωνότατος
583 1653 642 1679 aut
650 1660 818 1693 μακροφω-

139 1700 274 1738 νότατος
287 1699 376 1731 tueri
385 1698 523 1733 videtur
531 1699 652 1733 Cicero
663 1699 706 1732 de
716 1700 814 1733 Orat.

142 1752 194 1784 III
207 1776 217 1789 ,
235 1752 277 1785 56
291 1776 300 1791 ‚
318 1755 497 1785 maximam
513 1753 685 1785 AEschinis
703 1766 817 1785 vocem

142 1803 303 1837 laudans.
323 1805 357 1838 S.
378 1827 423 1830 -
441 1807 762 1852 μεγαλοφωνότατος,
783 1805 816 1839 Si

142 1856 210 1889 hoc
232 1856 343 1889 voluit
361 1857 491 1891 Plinius
506 1882 514 1897 ‚
538 1857 739 1890 sEschinem
758 1858 819 1891 ha-

142 1909 256 1942 buisse
278 1922 397 1942 vocem
421 1924 491 1943 non
518 1910 629 1944 solum
652 1923 817 1956 magnam

143 1970 175 1995 et
194 1962 373 1995 robustam
388 1989 396 2003 ,
418 1963 477 1996 sed
499 1970 531 1996 et
551 1976 695 1997 suavem
708 1989 717 2003 ⁷
742 1977 819 2010 quae

146 2015 322 2049 delectare
343 2024 375 2049 et
395 2016 536 2049 afficere
549 2016 704 2064 jucunde
723 2017 819 2051 audi-

144 2078 234 2104 tores
253 2079 367 2116 posset
382 2095 390 2111 ⁷
407 2083 526 2103 vocem
543 2082 690 2115 graecam
707 2071 817 2116 magis

147 2124 282 2158 videtur
301 2136 341 2157 ex
361 2136 428 2156 suae
449 2123 557 2156 aetatis
579 2135 687 2168 quam
707 2136 746 2155 ex
766 2137 819 2157 ve-

145 2185 257 2211 terum
283 2177 488 2211 Graecorum
513 2189 579 2209 usu
606 2175 817 2211 adhibuisse.

149 2232 289 2264 Veteres
306 2230 398 2264 enim
420 2232 643 2276 μεγαλόφωνον
662 2243 732 2262 non
754 2232 820 2264 nisi

147 2296 225 2317 eum
246 2283 427 2322 dixerunt,
446 2282 506 2328 qui
523 2284 701 2316 robustam
717 2309 726 2323 ‚
748 2297 818 2318 ma-

146 2349 250 2383 gnam
265 2362 273 2376 ,
288 2335 439 2368 validam
456 2347 576 2369 vocem
593 2336 738 2369 haberet
750 2362 758 2377 ,
774 2337 818 2370 ei-

146 2404 214 2436 que
243 2396 480 2435 opposuerunt
503 2391 705 2435 ἰσχνόφωνον.
739 2389 815 2433 [Cf.

146 2444 233 2476 Foes.
258 2444 455 2476 OEconom.
483 2441 687 2486 Hippocrat.
711 2441 748 2474 h.
763 2454 818 2481 v.‚

147 2497 207 2542 qui
234 2504 348 2529 tamen
375 2497 564 2541 ἰσχνόφωνον
591 2501 623 2527 et.
647 2496 818 2540 ἰσχόφωνον

147 2550 358 2583 commiscet.
376 2550 430 2594 S.]
453 2550 573 2594 Neque
589 2549 819 2594 λαμπρόφωνος

147 2604 215 2636 alio
230 2616 330 2638 sensu
343 2602 455 2636 dictus
467 2600 613 2635 videtur.
626 2601 727 2634 Certe
739 2607 822 2646 λαμ-

1134 481 1201 526 vel
1230 482 1327 525 ideo
1354 490 1527 525 tantum
1544 516 1555 535 .,

878 692 1043 737 προφωνίᾳ.
1053 702 1123 722 non
1133 689 1200 722 nisi
1210 689 1343 721 claram
1352 696 1383 720 et
1395 700 1557 721 sonoram

878 756 1002 777 vocem
1022 742 1265 789 significarunt
1279 767 1287 782 ‚
1308 743 1364 775 cui
1382 741 1503 775 itidem
1522 744 1557 776 τὸ

879 799 1068 843 ἰσχνόφωνον
1096 795 1295 842 oppositum
1323 803 1423 828 esset.
1446 794 1556 827 Etiam

878 849 992 883 Latini
1013 851 1183 892 splendore
1204 848 1314 882 solam
1337 848 1529 881 claritatem
1548 873 1556 887 ‚

880 903 977 936 nulla
1004 902 1179 938 suavitatis
1204 902 1346 935 notione
1371 900 1558 948 adjuncta,

882 954 1078 988 declarasse
1092 954 1273 994 videntum
1290 955 1412 987 saltem
1426 953 1557 986 Plinius

881 1008 925 1041 H.
949 1009 993 1042 N.
1018 1009 1083 1041 XX
1097 1033 1106 1047 ‚
1127 1010 1147 1041 6
1163 1032 1171 1047 ,
1195 1020 1233 1040 21
1251 1033 1260 1048 ‚
1282 1019 1392 1052 quum
1414 1019 1559 1052 porrum

881 1060 964 1093 dicit
976 1063 1053 1093 voci
1066 1062 1267 1104 splendorem
1281 1061 1410 1104 afferre.
1427 1058 1561 1092 Deinde

885 1113 929 1147 (le
942 1113 1175 1147 Demosthene
1194 1113 1328 1158 agimus
1340 1137 1348 1153 ,
1367 1125 1472 1158 quem
1488 1123 1561 1144 non

887 1166 1054 1200 credibile
1076 1173 1126 1200 est
1143 1165 1314 1199 AEschinis
1333 1165 1398 1198 sibi
1416 1163 1560 1198 infestis-

886 1220 962 1252 simi
974 1227 1007 1253 et
1026 1218 1253 1253 inimicissimi
1266 1230 1387 1250 vocem
1405 1217 1452 1251 ita
1471 1229 1562 1250 com-

881 1285 1102 1310 memorasse,
1114 1279 1150 1304 ut
1159 1284 1235 1306 eam
1246 1270 1390 1303 laudare
1403 1270 1458 1303 vel
1471 1282 1561 1303 com-

879 1324 1050 1358 mendare
1082 1323 1267 1357 videretur.
1300 1324 1423 1368 Itaque
1450 1336 1561 1368 quum

881 1379 912 1411 ei
925 1378 1078 1425 λαμπρὰν
1091 1379 1192 1424 φωνὴν
1208 1376 1343 1416 tribuit,
1355 1389 1435 1409 eum
1448 1376 1560 1422 ipsum

880 1433 1014 1477 εὔφωνον
1031 1438 1063 1463 et
1078 1433 1230 1477 μέγιστον
1244 1432 1427 1476 φθέγγοντα
1441 1430 1561 1475 [immo

880 1486 1103 1530 φθεγγόμενον.
1119 1484 1168 1529 8.]
1190 1483 1271 1516 (licit
1286 1509 1294 1523 ‚
1310 1490 1349 1516 ut
1364 1484 1437 1530 περὶ
1450 1498 1559 1530 παρα-

879 1537 996 1584 πρεσῧ.
1018 1550 1053 1582 p.
1081 1538 1145 1578 405
1162 1562 1171 1577 ,
1192 1537 1305 1570 Reisk.
1321 1562 1329 1577 ⁷
1357 1550 1428 1569 non
1449 1536 1560 1570 multo

879 1590 959 1636 plus
979 1603 1059 1623 eum
1078 1589 1224 1622 laudare
1242 1589 1390 1622 voluisse
1415 1602 1559 1623 censen-

881 1642 946 1676 dus
958 1652 1021 1684 est,
1033 1656 1139 1690 quam
1153 1656 1262 1689 quum
1276 1645 1312 1677 τὸ
1329 1646 1405 1690 βοᾷν
1420 1644 1538 1676 tribuit
1549 1669 1558 1684 ,

882 1706 919 1731 ut
942 1710 1029 1742 saepe
1048 1697 1085 1729 in
1109 1697 1172 1729 Or.
1196 1695 1239 1729 (le
1265 1697 1417 1729 Corona.
1444 1697 1559 1729 Locus

881 1759 930 1784 est
941 1749 1085 1795 insignis
1099 1761 1177 1794 cap.
1194 1749 1374 1782 LXXXVI
1386 1774 1394 1789 ‚
1411 1751 1464 1784 καὶ
1474 1752 1560 1796 ἔμοι-

880 1819 916 1850 γε
946 1802 1051 1842 δοκεῖς
1077 1805 1112 1836 ἐκ.
1133 1804 1277 1842 τούτων,
1308 1804 1443 1846 Αἰσχίνη
1462 1829 1470 1843 ,
1493 1808 1557 1837 τῶν

879 1859 999 1903 λόγων,
1021 1853 1173 1896 ἐπίδειξίν
1194 1870 1266 1890 τινα
1282 1857 1464 1901 φωνασκίας
1484 1858 1558 1898 βου-

880 1912 1011 1957 λόμενος
1021 1909 1232 1949 ποιήσασθαι,
1245 1913 1354 1943 τοῦτον
1368 1911 1559 1954 προελέσθαι

883 1967 935 1999 τὸν
953 1965 1076 2009 ἀγῶνα.
1089 1955 1170 1996 Ϊῗστι
1186 1960 1219 1996 δ’
1237 1965 1293 2006 οὐχ
1306 1964 1320 1996 ὁ
1332 1964 1424 2008 λόγος
1434 1967 1488 1996 τοῦ
1509 1963 1560 2008 ρή-

883 2031 972 2063 τορος
990 2017 1113 2062 τίμιος,
1132 2009 1201 2049 οὐδ’
1220 2017 1234 2049 ὁ
1251 2017 1341 2054 τόνος
1358 2020 1415 2054 τῆς
1434 2019 1535 2060 φωνῆς
1547 2043 1557 2056 ,

883 2070 966 2104 ἀλλὰ
987 2072 1023 2103 τὸ
1041 2068 1150 2102 ταύτὰ
1168 2071 1387 2115 προαιρεῖσθαι
1408 2071 1471 2107 τοῖς
1486 2075 1561 2102 πολ-

883 2127 964 2163 λοῖς,
983 2131 1049 2156 etc.
1068 2122 1109 2154 In
1124 2121 1197 2167 ipso
1213 2121 1273 2154 illo
1289 2122 1366 2154 loco
1380 2147 1389 2162 ‚
1407 2121 1466 2154 ubi
1479 2127 1561 2169 λαμ-

884 2178 1129 2223 προφωνότατον
1156 2175 1359 2208 lEschinem
1384 2175 1561 2221 appellat,

884 2242 960 2274 cap.
977 2228 1128 2262 XCVIII
1139 2253 1147 2267 ,
1162 2241 1233 2261 non
1250 2228 1357 2261 alium
1373 2240 1479 2274 quam
1494 2227 1562 2260 alte

884 2290 916 2314 et
943 2280 1075 2326 grande
1104 2280 1355 2314 vociferantem
1386 2280 1559 2325 designat.

884 2335 925 2366 Et
935 2334 1041 2379 paulo
1050 2342 1151 2368 antea
1165 2346 1172 2366 :
1188 2335 1288 2381 ῥήτωρ
1300 2335 1447 2380 ἐξαίφνης
1459 2335 1493 2367 ἐκ
1503 2339 1561 2374 τῆς

883 2389 1038 2432 ἡσυχίας,
1059 2390 1167 2435 ὥσπερ
1187 2393 1336 2434 πνεῦμα,
1363 2388 1458 2433 ἐφάνη
1473 2412 1482 2427 ,
1507 2388 1560 2421 καὶ

885 2442 1219 2487 πεφωνασκηκὶι)ς,καὶ
1231 2441 1417 2484 συνειλοχὼς
1430 2440 1562 2485 ῥήματα

886 2495 940 2529 καὶ
956 2496 1066 2541 λόγους
1085 2497 1216 2541 συνείρει
1233 2497 1361 2532 τούτους
1379 2498 1488 2538 σαφῶς
1506 2494 1559 2526 καὶ

888 2550 1058 2591 ἀπνευστὶ,
1072 2546 1142 2583 οὐδ’
1158 2549 1279 2595 ἀγαθοῦ
1293 2551 1403 2582 κτῆσιν
1420 2543 1560 2587 οὐδενὸς,

888 2616 917 2635 κ.
938 2617 968 2635 τ.
987 2607 1016 2635 λ.
1037 2602 1076 2633 E.
