1742 2989
121 222 212 250 220
531 207 579 249 C.
617 206 840 249 PLINII
876 206 1005 249 LIB.
1042 207 1126 249 IV.

118 290 235 332 enim
266 288 380 333 faces
407 290 553 349 ignem
582 288 754 331 assidua
780 289 1068 332 concussione
1091 287 1368 343 custodiunt,
1392 287 1536 331 dimis-

118 379 214 407 sum
239 363 464 423 aegerrime
490 372 724 423 reparant3
747 362 808 406 sic
834 372 876 406 et
901 362 1086 407 dicentis
1111 361 1230 406 calor
1254 371 1296 405 et
1318 360 1538 405 audientis

118 437 306 480 intentio
341 437 676 480 continuatione
712 445 941 492 servatur⁷
975 434 1303 497 intercapedine
1339 444 1379 478 et
1416 435 1538 495 quasi

55 530 93 551 12
119 511 374 554 remissione
400 509 655 570 languescit.
683 509 769 554 Sed
796 512 954 554 Bassus
980 509 1129 554 multis
1156 509 1385 570 precibus,
1414 525 1541 569 paene

118 584 251 627 etiam
273 583 498 645 lacrymis,
522 582 807 635 obsecrabat,
834 581 1061 643 implerem
1084 600 1230 626 meum
1252 591 1439 642 tempus.
1458 583 1541 625 Pa-

120 657 213 711 rui,
238 656 563 717 utilitatemque
590 657 683 716 ejus
711 655 884 716 praetuli
911 672 1027 699 meae.
1058 659 1174 700 Bene
1202 656 1328 699 cessit
1354 672 1362 698 :
1393 655 1541 698 inveni

120 730 180 773 ita
204 740 373 774 erectos
400 731 570 773 animos
592 739 790 784 senatus,
812 730 872 772 ita
899 739 1118 783 recentes,
1143 738 1192 773 ut
1212 729 1349 790 priori
1370 729 1542 772 actione

56 814 95 848 13
123 803 296 847 incitati
331 803 493 863 inagis,
523 819 657 863 quam
693 802 838 846 satiati
876 803 1144 847 viderentur.
1180 803 1397 847 Successit
1432 802 1542 845 mihi

122 878 287 921 Lucius
313 876 500 920 Albinus
526 886 617 920 tam
641 887 762 938 apte,
780 886 829 920 ut
855 878 1075 921 orationes
1101 886 1260 920 nostrae
1287 877 1543 919 varietatem

60 958 99 995 14
122 950 334 1006 duarum,
361 961 618 995 contextum
642 951 774 994 unius
798 950 1002 995 habuisse
1022 950 1270 995 credantur.
1300 948 1542 1010 Respondit

123 1025 373 1068 Herennius
404 1024 544 1069 Pollio
571 1026 787 1068 instanter
816 1034 859 1067 et
883 1025 1075 1086 graviter
1097 1041 1104 1067 :
1132 1022 1289 1066 deinde
1307 1023 1542 1082 Theopha-

122 1115 198 1142 nes
225 1115 392 1143 rursus.
416 1100 537 1143 Fecit
560 1099 678 1142 enim
706 1099 790 1142 hoc
813 1115 989 1158 quoque
1006 1134 1017 1152 ⁷
1043 1107 1091 1140 ut
1119 1107 1297 1149 caetera,
1321 1094 1546 1156 impuden-

121 1172 312 1229 tissime,
340 1173 457 1233 quod
484 1182 584 1233 post
613 1172 746 1228 duos,
774 1181 816 1216 et
845 1170 1098 1216 consulares
1124 1179 1166 1213 et
1193 1169 1401 1222 disertos,
1428 1177 1540 1212 tem-

122 1263 204 1306 pus
234 1247 339 1302 sihi,
365 1257 409 1291 et
434 1247 612 1307 quidem
641 1246 807 1303 laxius,
828 1245 1073 1289 vindicavit
1100 1261 1109 1287 ε
1138 1243 1246 1286 dixit
1276 1243 1320 1285 in
1347 1250 1545 1294 noctem,

57 1328 96 1358 15
122 1329 254 1379 atque
287 1321 417 1363 etiam
449 1330 578 1363 nocte
597 1355 608 1373 .,
638 1319 784 1363 inlatis
815 1318 1021 1363 lucernis.
1055 1320 1237 1362 Postero
1265 1315 1334 1359 die
1361 1323 1547 1375 egerunt

123 1409 204 1452 pro
220 1396 352 1437 Basso
372 1394 515 1438 Titius
535 1393 769 1437 Homullus
786 1429 796 1449 ‚
821 1403 864 1436 et
885 1395 1051 1436 Fronto
1067 1427 1077 1445 ,
1096 1390 1282 1434 mirifice
1306 1407 1314 1432 :
1338 1397 1546 1449 quartum

58 1471 97 1501 16
123 1466 238 1510 diem
271 1467 557 1527 probationes
589 1475 935 1527 occupaverunt.
963 1464 1147 1510 Censuit
1176 1462 1348 1506 Baebius
1378 1462 1546 1512 Macer,

123 1539 276 1583 consul
315 1540 594 1601 designatus⁷
628 1539 722 1601 lege
761 1538 1108 1600 repetundarum
1146 1539 1328 1580 Bassum
1367 1533 1505 1577 teneri
1536 1549 1545 1575 :

124 1614 274 1674 Caepio
302 1615 466 1675 Hisp0‚
494 1613 610 1657 salva
643 1613 890 1674 dignitate,
920 1613 1090 1673 judices
1121 1609 1289 1653 dandos
1321 1625 1330 1652 :
1362 1617 1547 1667 uterque

60 1701 98 1733 Ῑ7
126 1697 257 1731 recte.
284 1688 373 1744 Qui
396 1688 491 1730 fieri
518 1697 686 1748 potest,
708 1688 878 1748 inquit,
900 1704 1037 1747 quum
1063 1696 1152 1729 tam
1174 1683 1344 1727 diversa
1370 1697 1548 1726 censue-

125 1761 244 1804 rint?
259 1762 362 1821 quia
383 1760 548 1805 scilicet
564 1771 606 1804 et
621 1763 794 1815 Macro,
815 1760 954 1821 legem
976 1760 1190 1814 intuenti,
1207 1765 1548 1802 consentaneum

126 1834 211 1878 fuit
231 1835 441 1878 damnare
459 1851 583 1891 eum,
604 1835 679 1895 qui
701 1844 855 1879 contra
874 1834 1013 1894 legem
1031 1848 1216 1876 munera
1237 1837 1465 1890 acceperat
1482 1844 1490 1871 :
1507 1836 1551 1870 et

128 1909 299 1969 Caepio,
325 1925 462 1969 quum
490 1918 669 1969 putaret
697 1908 827 1952 licere
853 1907 1024 1951 senatui
1042 1942 1053 1962 ⁷
1081 1906 1192 1949 sicut
1214 1904 1341 1958 licet,
1358 1911 1401 1945 et
1429 1900 1550 1943 miti-

128 2041 325 2086 lacrymula
361 2041 405 2073 ab
441 2048 578 2072 oratore
619 2051 773 2084 expressa
798 2050 805 2071 ι
873 2037 998 2083 ponius
1022 2038 1130 2070 Rufus
1155 2044 1187 2069 et
1212 2034 1408 2068 Herennius
1427 2031 1547 2065 Pollio.

129 2096 261 2126 ta’clium
275 2102 324 2127 est
341 2106 360 2127 a
373 2093 638 2126 continuatione
653 2099 685 2125 et
701 2092 809 2137 longi-
875 2093 988 2123 Dicere
994 2101 1069 2134 post
1081 2093 1236 2133 aliquem,
1252 2089 1419 2119 succedere
1434 2086 1547 2121 alicui,

131 2146 264 2179 tudine.
281 2146 326 2179 G.
875 2151 923 2176 est
936 2145 1006 2188 ejus
1019 2168 1027 2183 ‚
1038 2143 1097 2188 qui
1108 2141 1255 2174 eandem
1268 2153 1373 2185 quam
1388 2138 1444 2171 ille
1456 2149 1552 2170 caus-

180 2212 234 2232 12.
253 2202 370 2242 Implet
394 2209 533 2242 tempus,
550 2198 611 2243 qui
636 2197 669 2230 id
698 2204 809 2229 totum
876 2209 947 2229 sam
964 2203 1090 2228 tuetur.
1107 2195 1141 2228 S.

130 2252 301 2285 consumit
310 2251 471 2286 dicendo.
484 2252 537 2285 Sic
547 2254 653 2294 implet
668 2263 806 2288 annum,
921 2269 967 2274 ψ
986 2252 1094 2291 Atque
1112 2249 1209 2278 etiam
1228 2255 1341 2283 nocte,
1364 2251 1429 2278 etc.
1452 2244 1548 2275 Rom.

129 2305 190 2352 qui
211 2318 269 2351 per
283 2313 394 2338 totum
408 2317 542 2337 annum
561 2303 659 2336 vivit.
673 2304 737 2335 En.
877 2306 984 2344 Atque
995 2303 1090 2332 ceiam
1102 2301 1199 2332 illatis
1213 2300 1360 2331 lucernis.
1374 2296 1418 2329 H.
1433 2297 1551 2339 Longe

182 2358 236 2391 13.
260 2361 374 2390 Lucius
389 2359 534 2389 Albinus.
553 2357 652 2388 Rom.
675 2357 809 2387 Luceius
876 2354 999 2387 melior
1013 2361 1131 2386 nostra
1144 2352 1259 2385 lectio.
1276 2352 1309 2384 S.

132 2413 287 2449 Albinus,
320 2423 391 2443 non
414 2412 548 2447 Lucius,
570 2416 606 2440 ut
624 2420 809 2454 perperam
921 2408 1191 2439 15.P›·obationes
1201 2400 1551 2446 occupaverunc.Rom.

136 2476 242 2509 supra
254 2463 314 2496 lib.
332 2463 385 2495 III
397 2488 405 2503 ,
424 2475 478 2507 ep.
497 2463 515 2494 8
529 2486 537 2501 ,
555 2473 586 2505 7.
601 2461 645 2493 H.
661 2481 705 2486 ——
724 2461 811 2493 Cor·
876 2461 1086 2492 Probaciones
1101 2465 1310 2500 occuparunt.
1324 2454 1369 2486 H.
1395 2505 1401 2510 Π

133 2517 200 2549 tius
227 2523 259 2547 et
277 2515 448 2561 Gierigius
467 2516 554 2548 bene
573 2514 809 2546 LuceiusAlbi-
938 2514 992 2544 16.
1025 2512 1148 2542 Baebius
1178 2512 1312 2545 Macer,
1343 2517 1403 2550 qui
1434 2511 1551 2548 postea

138 2583 206 2601 nus.
227 2568 261 2601 S.
877 2563 1064 2610 proconsul
1082 2561 1254 2606 Hispaniae
1272 2557 1404 2603 praefuit
1419 2580 1427 2594 ,
1447 2563 1550 2600 atque

186 2626 239 2661 14.
256 2623 433 2652 Herennius
448 2621 570 2657 Pollio,
587 2630 656 2663 quo
671 2616 812 2650 consule
878 2617 980 2649 etiam
1015 2616 1049 2648 in
1083 2612 1290 2646 Dalmatiam
1328 2608 1451 2641 missus
1488 2615 1548 2639 est.

135 2673 234 2706 Titus
253 2672 440 2717 imperator
457 2672 657 2705 exstinctus.
675 2670 740 2702 ΕΙ).
878 2669 996 2710 Quum
1011 2666 1185 2699 Adrianus
1202 2662 1385 2708 imperium
1404 2659 1553 2705 suscipe-³

184 2746 228 2752 --
246 2730 322 2759 Post
340 2728 428 2760 duos.
450 2724 696 2770 Intelliguntur
715 2722 813 2756 Pom·
878 2728 927 2754 ret
941 2745 948 2759 ‚
965 2719 1142 2765 praefectus
1161 2715 1237 2750 urbi
1252 2714 1326 2748 fuit.
1345 2713 1408 2746 En=
