1742 2989
185 192 245 245 46
616 192 662 233 C.
699 190 919 234 PLINII
957 192 1081 235 Llss.
1118 194 1148 234 l.

153 289 159 315 ;
186 272 427 328 tullus‚aut
445 272 617 317 Calvus.
640 271 769 332 Legit
791 271 899 315 mihi
921 289 1062 333 nuper
1084 271 1300 333 epistolas,
1315 289 1421 333 quas
1441 273 1587 317 uxoris

184 364 273 392 esse
299 347 483 391 dicebat.
510 346 737 399 Plautum,
753 344 818 388 vel
837 346 1091 389 Terentium
1119 355 1260 389 metro
1285 346 1476 389 solutum
1502 344 1586 406 legi

183 421 348 465 credidi
368 438 380 476 3
404 438 499 481 quae
527 421 616 463 sive
641 419 789 462 uxoris
818 429 941 473 sunt,
971 429 1020 463 ut
1048 419 1253 480 adfirmat
1272 455 1283 475 .,
1314 420 1402 463 sive
1428 419 1586 479 ipsius,

183 506 232 540 ut
261 505 418 555 negat,
443 495 538 555 pari
568 493 705 554 gloria
731 493 890 553 dignus
914 503 1002 547 est,
1026 494 1100 554 qui
1126 502 1202 536 aut
1228 492 1298 536 illa
1324 502 1584 553 componat.

182 579 258 612 aut
291 585 498 621 uxorem,
521 584 652 628 quam
683 566 900 627 virginem
932 567 1125 627 accepit,
1156 575 1245 609 tam
1273 565 1447 609 doctam
1477 563 1586 624 poli-

138 681 147 691 s
182 653 359 702 tamque
394 641 645 685 reddiderit.
677 642 754 684 Est
789 656 893 701 ergo
929 657 1101 683 mecum
1139 655 1217 699 per
1249 638 1365 682 diem
1401 647 1544 682 totum
1576 655 1583 681 :

181 715 368 759 eundem
391 725 492 758 ante
514 731 646 775 quam
671 714 858 758 scribam
874 748 884 767 ‚
909 712 1097 756 eundem
1124 729 1260 772 quum
1281 711 1460 771 scripsi,
1482 726 1584 753 eun-

180 789 279 832 ‹lem
303 790 434 832 etiam
466 805 602 848 quum
626 787 852 841 remittor⁷
878 802 969 829 non
995 795 1204 845 tanquam
1232 782 1420 826 eundem
1437 817 1449 838 ⁷
1472 781 1583 843 lego.

133 873 154 903 ,ι’
180 861 311 918 Quod
328 871 369 905 te.
384 877 559 922 quoque
578 869 626 903 ut
639 859 771 903 facias
783 894 794 916 ⁷
811 869 853 903 et
873 859 1038 911 hortor,
1050 868 1092 901 et
1108 873 1280 900 moneo.
1295 858 1451 916 Neque
1469 856 1583 899 enim

179 936 308 980 debet
331 936 537 997 operibus
565 934 659 995 ejus
684 934 857 989 obesse,
878 932 996 993 quod
1017 931 1135 975 vivit.
1162 933 1257 985 An⁷
1282 930 1315 974 si
1343 930 1457 973 inter
1486 946 1558 972 eos
1575 964 1585 983 5

179 1026 288 1070 quos
309 1025 537 1069 nunquam
554 1007 764 1062 vidimus,
787 1006 1024 1062 floruisset,
1047 1022 1136 1048 non
1154 1004 1295 1048 solum
1320 1002 1455 1047 libros
1474 1004 1586 1064 ejus,

178 1099 329 1125 verum
358 1081 489 1124 etiam
517 1080 728 1139 imagines
753 1079 1137 1139 conquireremus,
1157 1076 1351 1138 ejusdem
1371 1093 1490 1120 nunc
1515 1076 1586 1120 ho-

132 1180 143 1198 (
180 1173 261 1199 nor
296 1155 518 1216 praesentis
547 1162 590 1196 et
622 1153 783 1213 gratia,
811 1151 933 1212 qnasi
971 1152 1194 1206 satietate,
1222 1148 1505 1211 languescet?
1529 1152 1586 1194 At

179 1290 259 1316 sunt
271 1284 394 1314 mollius
411 1283 571 1323 leniusque
582 1282 665 1312 duri.
678 1277 848 1324 Equidem

178 1344 279 1369 tenco
294 1334 440 1367 Gesneri
457 1333 652 1365 lectionem.
674 1333 707 1365 S.

237 1391 267 1420 6.
302 1390 389 1429 Quas
416 1387 527 1417 {acoris
552 1398 616 1416 esse
640 1387 779 1416 dicebat.
807 1384 847 1415 In

179 1440 258 1475 cod.
277 1439 372 1473 deest
389 1452 482 1481 quas.
506 1438 559 1471 Sic
579 1437 687 1469 oratio
704 1436 850 1469 vividior

179 1494 229 1526 fit.
247 1492 383 1526 Centies
397 1490 528 1523 librarii
545 1491 626 1523 talia
640 1490 849 1535 pronomina

177 1547 399 1580 inserserunt.
426 1545 475 1576 De
498 1546 555 1586 qm'
572 1543 649 1576 vide
670 1543 846 1575 Drakenb.

179 1598 224 1631 ad
246 1599 321 1631 Liv.
346 1599 384 1638 Ι,
406 1603 447 1638 [ta
471 1596 579 1636 551,
603 1609 665 1636 20,
686 1597 719 1637 4.
742 1597 775 1628 S.
803 1616 848 1620 —-

178 1655 283 1693 Quam
312 1653 471 1693 virginem
504 1652 638 1692 accepit.
673 1650 744 1681 Cur
776 1648 847 1681 iiaec

178 1703 274 1736 addit
291 1703 420 1735 Plinius
433 1702 446 1735 P
459 1702 618 1734 Tantane
635 1701 767 1734 ruditas
783 1702 847 1734 suit

178 1757 351 1801 virginum
365 1757 597 1788 Romanarum
611 1779 619 1794 ,
634 1767 708 1799 quac
723 1754 848 1788 docen-

177 1809 222 1841 do
242 1821 329 1855 aegre
351 1808 541 1853 expugnari
559 1807 696 1852 posset?
714 1808 767 1839 An
789 1808 846 1841 illa

177 1869 248 1894 tam
262 1869 379 1895 tenera
396 1868 453 1893 aut
467 1860 580 1905 puella
592 1885 600 1899 ,
616 1868 654 1892 ut
670 1859 846 1893 literarum

177 1915 373 1948 doctrinam
390 1914 463 1947 haec
481 1912 698 1946 imbecillitas
717 1913 773 1945 vix
793 1925 847 1946 ca-

176 1968 292 2014 peret?
319 1969 384 2008 At,
413 1979 488 2012 quae
516 1974 597 1999 aetas
623 1966 847 1999 matrimonio

177 2030 255 2066 apta
275 2029 347 2054 erat
362 2046 369 2061 ‚
387 2033 449 2054 cur
465 2019 669 2053 institutioni
688 2031 759 2051 non
776 2020 847 2052 fue-

176 2074 243 2106 rit?
257 2075 335 2106 Non
349 2075 514 2106 haererem
530 2097 538 2112 ‚
556 2072 583 2104 si
600 2084 709 2104 unum
724 2072 846 2104 verbu-

177 2128 249 2161 lum
263 2125 421 2159 additum
436 2134 524 2157 essct
537 2136 544 2157 :
561 2134 627 2156 tam
641 2126 702 2155 cito
718 2126 846 2155 doceam

172 2182 374 2223 politamque
387 2179 574 2209 reddiderit.
591 2177 631 2209 E.
650 2196 695 2200 ———
710 2177 752 2209 In
767 2176 847 2209 scir-

176 2244 221 2277 po
236 2230 368 2264 nodum
382 2230 503 2275 quaerit
518 2229 696 2261 Ernestius
710 2254 717 2267 ‚
738 2228 846 2261 nihilo

176 2285 232 2318 hic
256 2283 488 2330 perspicacior
513 2281 666 2314 Barthio.
694 2282 846 2315 Duxerat

175 2350 318 2370 >uxorem
343 2335 548 2370 Saturninus
573 2334 723 2379 puellam
738 2359 747 2374 ‚
773 2347 845 2367 non

176 2390 271 2423 illam
285 2388 426 2434 quiden-1
440 2386 564 2420 rudem
580 2411 589 2427 ,
606 2386 665 2420 sed
685 2400 755 2420 non
775 2395 846 2420 tam

177 2442 313 2476 doctam
332 2442 543 2487 politamque
560 2464 569 2480 ‚
587 2447 624 2472 ut
644 2440 678 2471 in
694 2440 845 2485 epistolis

176 2495 366 2528 scribendis
388 2494 548 2526 Plautum
571 2492 626 2525 vel
643 2493 845 2526 Terentium

177 2556 287 2580 metro
301 2548 451 2580 solutum
464 2546 590 2579 referre
603 2552 731 2590 posset.
744 2545 844 2579 Hunc

176 2601 305 2645 ingenii
325 2601 455 2633 cultum
474 2598 537 2631 soli
554 2604 734 2643 acceptum
754 2598 842 2630 refe·

176 2654 274 2686 rebat
298 2653 444 2691 marito,
465 2650 509 2684 ad
535 2662 638 2695 quein
665 2652 757 2692 mirga
781 2649 841 2682 d«)-

177 2718 271 2740 ,vnnm
290 2704 437 2738 deducta
454 2705 578 2736 fuerat.
599 2703 631 2735 S.

965 1282 997 1311 8.
1013 1281 1126 1321 Neque
1139 1280 1220 1309 enim
1237 1279 1339 1310 debet.
1358 1278 1463 1310 Abest
1478 1277 1512 1309 in
1529 1277 1587 1310 ali·

916 1338 1001 1376 quot
1019 1330 1076 1362 libi
1086 1331 1113 1363 is
1133 1333 1227 1363 enim.
1250 1330 1355 1362 Bene.
1372 1331 1406 1363 S.
1427 1350 1473 1354 ——
1494 1333 1589 1371 Quod

914 1386 1006 1416 vivit.
1025 1383 1155 1415 Passim
1174 1390 1436 1427 conqueruntur
1453 1389 1560 1427 poetae
1574 1406 1583 1421 ,

915 1436 1059 1480 gloriam
1079 1436 1143 1469 sibi
1161 1437 1281 1480 negari
1300 1435 1399 1468 vivis.
1420 1439 1583 1476 Quatenus

913 1489 1053 1531 (Horat.
1075 1487 1143 1521 Od.
1166 1489 1241 1527 ΙΙΙ,
1262 1492 1301 1528 24
1318 1513 1326 1527 ‚
1349 1489 1409 1531 30)
1434 1505 1448 1515 α
1463 1487 1584 1519 Virtu-

912 1550 980 1574 tem
1000 1541 1208 1574 incolumem
1224 1539 1361 1573 odimus
1379 1551 1386 1572 :
1412 1539 1583 1572 sublatam

914 1607 953 1627 ex
981 1595 1091 1628 oculis
1121 1594 1306 1639 quaerimus
1337 1592 1459 1625 invidi.
1477 1609 1493 1620 2>
1517 1591 1584 1626 Sed

913 1647 1028 1681 dedita
1042 1659 1147 1693 opera
1163 1646 1230 1679 hoc
1252 1653 1497 1691 argumentum
1517 1652 1584 1678 tra-

913 1708 983 1733 ctat
997 1700 1089 1733 idem
1107 1712 1162 1745 ep.
1183 1701 1217 1732 It
1229 1725 1238 1739 ‚
1260 1712 1272 1732 1
1287 1724 1296 1738 ‚
1320 1699 1357 1731 18
1369 1724 1377 1737 ‚
1392 1711 1468 1744 sqq.
1483 1697 1583 1730 Adde

912 1753 1071 1793 Mart.V‚
1091 1766 1143 1786 10.
1163 1753 1206 1785 G.
1222 1773 1269 1776 —
1283 1754 1457 1795 Imagines.
1473 1752 1583 1784 Orna—

911 1814 1067 1839 mentum
1089 1805 1318 1839 bibliothecis.
1334 1803 1417 1837 Vid.
1440 1805 1582 1849 epistola

910 1860 1080 1904 proxima.
1093 1858 1136 1892 G.
1153 1879 1199 1884 ——
1216 1860 1316 1899 Quasi
1328 1859 1494 1895 sacietate,
1512 1860 1580 1889 lan-

907 1923 1045 1955 guescet.
1077 1913 1175 1944 Rom.
1212 1912 1313 1952 Quasi
1338 1912 1487 1941 sacietate
1514 1912 1582 1941 lan-

908 1967 1042 2008 guescit.
1069 1965 1122 1997 Ita
1148 1972 1181 1997 et
1212 1962 1282 1995 dno
1313 1961 1579 1994 Brummeriani.

910 2018 987 2050 Non
1021 2017 1134 2063 placet
1160 2016 1227 2049 hoc
1260 2023 1395 2059 tempus
1424 2014 1542 2047 Cortio
1571 2026 1578 2046 :

911 2070 1003 2103 idem
1022 2083 1103 2103 vero
1126 2069 1211 2102 illud
1230 2070 1295 2101 fert
1314 2067 1374 2100 lib.
1392 2067 1503 2106 VIII,
1523 2079 1579 2112 ep.

915 2135 953 2155 12
970 2148 977 2161 ,
1000 2123 1018 2156 3
1034 2147 1042 2162 ,
1059 2123 1119 2155 ubi
1138 2121 1259 2154 iisdem
1278 2120 1456 2166 particulis
1473 2133 1536 2158 an,
1553 2123 1581 2152 si

912 2175 1103 2220 subjicitur.
1135 2176 1204 2207 Nec
1238 2181 1354 2206 tamen
1383 2171 1578 2212 diffitebor,

910 2228 945 2260 in
967 2229 1065 2260 Rom.
1087 2240 1160 2260 non
1179 2239 1251 2259 essc
1270 2240 1332 2264 an,
1357 2228 1387 2258 si
1406 2227 1488 2257 incer
1506 2238 1578 2263 eos,

911 2280 969 2313 sed
995 2290 1032 2311 at
1055 2281 1083 2312 si
1117 2293 1128 2310 .·
1163 2278 1257 2324 quod
1291 2291 1374 2312 vero
1392 2303 1401 2318 ‚
1431 2277 1513 2322 quia
1545 2287 1581 2308 at

910 2333 1063 2378 proxime
1105 2332 1248 2365 iteratur
1266 2357 1275 2372 ‚
1311 2331 1472 2376 praeferre
1509 2341 1579 2361 non

910 2398 1063 2430 possum.
1099 2385 1144 2417 H.
1181 2405 1227 2410 —
1258 2386 1372 2417 Locus
1403 2382 1460 2415 ille
1495 2381 1580 2414 alter

910 2438 1087 2471 Plinianus
1100 2445 1236 2482 tempus
1249 2448 1398 2483 praesens
1408 2433 1557 2479 postulat
1569 2446 1578 2472 ς

909 2491 976 2524 hoc
996 2490 1074 2523 loco
1094 2490 1250 2523 futurum
1276 2486 1513 2535 praestabilius.
1535 2490 1582 2517 Ac

909 2547 938 2576 si
960 2543 1089 2577 habent
1106 2568 1115 2583 ,
1134 2550 1258 2588 praeter
1276 2544 1464 2574 Romanam
1478 2564 1486 2578 ,
1507 2550 1580 2570 om—

910 2610 971 2630 nes
989 2597 1105 2642 scripti
1120 2595 1213 2641 apud
1230 2594 1398 2628 Cortium.
1418 2593 1495 2625 Non
1515 2591 1580 2623 fer*

911 2663 983 2682 rem
1000 2674 1008 2689 ,
1034 2648 1163 2682 nedum
1196 2647 1392 2693 praeferrem
1410 2669 1419 2685 ‚
1447 2643 1579 2677 etiamsi

912 2713 947 2734 nt
963 2714 1032 2736 non
1054 2702 1207 2745 proxime
1226 2700 1418 2733 iteraretur.
1436 2697 1470 2731 S.
