1757 2880
459 122 547 165 AI)
582 123 618 164 J.
657 122 708 163 A.
745 113 1172 166 ERNESTIUM.
1444 126 1516 155 xm

114 205 299 248 humane,
328 209 367 237 et
393 209 438 238 ut
459 202 566 237 decet
597 200 727 236 literas
753 210 925 245 nostras,
951 209 1101 234 mecum
1130 194 1226 243 egit,
1249 192 1391 242 gratias
1416 205 1517 240 ag03

115 264 220 313 quod
237 276 256 298 a
272 262 411 310 scripto
431 275 468 298 se
490 263 550 297 vix
567 274 608 298 ac
629 275 676 298 ne
693 262 753 297 vix
768 263 923 310 quidem
940 256 1136 295 demoveri
1150 255 1313 304 patitur,
1332 253 1466 300 laudo,
1482 263 1520 291 et

116 324 312 362 commode
332 323 502 360 accidere
522 323 644 359 Plinio
666 323 855 369 arbitror3
877 321 983 373 quod
1008 318 1165 356 seorsim
1187 330 1207 352 a
1228 329 1291 352 me
1314 314 1428 351 sentit
1447 314 1519 349 ali—

115 386 285 434 quoties,
306 398 383 421 non
404 385 543 429 miror;
567 398 645 421 non
667 397 762 434 aegre
793 386 873 421 fero
900 381 1075 434 quaedam
1099 381 1228 430 paullo
1250 376 1520 415 inclementius

115 447 233 492 dicta3
253 447 286 483 si
302 447 396 495 quid
416 446 487 496 ipsi
508 446 664 492 excidit,
684 459 762 482 non
783 447 944 495 exagito.
965 444 1039 480 Sed
1061 455 1184 490 neque
1206 441 1382 475 futurum
1406 444 1518 485 puto,

114 518 155 545 ut
171 510 357 546 irascatur
375 509 435 546 vir
452 509 749 545 humanissimus
762 538 771 554 ‚
790 509 821 545 si
842 508 975 545 eodem
996 505 1184 548 candore,
1205 516 1282 551 quo
1299 514 1380 538 mea
1401 499 1521 547 ipsius

113 579 234 606 errata
253 583 330 606 non
347 569 546 606 dissimulo
558 599 567 615 ‚
586 572 806 619 eademque,
823 583 895 619 qua
914 570 994 618 ipse
1014 568 1052 602 in
1070 566 1165 602 meis
1184 565 1315 607 utitur,
1332 563 1518 605 libertate,

112 644 180 668 nec
203 632 295 668 mihi
326 632 495 680 undique
524 632 702 680 probari,
732 645 814 680 quae
844 632 917 679 ipsi
950 630 1069 673 dixit,
1091 626 1237 671 omnia,
1257 623 1462 673 profitear,
1484 630 1521 658 et

112 693 286 740 quaedam
304 705 436 728 eorum
455 692 516 729 hic
532 692 717 738 indicem,
736 701 779 729 ut
794 693 922 730 statim
939 691 1055 736 illud,
1073 689 1181 739 quod

162 773 211 816 II,
235 770 268 815 5,
290 771 429 807 retinet
445 772 600 821 quidem
618 773 823 819 (lzgrtzosque
846 784 913 806 nos
932 770 1031 805 illius
1054 781 1119 802 usn
1136 766 1352 814 probemus;
1371 763 1434 800 sed
1453 775 1520 797 or-

112 839 188 867 tam
211 832 426 880 suspicatnr
452 834 546 868 hanc
576 832 781 868 lectionem
808 845 853 867 ex
876 830 1067 879 repetitis,
1088 841 1195 864 more
1227 827 1319 863 alias
1350 825 1519 871 solenni,

109 893 258 930 duabus
282 894 396 930 literis
412 895 472 930 VS
489 895 527 929 in
553 894 712 931 vocibus
742 895 889 930 duabus
918 900 1106 942 perpetuo
1134 898 1265 925 tenore
1291 888 1441 935 scriptis
1463 900 1521 922 11.-

109 966 240 1000 LmsU,
267 968 389 1003 quum
410 963 534 992 tamen
552 956 774 1003 simpliciter
794 955 867 1004 legi
888 954 1065 990 debuerit
1085 953 1145 987 c'llc'
1165 964 1245 986 usu.
1266 952 1352 985 Non
1372 961 1518 993 vereor,

108 1027 155 1050 ne
169 1015 243 1050 hoc
262 1015 398 1062 probes
418 1030 493 1064 prae
514 1030 553 1053 ea
571 1017 752 1061 lectione,
770 1030 886 1065 quam
902 1029 972 1051 nos
989 1014 1183 1056 dedimus,
1203 1023 1395 1060 quamque
1410 1010 1519 1046 Peri-

110 1075 220 1110 zonio
236 1076 348 1111 etiam
368 1077 589 1124 probatam,
607 1078 663 1113 Cl.
682 1077 913 1114 Arntzenius
930 1077 1040 1111 docet
1053 1103 1062 1120 ‚
1085 1074 1152 1123 qui

160 1148 230 1189 ΙΙΙ,
253 1160 284 1190 1,
309 1150 534 1182 (emulemur
547 1147 671 1192 dedit,
686 1147 755 1182 ubi
770 1145 860 1191 nos,
882 1145 1053 1181 Livineio
1074 1144 1252 1192 etLipsio
1273 1142 1517 1187 auctoribus,

107 1207 317 1250 (enudetur,
333 1207 437 1254 quod
455 1208 589 1243 melius
606 1207 790 1242 nimirum
808 1206 1086 1254 intelligebam,
1105 1212 1141 1239 et
1158 1204 1419 1240 intellecturos
1437 1216 1518 1251 spe—

108 1266 239 1303 rabam
261 1269 366 1303 alios.
385 1267 500 1303 Plane
519 1276 648 1304 autem
670 1268 805 1313 laudo,
827 1267 932 1315 quod

160 1338 224 1382 IV,
241 1351 273 1380 ι,
291 1350 337 1372 ex
351 1337 457 1373 libris
472 1337 636 1386 antiquis
648 1338 791 1386 posuit,
808 1338 877 1372 sed
881 1336 1098 1385 parendum
1111 1343 1164 1371 est
1178 1336 1512 1378 senatusconsulto,

106 1400 227 1445 quod,
248 1407 319 1435 etc.

158 1472 223 1515 IV,
244 1470 279 1505 3:
297 1477 427 1506 tuetur
442 1470 653 1519 vulgatum,
672 1472 742 1506 sed
756 1471 804 1505 ab
819 1470 1015 1518 agentibus
1029 1469 1207 1512 habetur,
1224 1475 1260 1503 et
1275 1466 1423 1515 quaerit,
1439 1467 1516 1503 Cur

106 1530 192 1565 talis
209 1531 336 1566 honor
353 1531 553 1579 agentibus
575 1532 716 1581 gratias
738 1545 755 1567 a
776 1531 941 1579 Trajano
960 1544 1038 1567 non
1059 1530 1107 1566 sit
1126 1529 1279 1566 habitus
1300 1528 1393 1564 alias
1412 1541 1512 1578 quo-

106 1592 203 1640 que?
218 1593 466 1642 Respondeo‚
488 1594 579 1642 quia
595 1594 641 1629 de
661 1594 734 1628 illis
749 1593 908 1641 privatis
929 1593 1060 1641 gratiis
1082 1605 1159 1628 non
1178 1592 1440 1627 intercesserat
1462 1603 1515 1626 se-

105 1654 457 1699 natusconsultum,
473 1654 737 1690 intercesserat
760 1655 807 1690 de
832 1654 1007 1702 publicis.
1030 1653 1185 1690 Senatui
1209 1666 1301 1701 ergo
1323 1653 1513 1688 honorem

106 1711 234 1759 habet,
247 1726 367 1763 quum
386 1714 504 1762 ipsius
520 1715 755 1760 auctoritati,
774 1715 889 1751 etiam
901 1722 1033 1751 contra
1046 1722 1223 1749 naturam
1241 1725 1345 1748 suam
1366 1721 1402 1748 et
1415 1725 1515 1747 com-

105 1775 285 1819 modum,
314 1775 426 1811 cedit.
453 1776 596 1811 Firmat
627 1776 853 1812 sententiam
878 1784 1071 1821 nostram,
1097 1775 1206 1823 quod
1228 1773 1426 1822 sequitur,
1449 1772 1516 1807 tibi

104 1836 237 1870 audire
258 1848 404 1870 necesse
424 1844 491 1871 est.

155 1906 202 1949 V,
227 1905 261 1940 8.
283 1908 396 1941 Illum
421 1909 620 1942 tumultum
632 1908 889 1954 proesoeviisse
914 1920 959 1943 ex
980 1906 1170 1943 Vossiano
1194 1906 1296 1941 libro
1327 1904 1431 1940 dedit
1454 1904 1514 1939 vir

104 1966 222 2002 celeb.
242 1968 349 2014 quod
371 1968 520 2016 elegans
542 1980 631 2005 sane
656 1976 693 2004 et
708 1968 771 2004 vix
795 1981 816 2004 a
839 1968 986 2005 librarii
1014 1967 1169 2018 ingenio
1197 1965 1425 2015 profectum.
1451 1966 1512 2002 Sic

102 2026 244 2074 placet,
261 2041 380 2077 quum

156 2098 202 2141 V,
220 2110 257 2145 9,
276 2110 323 2133 ex
338 2100 505 2134 adversis
519 2101 689 2135 secunda
707 2107 917 2135 nascantur
930 2099 1045 2135 etiam
1060 2098 1147 2135 ideo
1163 2097 1334 2146 praefert,
1352 2096 1442 2145 quia
1458 2110 1513 2132 se—

105 2157 246 2191 minum
263 2159 391 2194 statim
407 2160 550 2195 mentio
568 2159 783 2206 subjicitur.

156 2228 228 2271 IX,
246 2240 280 2263 2.
297 2230 384 2264 Non
395 2230 485 2266 satis
505 2238 680 2266 accurate
692 2230 861 2266 rationes
881 2230 1049 2266 subduxi
1069 2229 1108 2265 in
1122 2230 1282 2265 Patricia*
1294 2228 1511 2276 explicatio-

102 2299 170 2332 ne,
190 2301 311 2334 quum
338 2299 425 2336 post
452 2292 580 2327 locum
606 2292 728 2327 Taciti
759 2290 902 2337 subjeci
927 2291 1065 2335 verba,
1088 2291 1172 2338 quis
1199 2298 1326 2324 autem
1357 2290 1512 2323 consule

101 2349 264 2384 clarior?
286 2350 368 2386 Hoc
384 2351 485 2386 enim
502 2352 542 2387 in
556 2352 766 2398 Trajanum
787 2359 936 2398 patrem
951 2365 999 2387 an
1018 2351 1223 2387 conveniat
1236 2379 1245 2395 ‚
1267 2351 1510 2385 vehementer

101 2409 288 2445 incertum
305 2419 377 2457 est,
390 2424 510 2459 quum
528 2425 603 2447 non
620 2421 782 2458 constet,
795 2426 844 2448 an
863 2413 945 2459 ejus
963 2425 1120 2462 quoque
1140 2420 1258 2460 pater,
1278 2412 1317 2446 id
1332 2419 1398 2455 est,
1416 2424 1509 2447 avus

102 2470 291 2521 Principis
313 2473 469 2520 optimi,
487 2474 689 2510 consulatu
712 2475 866 2510 functus
887 2474 1026 2509 suerit?
1048 2474 1261 2509 tacentibus
1285 2473 1407 2508 Fastis
1422 2501 1432 2517 ‚
1450 2481 1509 2508 ta—

103 2539 210 2568 cente
229 2533 314 2581 ipso
339 2533 474 2570 Plinio.
500 2536 634 2582 Itaque
660 2536 845 2572 sollicitor
858 2536 984 2585 legere
1001 2535 1038 2571 h.
1056 2537 1080 2571 l.
1110 2536 1322 2571 Credenene
1334 2535 1504 2582 posteri,

103 2591 330 2638 Patricium,
350 2603 387 2630 et
414 2595 615 2631 consulari
624 2622 750 2631 .....
761 2597 938 2644 genitum.
967 2596 1070 2633 Nihil
1095 2596 1169 2633 fuit
1198 2595 1368 2642 facilius,
1389 2607 1505 2644 quam
