1742 2989
214 217 305 278 374

665 213 714 255 C.
750 208 979 251 PLINII
1013 209 1137 251 LIB.
1173 209 1256 251 VI.

212 297 302 353 vel,
334 295 451 357 quod
482 292 617 345 malo,
645 307 790 335 coram
823 288 1054 341 indicabo,
1082 290 1115 332 si
1147 292 1267 349 prius
1298 286 1613 346 haesitationem

209 387 351 414 meam
377 367 622 413 ostendero.
658 364 853 419 Dubito,
880 379 985 406 num
1016 362 1127 406 idem
1160 363 1234 405 ribi
1266 361 1469 417 suadere,
1496 361 1617 420 quod

167 463 183 481 2
210 443 344 497 mihi,
368 441 563 485 debeam.
585 438 851 499 Designatus
875 453 956 496 ego
978 435 1126 479 consul
1143 471 1154 489 ‚
1172 437 1289 478 omni
1311 435 1414 484 hac,
1432 435 1508 477 etsi
1528 451 1617 477 non

210 515 481 569 adulatione,
506 513 649 573 specie
673 521 818 554 tamen
846 508 1131 561 adulationis,
1151 508 1340 551 abstinui
1366 523 1374 551 :
1403 523 1491 550 non
1519 516 1615 549 tan-

211 605 341 650 quam
370 587 481 630 liber
505 597 547 629 et
574 594 804 637 constans,
832 584 906 626 sed
938 592 1147 642 tanquam
1177 581 1423 641 intelligens
1450 579 1616 640 princi-

210 662 276 722 pis
302 661 439 704 nostri
471 675 479 701 :

509 659 634 718 cujus
659 656 855 700 videbam
879 656 993 698 hanc
1019 671 1109 698 esse
1134 656 1398 715 praecipuam
1425 652 1616 707 laudem,

166 740 184 772 3
211 733 245 777 si
261 732 368 776 nihil
384 732 507 792 quasi
522 748 572 774 ex
587 731 844 773 necessitate
868 727 1158 771 decernerem.
1184 727 1463 771 Recordabar
1485 726 1617 768 etiam

210 805 421 866 plurimos
436 805 625 848 honores
642 803 827 864 pessimo
839 802 998 862 cuique
1009 800 1194 853 delatos3
1208 816 1231 843 a
1247 800 1405 860 quibus
1425 799 1494 842 hic
1508 798 1618 858 opti-

211 895 309 921 mus
339 878 527 937 separari
553 893 643 919 non
670 875 756 919 alio
782 874 913 918 modo
940 875 1077 935 magis
1102 883 1295 934 poterat,
1323 889 1453 932 quam
1479 872 1617 914 ‹liver-

211 953 337 995 sitate
354 950 556 994 censendi
578 967 586 993 ε
604 949 721 1010 quod
742 949 884 1009 ipsum
907 947 1248 991 dissimulatione
1269 956 1310 989 et
1334 945 1505 988 silentio
1527 960 1618 987 non

183 1028 190 1074 ὶ,
211 1025 425 1084 praeterii,
450 1041 505 1067 ne
531 1024 642 1068 forte
669 1039 756 1066 non
779 1022 994 1083 judicium
1021 1020 1128 1064 illud
1160 1037 1327 1073 meum,
1357 1018 1428 1063 sed
1457 1016 1618 1060 oblivio

168 1106 187 1136 4
211 1097 446 1140 videretur.
474 1099 570 1140 Hoc
596 1106 700 1139 tunc
734 1111 815 1156 ego
846 1112 854 1138 :

891 1094 964 1137 sed
995 1111 1083 1137 non
1116 1093 1319 1136 omnibus
1350 1091 1497 1135 eadem
1524 1089 1618 1150 pla—

213 1179 336 1223 cent,
363 1186 442 1214 nec
469 1170 738 1213 conveniunt
763 1167 951 1228 quidem.
984 1168 1219 1222 Praeterea7
1245 1163 1428 1208 faciendi
1455 1161 1619 1222 aliquid

212 1243 279 1287 vel
306 1260 392 1287 non
419 1242 604 1287 faciendi
624 1258 722 1285 vera
749 1242 859 1284 ratio
882 1257 1016 1301 quum
1037 1240 1264 1283 hominum
1289 1239 1506 1299 ipsorum,
1524 1245 1617 1278 tum

171 1332 187 1363 5
215 1332 358 1360 rerum
386 1318 515 1359 etiam
543 1332 592 1358 ac
619 1325 865 1374 temporum
894 1313 1146 1357 conditione
1173 1321 1382 1356 mutatur.
1409 1311 1521 1354 Nam
1549 1325 1619 1351 re-

215 1389 357 1432 centia
385 1404 517 1448 opera
546 1388 723 1431 maximi
751 1386 960 1447 principis
988 1386 1183 1447 praebent
1214 1383 1461 1428 facultatem
1486 1397 1619 1434 nova,

214 1577 269 1601 tur
280 1593 288 1608 ‚
300 1568 571 1612 Corti11=S.Vulgo
581 1568 774 1612 legebatur:
790 1582 802 1594 n
814 1577 885 1598 ma-

214 1621 295 1653 teria
316 1633 323 1653 :
342 1629 476 1657 tamen,
498 1620 591 1664 quod
611 1619 702 1651 'nalo
721 1619 861 1664 quidem
874 1643 883 1658 ,

214 1672 386 1705 indicabo.
406 1689 418 1700 ι’
429 1673 472 1705 G.
485 1693 527 1697 —-
540 1673 648 1704 Etiam
664 1673 761 1704 Rom.
774 1688 786 1699 «
796 1671 885 1704 Scri-

214 1726 294 1758 bam
305 1733 416 1758 tamen
430 1750 438 1764 ‚
450 1726 503 1758 vel
515 1750 523 1764 ‚
535 1724 629 1769 qnod
643 1725 732 1756 malo
744 1748 752 1763 ‚
767 1736 884 1756 coram

216 1777 415 1811 indicabo.»
436 1778 479 1809 H.

261 1851 306 1856 -—-
320 1835 369 1862 Du
376 1833 438 1862 bito
449 1856 456 1867 ‚
485 1843 558 1861 nam
569 1854 578 1867 ,
604 1836 668 1861 etc.
693 1830 790 1860 Rom.
814 1830 885 1859 Non

217 1885 326 1914 dubito
346 1885 428 1914 idem
454 1885 511 1914 tibi
531 1884 682 1919 suadere,
703 1882 792 1923 quod
809 1881 888 1911 mihi

217 1938 358 1967 debeam.
377 1935 419 1967 H.

266 2001 282 2020 2
291 2014 297 2019 .
311 1991 363 2019 Es
374 1988 525 2018 necessita
532 1996 560 2017 te
571 1988 778 2017 decernerem.
791 1986 886 2017 Rom.

218 2043 270 2070 Ex
285 2042 469 2071 necessitate
485 2041 675 2070 decerneret.
691 2038 734 2071 H.

267 2092 297 2124 3.
312 2094 457 2125 pessimis
471 2091 658 2124 Caesaribus
670 2091 824 2135 ingentes
838 2102 891 2122 ar-

217 2155 300 2182 cus,
326 2143 494 2176 excessuri
520 2144 725 2187 templorum
753 2142 888 2187 fastigia

217 2195 328 2233 tituli,
346 2207 478 2227 menses
495 2195 596 2228 etiam
621 2194 724 2227 dicati
744 2201 822 2226 suut
843 2194 888 2225 ob

217 2259 270 2280 res
297 2247 493 2280 levissimas.
516 2248 580 2279 ΕΙ).
597 2268 641 2271 -—
655 2249 808 2291 Separari
824 2260 887 2278 non

219 2301 284 2331 alio
310 2302 423 2337 modo,
446 2307 510 2331 etc.
537 2301 632 2331 Rom.
657 2301 801 2342 Seperari
823 2299 888 2343 [ita

218 2352 396 2397 scriptum]
409 2365 471 2384 non
483 2353 548 2383 alio
560 2354 658 2395 magis
663 2361 804 2395 poterat,
817 2351 889 2383 sine

218 2407 324 2436 modo.
346 2404 389 2437 H.
406 2425 451 2429 ——
468 2403 697 2436 plurimorum
718 2403 884 2436 librorum

218 2457 423 2489 auctoritate
453 2456 566 2489 omisit
599 2459 691 2487 modo
726 2456 886 2497 Cornus,

219 2522 320 2553 quem
345 2509 517 2554 Gierigius
543 2517 679 2541 secutus
704 2516 765 2541 est.
788 2510 822 2542 S.
842 2499 888 2533 ,-'

219 2563 347 2593 Silentio
367 2575 430 2592 non
445 2563 600 2604 parterii.
627 2560 701 2593 Hoc
721 2561 765 2592 ita
787 2560 888 2593 intel-

218 2613 299 2657 ligo.
327 2613 530 2658 Designatus
558 2612 677 2646 consul
710 2612 889 2646 Secundus

218 2666 447 2710 interrogatus
463 2679 480 2699 a
495 2665 637 2698 consule
650 2666 811 2698 Senatum
829 2665 888 2697 ha-

219 2718 337 2758 bevre,
360 2720 440 2760 quid
461 2732 580 2757 censes,
605 2720 770 2750 Secvndefl
789 2729 886 2749 exor-

951 1564 1009 1597 dio
1033 1564 1093 1597 tali
1122 1576 1202 1597 usus
1226 1570 1294 1602 est,
1315 1561 1365 1594 uti
1385 1560 1538 1593 diceret:
1557 1575 1570 1588 «x
1584 1570 1619 1591 sc

950 1616 1063 1653 studio
1077 1617 1246 1650 abstinere
1255 1615 1312 1647 hic
1324 1627 1342 1647 a
1352 1613 1512 1646 laudibus
1524 1612 1620 1658 prin-

950 1670 1034 1715 cipis
1049 1695 1057 1708 ,
1083 1677 1115 1702 et
1139 1669 1190 1702 uti
1214 1668 1376 1701 felicitate
1401 1674 1619 1711 teiiiporun1‚

950 1736 1018 1768 qua
1035 1723 1137 1756 etiam
1155 1721 1197 1754 de
1212 1721 1299 1754 veris
1312 1719 1494 1752 decoribus
1508 1718 1622 1762 Impe-

952 1775 1076 1807 rann-is
1086 1774 1308 1807 tacereliceat
1318 1798 1327 1813 ‚
1339 1780 1401 1806 etc.
1410 1771 1619 1803 ›³G.—Rom.

961 1844 973 1856 α
988 1825 1092 1867 Quod
1117 1826 1227 1871 ipsum
1254 1838 1323 1857 non
1349 1821 1622 1856 dissimulatione

954 1886 984 1911 et
1003 1879 1136 1911 silentio
1149 1877 1307 1923 praeterii.
1318 1893 1329 1905 n
1340 1877 1432 1908 H.-
1441 1873 1620 1907 Genuinus

954 1931 1039 1965 ordo
1055 1932 1133 1963 libri
1148 1930 1303 1963 Romani.
1318 1930 1351 1963 S.

1000 1985 1034 2025 4.
1054 1987 1119 2015 Nec
1133 1985 1329 2015 conveniunt.
1346 1981 1463 2013 Malim
1476 2005 1484 2019 ‚
1497 1992 1535 2011 ne
1548 1992 1621 2011 con-

955 2039 1081 2069 venium
1095 2051 1105 2068 .·
1119 2037 1224 2082 prima
1245 2034 1339 2068 voci<
1358 2032 1555 2078 posterioris
1579 2031 1621 2063 li·-

953 2097 1026 2122 tera
1046 2097 1172 2122 temere
1189 2087 1370 2120 adhaesisse
1388 2085 1520 2118 aidetur
1534 2095 1622 2129 prae-

954 2141 1101 2174 cedenti.
1120 2140 1163 2172 G.
1176 2159 1215 2164 —
1227 2139 1355 2171 Dubito
1366 2138 1408 2171 de
1421 2136 1622 2170 necessitate

954 2193 1164 2226 mutationis.
1191 2195 1273 2224 Nec.
1291 2216 1298 2223 .
1314 2218 1320 2224 .
1337 2192 1479 2234 quidem
1496 2190 1553 2223 hic
1572 2195 1623 2221 est

954 2256 984 2278 ec
995 2260 1049 2278 ne.
1066 2271 1071 2276 .
1089 2247 1242 2288 .qm'dem.
1262 2244 1294 2278 S.

999 2319 1044 2323 ——-
1055 2298 1358 2338 Faciendialiquid,
1375 2303 1439 2328 etc.
1448 2296 1546 2327 Rom.
1558 2297 1621 2325 Fa-

954 2353 1059 2383 ciendi
1081 2351 1209 2393 aliqm'd
1229 2362 1291 2380 ηοη
1311 2349 1498 2389 fhciendive.
1516 2347 1560 2379 H.
1575 2365 1620 2370 ——

955 2407 1056 2444 Quum
1074 2405 1235 2435 hominum
1249 2404 1396 2444 ipsorum.
1408 2401 1505 2433 Rom.
1519 2402 1620 2440 Quum

954 2459 1091 2499 ipsorum
1118 2457 1291 2486 hominum.
1321 2451 1452 2486 Deinde
1479 2453 1619 2484 conditio

954 2518 1111 2547 mutemur,
1132 2513 1291 2546 σολοικῶς.
1306 2505 1350 2538 H.

1002 2560 1033 2593 5.
1049 2559 1101 2592 Ad
1116 2559 1265 2595 recentia
1283 2570 1386 2603 opera
1400 2555 1620 2589 referendum

954 2613 1081 2646 bellum
1114 2613 1277 2645 Dacicum
1292 2636 1301 2651 ‚
1328 2609 1422 2655 quod
1448 2609 1619 2655 Trajanus

954 2665 1102 2710 primum
1117 2677 1148 2698 a.
1166 2664 1242 2697 chr.
1261 2675 1320 2698 102
1334 2688 1342 2703 ‚
1364 2660 1488 2695 deinde
1506 2662 1619 2694 rediu-

953 2726 1120 2762 tegratmn
1142 2730 1172 2749 a.
1198 2718 1279 2755 106,
1298 2715 1438 2750 feliciter
1456 2714 1617 2748 confecit.
