1757 2880
222 193 283 220 ΧΗ
747 183 1104 227 PRAEFATIO

218 278 435 322 Ernestio
453 277 606 324 facere
628 280 893 342 placuerat,
914 282 1057 329 fidem
1081 300 1233 330 meam
1255 284 1510 331 sublestam
1526 287 1630 333 red·

220 357 349 414 dere,
362 359 745 424 desideriumque
760 365 1017 411 accendere
1033 368 1335 430 superiorum
1350 368 1627 415 editionum.

292 442 467 487 Eadem
513 453 559 488 et
596 445 773 506 majore
813 447 955 492 etiam
998 449 1228 512 religione
1269 450 1491 507 exhibui,
1524 469 1629 514 quae

220 539 349 569 nunc
383 525 587 586 primum
624 527 883 589 prodeunt,
908 531 1112 576 Ernestii
1139 531 1497 578 adnotationes:
1524 550 1628 579 cor-

219 607 320 650 rexi
346 606 463 651 nihil
485 609 572 652 nisi
593 620 783 671 apertos
805 611 969 657 calami
990 613 1165 676 lapsus.
1198 616 1243 660 Si
1264 616 1381 677 quid
1404 626 1630 679 praeterea

218 690 463 734 Ernestius
492 690 743 753 deliquisse
764 693 1022 750 videretur,
1050 697 1280 742 intactum
1304 697 1497 760 reliqui,
1521 699 1630 744 satis

218 769 402 816 habens
430 773 607 818 tirones
632 774 690 820 de
712 775 954 822 erroribus
978 778 1127 823 verbo
1148 779 1465 825 admonuisse.

276 854 542 901 Commode
556 858 880 915 memineram,
891 877 1038 922 quum
1056 863 1263 924 primum
1272 862 1473 908 Plinium
1489 863 1628 909 eden-

218 934 280 979 do
303 952 472 981 manus
507 939 839 997 admovissem,
869 943 917 987 in
944 947 1108 989 Joann.
1147 944 1289 990 Mich.
1324 946 1628 1009 Heusingeri,

218 1017 521 1064 eruditissimi
535 1021 622 1064 viri
641 1023 886 1085 criticique
899 1025 947 1068 in
969 1027 1130 1087 paucis
1144 1027 1342 1090 egregii,
1358 1026 1489 1073 libris
1508 1027 1628 1073 duo-

214 1097 305 1143 bus
340 1100 741 1147 Emendationum
776 1105 1027 1165 exquisitas
1064 1108 1113 1151 in
1150 1106 1296 1153 libros
1335 1126 1417 1153 sex
1449 1110 1630 1171 priores

213 1180 532 1242 Epistolarum
549 1183 687 1228 Plinii
707 1186 1138 1233 animadversiones
1159 1190 1379 1252 reperiri,
1406 1205 1431 1234 a
1453 1176 1630 1235 Gesne-

213 1278 268 1306 ro
287 1262 357 1308 bis
376 1271 387 1289 ¹
406 1274 591 1310 tantum
609 1267 765 1313 obiter
785 1280 1198 1328 commemoratas,
1215 1288 1240 1316 a
1258 1273 1468 1335 Gierigio
1489 1273 1628 1335 plane

211 1345 464 1408 neglectas.
504 1352 681 1394 Harum
710 1351 891 1396 nullam
918 1351 1095 1398 habere
1123 1354 1353 1399 rationem
1385 1355 1625 1417 piaculum

214 1424 391 1473 fuisset.
429 1432 596 1492 Itaque
635 1449 801 1478 omnes
836 1450 922 1479 suo
962 1450 1204 1497 quamque
1239 1436 1344 1481 loco
1376 1435 1629 1498 diligenter

212 1511 368 1570 posui.
403 1512 530 1568 Quid
555 1515 757 1559 moverit
784 1517 1155 1579 Heusingerum,
1182 1527 1235 1562 ut
1266 1518 1324 1562 de
1349 1519 1627 1580 posteriori-

211 1589 302 1635 bus
323 1591 453 1637 libris
467 1594 585 1639 nihil
600 1597 936 1657 perscriberet,
956 1600 1252 1661 ignoramus:
1270 1598 1453 1644 fontem
1474 1601 1598 1645 enim
1615 1636 1625 1655 ,

212 1673 340 1718 unde
385 1691 468 1720 sua
507 1676 564 1720 ad
606 1679 788 1740 priores
823 1678 1069 1733 hauserat,
1100 1681 1147 1724 in
1175 1680 1488 1743 sequentibus
1527 1698 1627 1726 non

213 1757 473 1811 exaruisse,
496 1758 595 1820 ipse
615 1776 703 1804 nos
723 1760 996 1805 admonet2.
1015 1764 1060 1806 Is
1078 1760 1184 1806 fons
1203 1764 1286 1825 qui
1305 1762 1472 1820 fuerit,
1497 1780 1627 1825 quae-

211 1853 302 1897 que
325 1840 524 1884 omnino
544 1841 664 1885 ratio
689 1841 857 1886 harum
884 1842 1374 1898 animadversionum,
1400 1854 1452 1889 ut
1479 1846 1628 1889 sciant

208 1917 434 1975 lectores,
462 1938 698 1984 apponam
724 1941 828 1986 quae
856 1926 926 1969 vir
949 1926 1149 1970 eximius
1177 1926 1266 1970 illis
1295 1925 1516 1988 praefatus
1543 1936 1625 1971 est.

274 2003 457 2059 «Quum
476 2004 570 2048 suis
588 2005 842 2051 virtutibus
858 2007 1075 2069 pluribus
1090 2007 1504 2064 commendantur,
1522 2024 1625 2069 quae

210 2099 339 2128 nunc
367 2085 561 2146 quidem
591 2087 639 2131 in
671 2089 886 2133 omnium
916 2089 1136 2134 manibus
1169 2098 1305 2143 sunt,
1337 2090 1625 2152 politissimae

211 2167 264 2209 C.
292 2166 429 2210 Plinii
454 2169 696 2230 Epist01ae3
726 2180 827 2214 tum
855 2187 911 2215 eo
938 2188 1135 2234 quoque
1165 2172 1359 2216 nomine
1385 2188 1482 2216 non
1511 2187 1623 2234 pos-

211 2258 321 2291 sunt
347 2265 447 2293 non
473 2251 718 2296 carissimae
743 2268 843 2297 esse
867 2253 1037 2298 veteris
1065 2252 1349 2315 eloquentiae
1377 2253 1621 2304 studiosis,

211 2330 341 2391 quod
363 2348 418 2376 ex
439 2334 684 2377 communi
710 2333 792 2379 illo
820 2334 1064 2379 literarum
1090 2336 1225 2396 quasi
1245 2334 1493 2397 naufragio
1521 2350 1621 2378 non

211 2413 344 2456 salvae
367 2414 513 2458 modo
541 2425 817 2471 evaserunt,
849 2433 1011 2462 verum
1048 2417 1159 2462 inde
1190 2418 1330 2462 etiam
1359 2432 1504 2478 quam
1532 2416 1621 2459 mi-

211 2495 390 2538 nimum
416 2497 513 2540 vitii
536 2506 897 2557 contraxerunt,
920 2515 1291 2561 germanamque
1311 2498 1436 2543 illam
1458 2513 1620 2559 argen—

266 2596 418 2639 1Ad3,
445 2596 487 2642 5,
509 2596 616 2643 S,6‚
640 2612 708 2635 κιο,
732 2598 786 2633 15.

266 2666 275 2675 ”
301 2657 356 2693 Ad
382 2672 419 2697 Ι,
446 2672 507 2697 ιο,
533 2672 574 2693 12
