1742 2989
621 215 968 259 EPISTOLA
1004 216 1064 257 ΙΙ.
1447 211 1533 255 205

143 298 359 342 Amissum
375 305 519 339 tamen
534 294 652 356 luget
669 296 832 338 insane.
856 296 1054 339 Habebat
1065 309 1173 355 puer
1187 291 1416 335 mannulos
1432 292 1538 336 mul-

145 380 228 424 tos,
246 380 288 413 et
308 370 495 422 vinctos,
512 378 554 412 et
570 367 733 412 solutos
751 384 760 412 :
782 368 970 412 habebat
990 384 1116 412 canes
1129 366 1316 426 majores
1334 366 1538 409 minores-

143 459 226 502 que
247 442 457 485 :habebat
471 441 672 485 luscinias
687 477 697 497 7
711 442 916 502 psittacos
927 477 938 496 ‚
954 441 1164 486 merulas:
1180 455 1330 483 omnes
1340 439 1535 500 Regulus

143 515 257 558 circa
281 531 436 574 rogum
461 514 690 558 trucidavit
714 530 722 557 :
749 531 829 558 nec
854 515 979 558 dolor
1005 524 1096 559 erat
1122 513 1216 566 ille,
1243 512 1316 556 sed
1342 521 1536 555 ostenta-

143 588 204 630 tio
227 586 401 631 doloris.
432 588 706 631 Convenitur
727 587 779 630 ad
813 604 909 631 eum
942 589 1051 632 mira
1087 587 1361 637 celebritate3
1392 586 1535 629 cuncti

140 658 438 714 detestantur,
471 659 684 714 oderunt,
710 669 752 702 et
783 662 905 720 quasi
928 660 1141 721 probent,
1176 659 1299 720 quasi
1330 657 1538 719 diligant,

142 741 317 775 cursant
333 768 343 787 ‚
368 732 651 792 frequentant
669 750 677 776 :
700 742 834 793 utque
851 733 1062 785 breviter,
1086 732 1205 794 quod
1223 732 1384 785 sentio,
1405 748 1539 774 enun-

142 805 267 858 tiem,
296 806 340 848 in
375 805 545 866 Regulo
580 805 844 849 demerendo
880 805 1099 866 Regulum
1129 805 1372 848 imitantur.
1402 805 1539 847 Tenet
1568 821 1577 835 ,-

142 893 185 919 se
210 886 331 920 trans
356 877 548 921 Tiberim
584 879 628 920 in
655 879 814 932 hortis,
842 879 883 921 in
912 879 1071 938 quibus
1108 876 1361 920 latissimum
1399 875 1538 919 50111111

142 950 384 1009 porticibus
409 951 650 1004 immensis,
677 952 817 1011 ripam
844 952 996 994 statuis
1017 951 1103 993 suis
1129 950 1381 1010 occupavit,
1409 959 1459 992 ut
1478 958 1541 991 est

143 1023 187 1064 in
209 1038 375 1066 summa
398 1023 580 1066 avaritia
602 1033 906 1083 sumptuosus,
923 1025 966 1066 in
990 1039 1158 1067 sumina
1179 1022 1358 1066 infamia
1382 1021 1541 1082 glorio-

142 1112 228 1138 sus.
253 1098 394 1139 Vexat
412 1113 516 1156 ergo
537 1097 754 1140 civitatem
775 1096 1108 1140 insaluberrimo
1127 1105 1346 1156 tempore:
1367 1105 1409 1138 et
1423 1094 1540 1154 quod

141 1178 287 1221 vexat,
313 1168 514 1211 solatium
540 1179 677 1229 putat.
703 1170 821 1212 Dicit
846 1186 888 1212 se
912 1169 1018 1212 velle
1037 1169 1195 1212 ducere
1216 1183 1396 1210 uxorem
1421 1184 1429 1209 :
1453 1167 1541 1210 hoc

141 1257 339 1301 quoque,
376 1242 488 1284 510111
524 1241 627 1295 alia,
666 1258 878 1302 perverse.
915 1241 1076 1285 Audies
1114 1241 1233 1285 brevi
1265 1241 1440 1300 nuptias
1470 1239 1536 1282 lu-

140 1314 280 1373 gentis
295 1348 306 1368 ‚
328 1315 501 1374 nuptias
528 1315 641 1358 senis
664 1332 672 1358 t
701 1332 888 1375 quorum
916 1315 1124 1369 alterum,
1148 1316 1457 1369 immaturum3
1480 1312 1538 1355 al-

140 1396 305 1439 terum,
332 1402 476 1429 serum
499 1396 575 1430 est.
603 1387 732 1431 Unde
758 1388 841 1431 1100
867 1404 1058 1448 augurer
1077 1423 1087 1442 ,
1107 1386 1296 1447 quaeris?
1315 1387 1418 1430 Non
1437 1385 1539 1445 quia

138 1458 342 1503 adfirmat
370 1460 460 1519 ipse
490 1459 595 1519 (quo
627 1460 878 1504 mendacius
913 1459 1023 1503 nihil
1055 1460 1173 1519 est),
1208 1458 1281 1501 sed
1310 1459 1412 1517 quia
1443 1474 1540 1501 cer-

141 1542 234 1574 tum
266 1542 352 1585 est,
387 1531 604 1592 Regulum
648 1549 739 1576 esse
781 1532 1021 1587 facturum,
1064 1531 1276 1592 quidquid
1320 1531 1413 1574 sieri
1452 1547 1541 1573 11011

140 1613 331 1664 oportet.
357 1602 478 1648 Vale.

141 1732 325 1772 mancipare
341 1738 373 1762 et
391 1732 612 1772 emancipare,
629 1742 736 1775 quum
756 1729 806 1763 al-

141 1790 253 1815 terum
275 1794 337 1827 pro
357 1782 464 1814 altero
482 1782 599 1814 multis
618 1782 701 1814 locis
724 1783 807 1828 poni

140 1834 265 1879 possit,
281 1834 478 1867 mirandum
497 1846 567 1866 non
593 1843 641 1867 est
661 1847 747 1879 saepe
773 1836 806 1868 111

140 1886 236 1919 libris
267 1887 412 1919 confusa
447 1899 531 1920 esse.
549 1887 632 1919 Vid.
664 1887 807 1921 Gesneri

139 1939 240 1972 Thes.
256 1940 295 1971 L.
312 1940 352 1971 L.
368 1947 399 1972 et
415 1939 512 1972 Clav.
529 1939 686 1972 Ciceron.
701 1940 735 1974 S.

190 1992 223 2025 3.
239 1994 424 2024 Mannnlos.
439 1992 577 2032 Manui.¹
591 1993 671 2037 equi
691 1992 807 2037 pusilli

142 2052 173 2076 et
189 2043 354 2089 speciosi,
374 2044 409 2076 in
429 2044 559 2077 deliciis
580 2053 676 2077 erant
693 2044 806 2077 homi-

141 2109 225 2129 num
239 2096 486 2141 elegantiorum
502 2121 511 2137 ,
525 2109 673 2142 quorum
687 2108 808 2129 currus

141 2148 335 2182 trahebant.
357 2150 423 2182 En.
437 2170 481 2173 —-
496 2152 539 2181 Ec
567 2152 690 2181 vinctos
714 2159 743 2181 et
762 2163 810 2181 so-

142 2203 234 2233 lutos.
248 2203 346 2234 Rom.
363 2209 396 2234 et
413 2200 490 2234 Ald.
507 2203 606 2235 bene.
622 2202 666 2235 H.
677 2201 807 2234 —Vid.

143 2252 187 2285 ad
203 2266 218 2286 2
232 2280 240 2295 ‚
258 2266 312 2297 17,
328 2267 359 2286 2.
373 2254 406 2287 S.
421 2274 465 2279 —-
482 2257 595 2287 Omnes
604 2279 703 2287 .....
713 2256 809 2286 truci-

143 2307 239 2338 davit.
257 2305 339 2338 Vid.
366 2305 596 2339 Kirchmann.
618 2306 661 2339 de
680 2307 805 2339 Funer.

142 2359 324 2390 Romanor.
343 2359 383 2390 L.
400 2358 451 2389 III
465 2383 473 2397 ‚
488 2371 518 2391 c.
533 2359 598 2399 IV,
613 2359 671 2391 ubi
692 2366 724 2390 et
743 2358 809 2391 hoc

141 2410 243 2442 Plinii
262 2410 335 2443 loco
348 2410 468 2443 utitur.
487 2411 520 2444 S.

919 1732 952 1762 (5.
970 1734 983 1759 l
993 1731 1288 1761 'ea-at...civitacem.
1307 1729 1396 1761 Dum
1409 1741 1543 1762 secessu

874 1794 934 1814 suo
958 1781 1102 1826 imponit
1120 1781 1357 1814 necessitatem
1383 1781 1543 1813 salutato-

871 1834 967 1866 ribus
981 1858 989 1874 ,
1006 1842 1037 1866 et
1048 1832 1258 1878 adloquendi
1274 1832 1544 1878 consolandique

872 1898 992 1919 caussa
1027 1885 1072 1918 ad
1103 1897 1182 1918 eum
1215 1885 1428 1918 venientibus
1443 1911 1451 1926 ‚
1484 1898 1544 1930 per

872 1946 990 1971 aestum
1004 1946 1037 1971 et
1047 1950 1189 1982 vapores
1199 1939 1369 1970 Romanos
1384 1936 1444 1969 iter
1456 1936 1542 1970 illud

873 1991 1058 2035 suscipere.
1075 1990 1118 2022 G.

921 2056 952 2087 7.
972 2045 1091 2075 Audies
1106 2045 1189 2074 brevi
1203 2045 1347 2085 nupcias.
1365 2051 1430 2075 etc.
1442 2044 1541 2075 Rom.

875 2098 994 2128 Audies
1016 2098 1099 2128 brevi
1119 2097 1247 2138 nuptias
1278 2098 1412 2139 lugentis
1438 2097 1518 2126 senis
1532 2109 1542 2126 .-

875 2162 1008 2191 quorum
1019 2151 1165 2180 alterum.
1178 2146 1543 2180 H.—-Male.1teranda

876 2213 941 2233 vox
957 2203 1094 2243 nuptias.
1110 2202 1144 2234 S.
1160 2221 1204 2225 ——
1218 2204 1440 2239 humatarum,
1454 2212 1543 2233 non·

875 2253 959 2286 dum
987 2262 1162 2286 maturum
1177 2280 1185 2295 ‚
1213 2253 1319 2286 nimis
1346 2253 1541 2299 praecipita—

875 2314 947 2337 tum
961 2330 969 2345 ,
990 2313 1027 2338 ut
1054 2306 1113 2351 qui
1134 2306 1169 2338 in
1200 2306 1274 2352 ipso
1301 2306 1418 2345 luctu,
1439 2317 1541 2350 quem

875 2358 1112 2402 gravissimum
1150 2359 1288 2391 simulat
1303 2383 1312 2398 ‚
1343 2358 1479 2403 nuptias
1510 2364 1541 2389 et

876 2410 1083 2455 voluptatem
1100 2411 1236 2455 cogitet.
1251 2410 1293 2443 G.

594 2572 617 2576 n
636 2574 672 2576 w
691 2574 696 2575 γ
712 2564 1028 2584 asama—m
1043 2575 1095 2579 ‚n

1563 304 1580 335 3

1565 1107 1585 1136 (ἰ

1566 1263 1584 1295 *J
