1742 2989
594 212 944 254 EPISTULA
981 213 1085 254 XV.

137 293 330 338 cundum
353 286 526 347 tamen,
558 292 592 335 si
626 292 851 352 prohiberi
882 291 1055 352 publice
1084 290 1252 344 videas,
1281 290 1399 350 qnod
1430 307 1545 333 nun·

139 383 270 426 quam
290 365 369 408 tibi
392 365 482 424 ipse
504 365 766 424 permiseris.
788 365 884 409 Erit
903 364 1106 420 fortasse,
1130 364 1264 406 immo
1285 379 1374 405 non
1395 362 1547 419 dubie,
1569 383 1589 412 ς)

99 482 102 485 ,
138 439 269 499 hujus
300 437 515 499 propositi
551 438 635 480 mei
671 447 713 481 et
745 439 891 481 minor
924 438 1041 492 laus,
1066 447 1109 480 et
1144 436 1371 479 obscurior
1406 436 1548 483 lama,

139 527 278 571 quum
307 526 458 554 omnes
483 526 535 553 ex
563 512 818 554 necessitate
844 510 1028 566 facient,
1052 509 1171 571 quod
1199 525 1280 569 ego
1306 518 1462 568 sponte
1485 509 1546 552 fa-

139 584 322 627 ciebam.
343 583 527 627 Interim
552 583 675 626 fruor
701 583 933 645 voluptate
949 619 959 636 ,
980 600 1116 644 quum
1139 581 1211 625 alii
1233 581 1431 624 divinum
1458 598 1549 635 me;

1454 210 1545 269 3⁰3)

140 654 235 709 alii,
258 656 366 699 meis
388 656 574 716 rapinis,
597 673 702 700 meae
725 658 919 701 avaritiae
945 673 1196 711 occursum,
1216 672 1294 716 per
1321 653 1473 698 ludum
1499 672 1549 698 ac

135 728 285 788 jocum
311 727 529 772 dictitant.
550 728 670 774 Vale.

140 863 290 896 naturali
304 862 399 897 ducti
422 863 633 897 abstinemus
652 875 660 896 :
680 863 738 897 illa
753 863 814 909 igi-

139 915 228 961 gitur
249 918 379 959 publice
392 918 624 960 prohibentur;
642 917 715 950 haec
733 930 815 948 nun-

141 982 240 1011 quam
253 971 343 1001 nobis
354 971 414 1012 ipsi
423 971 649 1013 permittimus.
665 970 706 1002 E.

185 1033 219 1064 9.
246 1024 396 1054 Divinum
424 1035 482 1054 me.
507 1022 577 1064 Qui
601 1020 816 1068 praeviderim

139 1074 233 1113 fore,
251 1081 288 1106 ut
314 1073 544 1107 interdicatur
571 1074 667 1107 omni
692 1086 815 1119 genere

139 1139 346 1167 munerum,
371 1135 474 1172 atque
496 1126 574 1161 ideo
602 1135 682 1160 ante
704 1127 815 1172 legem

138 1178 205 1211 illis
222 1179 459 1213 abstinuerim.
477 1180 526 1213 De
546 1182 742 1212 divinatione
758 1180 816 1212 At-

138 1231 196 1263 tici
217 1232 270 1263 sui
289 1231 413 1265 similia
430 1233 544 1277 Nepos
565 1233 634 1273 IX,
659 1245 689 1265 1.
710 1232 753 1265 G.
767 1253 812 1257 ——

139 1283 246 1316 Simili
257 1295 358 1317 sensu
369 1286 470 1317 divim·
479 1297 535 1330 ap.
545 1285 619 1318 Cic.
632 1285 748 1319 Divin.
762 1285 810 1325 ΙΙ,

142 1336 182 1376 3,
198 1343 230 1369 et
252 1336 371 1369 Horat.
390 1338 427 1377 I,
446 1337 516 1372 Sat.
541 1340 582 1377 6,
611 1345 684 1375 114.
711 1338 751 1370 E.
768 1358 812 1362 ψ

880 864 1036 898 Fortasse
1058 863 1188 896 Plinius
1203 888 1211 903 ,
1232 871 1269 896 ut
1293 871 1342 896 est
1366 869 1551 909 perpetuus

881 916 1058 950 Ciceronis
1077 916 1226 949 imitator
1243 915 1395 960 (simiam
1415 915 1441 947 si
1461 914 1553 946 ‹lixe-

882 970 950 1010 ris,
969 969 1025 1002 vix
1052 976 1085 1001 te
1112 968 1294 1002 calumniae
1318 966 1551 1009 inshmdem),

883 1021 927 1055 ad
941 1021 1029 1054 illius
1044 1021 1291 1055 divinationem
1304 1047 1312 1062 ‚
1326 1021 1369 1053 ab
1383 1020 1459 1065 ipso
1472 1018 1555 1051 Tul-

880 1075 927 1108 lio
945 1075 1045 1107 toties
1057 1100 1065 1115 ,
1086 1073 1260 1107 interdum
1281 1073 1361 1106 satis
1380 1078 1533 1118 φορτικῶς
1545 1099 1554 1112 ,

875 1129 1040 1174 jactatam
1053 1153 1061 1168 ,
1086 1126 1246 1172 respexit.
1276 1126 1380 1159 Conf.
1410 1124 1552 1158 Cornel.

881 1181 967 1225 Nep.
986 1179 1087 1212 Attio.
1101 1180 1186 1212 XVI
1196 1204 1205 1219 ,
1221 1182 1253 1219 4.
1274 1179 1308 1212 S.
1321 1179 1554 1209 —Perluclum

881 1234 1050 1276 acjocmn.
1065 1232 1164 1264 Rom.
1180 1235 1243 1262 Per
1257 1233 1366 1263 ludum
1379 1238 1553 1272 acceptum.

878 1284 923 1317 H.
944 1288 1006 1315 Per
1025 1286 1089 1316 lud.
1103 1309 1112 1321 ‚
1133 1291 1311 1328 tamquam
1329 1280 1555 1328 proverbialis

879 1337 1010 1370 locutio
1023 1362 1031 1377 ‚
1047 1349 1136 1382 saepe
1151 1335 1315 1368 occurrit.
1331 1336 1396 1367 En.

145 1479 464 1491 mvmmvuxmws
468 1480 625 1491 uum-trum
629 1476 1555 1491 §xxmtxtmumxnxtmsthtvst”mmmm-mmmmmx-

780 1611 920 1669 XV.

143 1772 355 1807 Cornutum
378 1777 594 1805 curatorem
618 1769 687 1805 viae
708 1770 849 1806 factum
872 1783 951 1806 esse
966 1798 975 1815 ,
992 1770 1052 1806 vel
1074 1769 1160 1805 ideo
1182 1769 1351 1814 laetatur,
1372 1768 1461 1817 quia
1481 1776 1559 1803 tum

195 1833 359 1870 amicitia
376 1846 544 1883 semper,
562 1841 643 1869 tum
660 1834 820 1884 collegio
840 1847 918 1870 non
935 1834 1050 1870 semel
1068 1833 1261 1882 conjuncti
1276 1831 1429 1869 fuerint.
1442 1831 1561 1868 Addit

197 1897 244 1934 dc
265 1898 341 1934 suis
360 1898 399 1933 in
418 1898 509 1935 villa
526 1897 755 1948 hospitibus.
775 1899 907 1935 Multis
928 1897 1133 1934 virtutihus
1155 1910 1194 1933 se
1217 1896 1458 1933 commendat
1479 1896 1560 1933 haec

195 1962 365 2012 epistola.
390 1966 464 2000 Res
486 1962 685 2013 proposita
707 1971 900 2013 spectatur
925 1962 973 1999 ab
995 1962 1099 1999 omni
1123 1970 1253 2013 partc;
1276 1961 1470 1998 sentcntiae
1498 1974 1559 1997 or-

196 2026 284 2063 dine
303 2027 467 2064 naturali
486 2035 739 2077 procurrunt3
754 2026 969 2077 interpositi
989 2034 1076 2063 sunt
1092 2039 1222 2064 sensus
1243 2025 1402 2076 egregii,
1421 2033 1456 2062 ct
1477 2038 1559 2061 ora-

199 2090 251 2127 tio
271 2092 417 2128 laevitcr
436 2091 580 2129 defluit.
602 2095 671 2128 En.

452 2230 490 2259 c.
527 2230 761 2260 PLINIUS
797 2213 1057 2259 PONTIO*
1093 2230 1198 2259 sno
1233 2230 1267 2258 s.

212 2348 555 2391 SEcEssERAM
586 2346 631 2389 in
656 2346 975 2407 municipium,
1003 2364 1142 2408 quum
1169 2348 1278 2391 mihi
1310 2347 1564 2391 nuntiatum

150 2429 239 2475 est,
270 2422 523 2464 Cornutum
550 2419 798 2464 Tertullum
827 2420 1044 2481 accepisse
1076 2420 1258 2465 AEmiliae
1289 2421 1367 2463 viae
1396 2435 1562 2464 curam.

194 2556 292 2589 XV.*
302 2555 357 2589 Ad
370 2556 533 2591 Pontium
544 2555 647 2588 etiam
658 2554 727 2588 VII
739 2580 748 2595 ‚
762 2567 819 2601 cp.

150 2613 183 2648 4.
210 2608 253 2642 de
278 2608 392 2642 studio
422 2621 485 2641 suo
510 2608 645 2653 poetico
673 2608 819 2653 scripsit.

151 2660 323 2695 Habuisse
342 2674 421 2694 eum
435 2660 562 2695 fundos
580 2674 659 2695 suos
673 2661 708 2695 in
720 2661 823 2696 Cam-

151 2713 252 2757 pania
266 2739 274 2755 ‚
292 2721 446 2760 apparet.
464 2714 528 2747 En.

938 2567 968 2588 1.
985 2558 1129 2588 fEmilice
1148 2558 1214 2588 via*
1233 2568 1354 2588 curam.
1378 2556 1460 2587 Rem
1476 2554 1567 2587 Cen-

890 2620 1006 2641 sorum
1029 2608 1113 2641 olim
1130 2607 1328 2654 propriam,
1355 2619 1426 2652 quo
1453 2606 1564 2650 magis

892 2659 973 2693 viris
998 2661 1239 2694 consularibus
1268 2672 1343 2693 eam
1373 2657 1564 2692 demanda-

895 2713 996 2753 bant,
1018 2714 1163 2758 Augusli
1181 2713 1354 2751 instituto,
1375 2714 1565 2757 [inperato—
