1742 2989
219 203 305 266 176
611 208 659 249 (J.
698 206 922 248 PLINlI
957 207 1083 250 LIB.
1119 208 1215 249 III.

211 286 282 328 nia
301 319 311 337 ‚
338 302 433 345 quae
455 286 545 346 jam
572 287 824 347 composui,
852 286 974 331 vobis
999 288 1249 341 exhiberem
1265 323 1276 341 ‚
1300 304 1353 330 an
1377 288 1520 332 adhuc
1545 289 1619 333 ali-

211 375 297 419 qua
322 358 573 415 differrem3
596 358 836 419 simplicius
859 369 902 403 et
924 361 1105 405 amicius
1128 361 1234 404 mihi
1256 360 1397 404 visum
1419 371 1481 404 est
1496 397 1507 418 ,
1530 378 1619 404 om-

211 431 309 485 nia,
333 431 551 491 praecipue
581 449 716 492 quum
747 431 1010 488 adfirmetis,
1038 435 1151 477 intra
1178 449 1254 477 vos
1285 432 1456 489 futura,
1481 433 1620 478 donee

168 509 184 527 Γ
211 503 379 565 placeat
406 505 618 549 emittere.
647 505 781 562 Quod
808 517 1031 566 superest,
1063 523 1196 567 rogo,
1226 516 1272 549 ut
1292 507 1387 566 pari
1408 506 1619 567 simplici-

211 585 320 632 tate,
334 578 367 621 si
382 594 467 638 qua
483 578 740 622 existimatis
754 578 951 622 addenda
965 615 976 635 ,
997 579 1329 633 commutanda,
1350 580 1614 634 omittenda,

210 650 421 695 indicetis.
448 652 565 695 Mihi
592 651 770 695 difficile
797 662 860 696 est
888 652 975 696 huc
1009 670 1147 714 usque
1171 653 1397 696 intendere
1420 653 1615 696 animum

174 732 184 759 ἶ
210 725 253 768 in
273 723 444 780 dolore;
467 724 644 769 difficile
668 735 711 769 et
732 725 868 768 vobis.
892 725 977 769 Sed
1008 736 1155 770 tamen
1180 736 1229 769 ut
1258 724 1548 785 sculptorem‚
1570 735 1617 768 ut

208 799 444 859 pictorem,
471 801 547 860 qui
572 798 649 842 filii
670 800 800 843 vestri
827 800 1064 861 imaginem
1091 800 1276 855 faceret,
1297 799 1614 855 admonemus,

206 871 312 931 quid
342 873 609 932 exprimere,
633 872 739 933 quid
765 873 996 917 emendare
1025 873 1224 927 deberet3
1250 874 1309 917 ita
1338 890 1406 915 me
1441 889 1616 932 quoque

206 944 415 1000 formate,
442 945 602 1006 regite,
623 946 699 1006 qui
731 962 820 989 non
860 946 1059 1008 fragilem
1095 957 1137 990 et
1169 946 1404 1000 caducam,
1436 944 1509 988 sed
1540 945 1615 987 im-

205 1017 456 1073 mortalem,
487 1027 536 1062 ut
569 1035 645 1063 vos
670 1021 859 1080 putatis,
897 1020 1086 1081 effigiem
1121 1036 1259 1063 conor
1289 1019 1491 1062 efficere:
1519 1035 1616 1078 quae

205 1091 289 1135 hoc
309 1091 560 1136 diuturnior
586 1093 692 1149 erit,
716 1110 804 1154 quo
827 1094 986 1149 verior,
1008 1092 1176 1148 melior,
1199 1092 1441 1137 absolutior
1464 1091 1610 1135 fuerit.

204 1164 331 1210 Vale.

203 1295 234 1317 ec
245 1288 380 1329 digesta.
402 1286 464 1319 Per
482 1286 597 1331 plures
616 1287 750 1319 libellos
767 1286 877 1320 distri-

204 1338 286 1371 buta
299 1339 373 1371 laus
391 1339 572 1384 Spurinnae
586 1339 724 1384 juvenis
742 1340 876 1373 facilius

202 1397 334 1424 aetatem
351 1391 455 1423 feret:
473 1404 581 1437 quum
599 1404 674 1437 spes
692 1392 734 1424 sit
748 1417 756 1432 ‚
775 1392 875 1424 unius

203 1443 362 1488 exemplis
388 1445 612 1489 pereuntibus
627 1469 636 1484 ‚
663 1446 807 1478 alterum
825 1453 875 1477 ta-

203 1508 281 1528 men
302 1497 390 1528 forte
410 1496 683 1541 superfuturum.
699 1497 743 1529 G.

248 1553 279 1589 4.
297 1550 491 1590 Simplicius.
510 1573 515 1578 .
533 1572 539 1578 .
556 1551 676 1579 ,visum
697 1558 751 1580 est.
774 1550 871 1581 Rom.

200 1603 383 1643 Simplicius
404 1611 435 1632 ec
456 1602 590 1631 amicius
611 1603 714 1632 visum
735 1611 796 1638 esc,
818 1613 873 1633 ex-

201 1653 298 1686 cluso
318 1655 417 1691 mihi,
440 1652 534 1697 quod
556 1653 659 1697 vulgo
678 1652 873 1686 inculcatur

201 1705 413 1751 importune.
439 1704 484 1738 H.
506 1726 551 1730 -—
569 1705 771 1738 Omiserunt
796 1708 874 1738 milti

199 1758 337 1791 Cortius
367 1766 400 1791 et
426 1758 613 1803 Gierigius.
645 1758 751 1790 Bene.
777 1759 871 1792 S.—

200 1815 291 1842 lntra
316 1824 375 1843 vos
388 1812 517 1854 finum.
534 1811 606 1843 Vos
634 1823 705 1843 non
734 1811 873 1855 evulga-

198 1871 293 1896 turos
318 1876 409 1902 esse,
438 1862 497 1896 sed
523 1862 615 1908 apud
640 1876 700 1896 vos
723 1871 873 1896 retentu-

199 1928 269 1949 ros.
290 1917 329 1949 E.

257 1972 289 2001 5.
320 1972 416 2011 Quod
443 1980 603 2012 superest,
638 1976 703 2001 etc.
736 1985 751 1996 «
766 1967 870 2009 Quod

200 2029 374 2067 superest,
393 2035 478 2067 rogo
493 2047 501 2062 ‚
522 2031 561 2054 ut
579 2023 654 2067 pari
673 2021 871 2066 simplicita-

201 2081 232 2104 te
252 2086 259 2106 :
281 2074 307 2106 si
330 2087 399 2118 qua
425 2074 661 2107 existimabitis
686 2073 847 2107 addenda
862 2098 870 2112 ‚

200 2126 447 2158 commutanda
461 2151 468 2166 ,
486 2126 675 2159 omittenda
687 2152 695 2166 ,
713 2125 871 2159 indicetis

201 2177 294 2210 mihi.
302 2177 450 2211 Difficile
461 2186 509 2211 est
518 2178 585 2211 huc
596 2191 705 2224 usque
716 2179 872 2211 animum

202 2230 380 2263 intendere
405 2230 439 2263 in
466 2229 596 2263 dolore.
622 2231 785 2264 Difficile.
807 2230 871 2265 Sed

203 2291 317 2316 tamen
330 2291 365 2316 ut
376 2283 583 2328 sculptorem
595 2310 604 2325 ,
616 2292 653 2316 ut
664 2284 844 2329 pictorem.
857 2300 869 2311 n

203 2337 255 2368 lta
272 2337 371 2368 Rom.
393 2343 429 2368 ut
448 2335 577 2368 Plinius
597 2336 714 2369 voluit.
730 2337 779 2369 Ex
796 2349 871 2381 per-

203 2401 286 2421 sona
300 2388 477 2433 Spurinuae
492 2396 524 2421 et
539 2390 669 2422 Cocciae
685 2389 776 2421 dicta
792 2396 870 2421 sunt

204 2441 261 2473 illa
279 2452 286 2473 :
304 2443 444 2485 Difficile
460 2451 506 2472 esc
525 2449 644 2474 caetera
664 2456 673 2473 :
693 2442 790 2487 quasi
806 2442 872 2473 exi-

201 2494 291 2537 genti
308 2493 417 2525 Plinio
431 2518 439 2533 ‚
461 2500 498 2525 ut
517 2505 535 2525 a
558 2506 592 2525 se
610 2494 734 2538 scripta
756 2507 871 2527 emen-

943 1287 1047 1328 dent,
1081 1288 1129 1320 illi
1161 1287 1417 1332 respondeant,
1452 1298 1524 1319 esse
1552 1286 1613 1318 sibi

943 1340 1108 1380 difficile,
1130 1339 1175 1373 ad
1200 1339 1271 1372 haec
1297 1340 1330 1371 in
1358 1346 1453 1371 tanto
1481 1350 1521 1371 ac
1544 1346 1613 1370 tam

943 1393 1069 1426 recenti
1104 1393 1199 1425 luctu
1234 1390 1412 1423 intendere
1443 1390 1611 1423 animum.

943 1444 1110 1478 Concedit
1120 1443 1155 1476 id
1169 1442 1307 1489 quidem
1318 1443 1449 1475 Plinius
1465 1454 1537 1475 esse
1550 1441 1614 1475 dif-

944 1497 1056 1537 ficile3
1075 1495 1134 1529 sed
1154 1496 1200 1528 ita
1219 1494 1398 1535 concedit,
1420 1502 1457 1526 ut
1473 1495 1548 1527 fieri
1566 1502 1614 1527 ta-

940 1562 1019 1582 men
1034 1561 1132 1594 posse
1147 1573 1156 1588 ,
1171 1547 1265 1580 haud
1285 1547 1435 1579 multum
1455 1546 1612 1579 dissimili

939 1601 1096 1646 exemplo
1108 1599 1279 1633 ostendat.
1289 1600 1419 1631 Veram
1431 1600 1612 1633 lectionem

939 1654 1077 1687 Cortius
1095 1653 1243 1697 reperit:
1266 1651 1407 1696 vulgata
1427 1660 1543 1685 autem
1563 1652 1613 1684 in-

939 1706 1178 1752 terpunctione
1192 1729 1200 1744 ‚
1218 1715 1294 1749 quae
1311 1703 1521 1748 ineptissima
1537 1713 1610 1743 est,

939 1758 1103 1804 deeeptus
1115 1782 1123 1798 ‚
1145 1769 1224 1790 cum
1241 1756 1360 1789 ceteris
1378 1756 1537 1789 omnibus
1558 1770 1610 1789 er-

937 1811 1039 1844 ravit.
1054 1811 1097 1843 H.
1114 1830 1159 1835 —
1171 1810 1304 1842 Verum
1321 1807 1445 1841 vidisse
1464 1809 1610 1841 Heusin-

938 1876 1058 1908 gerum
1072 1888 1081 1902 ,
1099 1862 1171 1895 noli
1187 1861 1356 1894 dubitare.
1376 1863 1610 1893 Existimabicis

939 1916 1041 1949 etiam
1056 1915 1220 1948 Cortiana
1231 1938 1240 1953 ‚
1255 1913 1351 1946 nulla
1367 1926 1406 1945 ex
1420 1913 1515 1946 libris
1529 1926 1609 1946 eno-

937 1976 1007 2002 tata
1023 1967 1202 2001 varIetate.
1223 1967 1256 1999 S.

985 2024 1017 2054 6.
1035 2024 1076 2052 Ut
1088 2021 1288 2062 vospntalis.
1300 2018 1477 2051 Modestiae
1489 2030 1608 2050 caussa

938 2073 1045 2107 addit.
1056 2074 1134 2106 Non
1144 2073 1215 2117 ipse
1226 2071 1521 2103 iiliinortalitalem
1536 2071 1609 2115 pol-

937 2128 1059 2160 licetur
1075 2126 1143 2158 suis
1160 2124 1293 2168 scriptis
1306 2150 1314 2164 ‚
1332 2132 1364 2156 et
1383 2137 1443 2169 per
1468 2136 1507 2156 ea
1525 2124 1609 2168 Spu-

937 2180 1044 2212 rinnae
1061 2189 1068 2210 :
1086 2177 1144 2209 sed
1164 2176 1258 2222 loqui
1275 2189 1309 2209 se
1328 2176 1458 2210 indicat
1476 2175 1518 2208 de
1534 2188 1607 2208 sen-

938 2232 1043 2265 tentia
1055 2229 1184 2263 blanda
1202 2229 1403 2262 amicorum.
1421 2228 1465 2261 G.

986 2305 1029 2309 —-
1049 2286 1135 2315 l‘ule.
1152 2282 1244 2314 Bene
1263 2282 1435 2327 Gierigius
1454 2292 1462 2313 :
1483 2283 1603 2313 Valete.

935 2338 1012 2369 Vox
1028 2336 1100 2368 haec
1115 2336 1150 2367 in
1168 2334 1265 2367 libris
1277 2334 1418 2367 vetustis
1437 2345 1498 2379 per
1515 2345 1606 2366 com-

935 2387 1101 2435 pendium
1132 2387 1257 2432 scripta
1283 2392 1319 2419 V.
1351 2385 1445 2419 unde
1473 2386 1603 2417 factum

936 2450 986 2474 est
1001 2466 1009 2481 ,
1024 2448 1061 2473 ut
1077 2452 1170 2473 nunc
1186 2439 1400 2472 omitteretur
1414 2462 1422 2478 ‚
1440 2450 1532 2470 nunc
1545 2462 1553 2476 ‚
1568 2445 1605 2469 ut

937 2494 1002 2527 hoc
1024 2494 1098 2526 loco
1114 2518 1121 2532 ,
1136 2504 1313 2537 perperam
1329 2492 1512 2535 legeretur.
1529 2489 1563 2522 S.

818 2623 1031 2638 r-oopss
