1742 2989
522 213 865 256 EPISTOLA
900 216 1055 257 XXX.

1395 216 1480 277 267

92 296 161 339 ille
181 296 348 339 ratione
370 303 444 337 aut
462 293 714 354 impellitur,
731 303 806 337 aut
826 294 1087 350 resorbetur,
1101 294 1182 337 hac
1203 295 1396 339 modicus
1414 298 1484 340 hic

90 370 248 412 humor
272 368 439 411 vicibus
469 366 645 410 alternis
671 367 983 427 supprimitur,
1006 366 1071 410 vel
1099 368 1320 427 egeritur?
1339 370 1406 412 A'n
1437 379 1484 413 ut
1509 381 1529 412 8

91 442 296 497 flumina,
318 458 413 502 quae
440 441 481 483 in
513 456 631 483 mare
660 439 936 494 deferuntur,
963 439 1289 484 adversantibus
1316 444 1481 496 ventis,

90 516 306 575 obvioque
331 524 436 558 aestu
463 522 796 573 retorquentur,
822 514 880 556 ita
911 524 974 557 est
1002 513 1188 574 aliquid,
1214 515 1330 575 quod
1356 516 1485 575 hujus

92 588 222 631 sontis
240 603 470 632 excursum
493 585 587 648 [per
602 584 839 648 momenta]
862 587 1151 647 repercutiat?
1165 588 1233 631 An
1253 587 1485 632 latentibus
1509 603 1528 633 9

89 662 208 704 venis
231 671 347 705 certa
370 676 597 713 mensura,
623 676 718 719 quae
743 659 845 702 dum
870 659 1035 721 colligit
1059 660 1177 721 quod
1203 661 1484 716 exhauserat,

89 734 234 777 minor
258 734 374 777 rivus
402 743 465 776 est
491 742 532 776 et
558 733 747 792 pigri0r3
769 749 906 792 quum
931 732 1128 793 collegit,
1152 733 1305 794 agilior
1328 736 1486 794 major-

89 824 174 867 que
203 807 453 867 profertur?
479 810 572 861 An,
601 806 746 849 nescio
778 805 922 865 quod,
950 805 1257 850 libramentum
1289 808 1485 852 abditum

90 890 132 922 et
167 896 348 933 caecum,
375 878 492 939 quod
521 895 657 938 quum
684 878 954 921 exinanitum
982 890 1070 933 est,
1097 882 1275 924 suscitat
1306 891 1348 925 et
1373 881 1488 925 elicit

89 1033 132 1064 ab
157 1032 272 1076 ignota
299 1043 404 1064 manu
422 1030 493 1062 haec
522 1029 692 1074 adscripta
712 1028 755 1061 ad

89 1084 182 1116 hunc
207 1084 323 1116 locum
354 1083 457 1116 fuisse
476 1095 483 1115 Ζ
509 1100 522 1110 «
532 1081 656 1115 Similis
679 1082 756 1114 fons

90 1144 138 1170 est
153 1136 189 1169 in
206 1135 378 1170 Sabaudia
391 1149 406 1168 2
419 1136 542 1168 miliar.
558 1147 578 1167 a
589 1133 756 1167 Chambe-

90 1203 142 1235 ry,
155 1188 247 1222 haud
263 1189 385 1235 procul
397 1201 416 1221 a
426 1189 504 1221 lacu
518 1189 666 1232 Bourget
677 1212 686 1226 ,
697 1186 756 1232 qui

89 1243 193 1274 sexies
203 1254 265 1287 per
276 1241 428 1288 singulas
441 1240 544 1273 horas
555 1253 662 1273 verno
676 1247 757 1272 tcm-

88 1307 171 1338 pore
184 1320 193 1333 ,
214 1295 328 1327 aestivo
347 1302 462 1327 autem
476 1294 528 1326 his
545 1319 553 1333 ,
573 1293 606 1325 in
621 1306 757 1326 summo

89 1355 171 1379 testu
187 1347 290 1380 semel
300 1354 432 1380 tantum
445 1346 531 1379 fluit.
548 1347 644 1378 Alius
659 1353 707 1379 est
720 1346 756 1378 in

89 1399 242 1433 Helvetia
249 1400 284 1432 in
293 1399 383 1432 valle
390 1398 547 1440 Hasli,(le
554 1412 625 1444 quo
632 1399 758 1432 Schen-

89 1452 189 1485 chzer
202 1453 236 1485 in
250 1453 366 1485 Itiner.
382 1453 398 1484 I
409 1477 417 1492 ,
431 1465 466 1497 p.
481 1454 535 1484 26.
549 1452 598 1484 De
611 1448 669 1483 illo
683 1451 754 1484 vid.

88 1505 222 1537 Keisler
245 1505 325 1538 Itin.
348 1512 433 1537 tom.
460 1505 496 1544 I,
516 1516 596 1549 pag.
623 1504 707 1543 158,
723 1504 757 1536 la

89 1558 256 1590 Fontaine
271 1557 314 1591 de
331 1557 519 1590 Merveille.
533 1573 546 1585 »
565 1557 605 1589 Ε.
618 1578 663 1581 —-
676 1559 757 1588 Vici-

89 1614 143 1643 bus
162 1613 307 1649 alternis,
327 1618 389 1644 etc.
404 1612 502 1643 Rom.
520 1614 535 1639 l
547 1611 644 1641 icibus
662 1612 758 1641 alcer-

89 1666 136 1695 κίε
147 1665 354 1706 supprimitur
363 1665 556 1707 erigiturque
565 1673 597 1694 et
606 1665 754 1706 egeritur.

90 1717 218 1762 Duplex
232 1717 331 1750 lectio
341 1729 404 1762 pro
416 1729 484 1749 una
496 1728 503 1748 :
516 1716 661 1761 primam
672 1716 756 1750 Cor-

89 1770 155 1802 tius
166 1769 292 1814 recepit
303 1795 311 1809 ‚
326 1777 535 1815 postremam
549 1768 664 1814 plures
678 1769 757 1801 reti-

92 1831 172 1855 nent
187 1848 195 1863 ,
215 1835 290 1868 quae
310 1823 452 1855 fortasse
475 1835 494 1855 a
515 1821 628 1866 prima
651 1833 758 1853 manu

91 1876 154 1908 fuit
182 1878 361 1918 egeritur-ve.
382 1875 439 1907 Nil
462 1873 506 1907 ad
528 1874 621 1907 hunc
642 1873 757 1905 locum

92 1928 171 1961 facit
183 1953 192 1968 ‚
221 1927 314 1973 quod
337 1931 480 1959 Oceanus
508 1928 588 1970 erigi
607 1925 734 1958 (licitur
747 1951 756 1965 ‚

91 1981 149 2013 uhi
161 1983 368 2024 supprimitur
379 1981 588 2012 contrarium
603 1986 651 2011 est
665 2004 673 2018 ‚
688 1991 757 2011 11011

91 2035 277 2075 deprimitur
287 2059 294 2069 ,
317 2045 379 2065 nec
405 2031 608 2077 significatio
631 2044 756 2064 conve-

91 2086 152 2118 nit.
169 2085 212 2118 H.

138 2138 170 2170 8.
188 2138 261 2182 [Per
273 2138 456 2182 momenta]
471 2138 603 2170 Absunt
615 2136 755 2182 quidem

92 2189 162 2221 haec
173 2190 277 2222 verba
287 2189 412 2222 abonis
422 2189 628 2235 quibusdam
638 2188 753 2222 libris:

92 2241 151 2274 sed
168 2253 276 2286 quum
292 2241 387 2274 nulla
404 2254 523 2275 caussa
533 2267 541 2281 ,
554 2241 606 2275 vel
620 2242 756 2275 occasio

93 2293 195 2327 fuerit
210 2293 403 2332 inserendi,
421 2294 599 2328 omittendi
616 2295 732 2340 plures
746 2306 755 2334 ;

92 2346 209 2378 malim
224 2357 263 2378 ea
282 2345 419 2378 servari.
435 2346 477 2379 G.

139 2411 173 2441 9.
204 2400 388 2429 Latentibus
410 2401 510 2430 venis.
541 2398 604 2432 Hic
634 2400 754 2432 iterum

93 2449 315 2495 quaerendum
327 2450 507 2494 supererit,
517 2463 578 2484 cur
591 2463 684 2484 venae
696 2464 758 2496 per

93 2502 273 2535 intervalla
285 2503 445 2547 impleant
456 2515 487 2534 m
493 2515 651 2536 ensuram
663 2511 694 2535 et
703 2503 758 2536 de-

93 2555 207 2600 pleant
221 2579 228 2594 ,
249 2567 310 2587 cur
339 2567 410 2587 non
435 2555 544 2600 potius
556 2581 564 2594 ,
590 2563 755 2601 quantum

93 2620 196 2653 supra
221 2620 418 2640 mensuram
443 2607 581 2647 adfluit,
605 2616 756 2642 tantum-

96 2658 172 2691 ‹lem
195 2659 362 2692 redundet
386 2659 504 2693 iisdem
528 2661 754 2705 portionibus.

95 2711 137 2742 G.
171 2733 214 2736 ψ
240 2714 421 2745 Exhausit-e
435 2739 442 2749 ‚
471 2713 661 2746 effundere.
690 2715 752 2747 Er).

820 1050 865 1053 —
882 1033 990 1062 flliuor
1004 1034 1085 1063 rivus
1103 1042 1148 1063 est
1161 1043 1192 1064 et
1198 1035 1335 1076 pigrior.
1352 1035 1488 1068 Praestat

821 1082 947 1122 Cordi,
967 1086 1071 1115 minor
1090 1087 1171 1116 rivus
1191 1096 1223 1116 et
1234 1089 1376 1130 pigrior,
1413 1088 1485 1121 scil.

816 1139 990 1179 profertur.
1011 1137 1044 1170 S.

871 1191 1172 1222 10.Librameutum.
1186 1191 1248 1223 Hie
1256 1204 1325 1224 non
1335 1191 1488 1237 intelligo

820 1241 926 1280 illud,
946 1242 1041 1286 quod
1067 1243 1100 1275 in
1126 1242 1304 1288 disciplina
1329 1245 1490 1289 aquaedu-

821 1301 939 1326 ctuum
972 1295 1110 1340 proprie
1140 1298 1360 1328 libramentum
1391 1310 1492 1331 voca-

823 1354 897 1386 tur,
919 1347 1086 1380 nimirum
1100 1373 1108 1387 ,
1129 1347 1312 1383 definiente
1334 1350 1489 1383 illustri&

821 1399 908 1432 simo
919 1400 1045 1433 Poleno
1056 1400 1099 1434 acl
1115 1401 1317 1435 Frontinum
1331 1415 1408 1448 pag.
1428 1404 1466 1436 25
1479 1430 1487 1443 ‚

825 1465 865 1495 19
877 1477 885 1492 ‚
899 1465 1082 1486 «mensura
1093 1453 1294 1488 declivitatis
1306 1456 1420 1500 plani,
1436 1470 1489 1489 su-

822 1517 883 1549 pra
894 1504 988 1550 quod
1000 1517 1089 1550 aqua
1101 1505 1255 1539 ducitur:
1268 1525 1283 1536 u
1295 1507 1355 1540 sed
1363 1508 1489 1542 machi-

821 1558 997 1591 nationem
1012 1559 1043 1591 ei
1057 1559 1199 1592 similem
1211 1585 1219 1600 ,
1233 1573 1337 1606 quam
1352 1562 1386 1594 in
1402 1565 1489 1594 clau-

821 1613 892 1642 stris
924 1625 1083 1654 aquarum
1093 1638 1103 1652 ,
1138 1626 1221 1658 quaev
1245 1623 1367 1647 vocant
1381 1640 1389 1654 ‚
1420 1615 1490 1648 sive

821 1665 1002 1697 cataractis
1024 1665 1198 1707 videmus,
1216 1667 1295 1707 ubi,
1318 1680 1382 1712 pro
1404 1675 1490 1700 stru-

823 1724 925 1749 cturae
937 1717 1131 1751 diversitate
1142 1744 1150 1758 ,
1163 1718 1318 1751 adfluens
1328 1732 1415 1765 aqua
1427 1720 1490 1753 sihi

822 1770 913 1802 viam
925 1770 977 1802 vel
988 1770 1235 1815 p1*aeclu(lit‚vel
1248 1771 1366 1816 aperit.
1377 1775 1489 1804 Libra-

823 1832 960 1853 mentum
974 1822 1017 1854 ad
1031 1823 1226 1855 versatilem
1246 1836 1490 1870 quamcunque

823 1874 1019 1907 machinam
1041 1876 1161 1908 referri
1177 1888 1275 1920 posse
1289 1901 1297 1916 ‚
1319 1884 1392 1908 tum
1411 1889 1490 1909 con-

822 1927 941 1971 jugata
956 1928 1103 1960 nominis
1122 1927 1309 1961 ostendunt
1322 1953 1330 1968 ‚
1349 1937 1422 1961 tum
1438 1929 1489 1961 lo-

823 1991 882 2011 cus
900 1979 999 2011 Plinii
1015 1981 1154 2026 majoris
1167 1981 1210 2014 (lc
1227 1981 1361 2013 theatro
1372 1982 1489 2014 Scauri

823 2032 970 2064 XXXVI
984 2057 993 2072 ‚
1020 2032 1058 2065 15
1074 2058 1083 2073 ‚
1107 2046 1166 2067 seu
1192 2039 1232 2075 24
1244 2059 1253 2074 ‚
1280 2035 1338 2067 ubi
1364 2036 1489 2067 theatra

822 2086 885 2116 duo
903 2094 1071 2119 memorat
1085 2099 1102 2117 e
1115 2089 1200 2131 ligno
1212 2113 1222 2125 ‚
1245 2089 1413 2118 cardinum
1429 2089 1492 2119 sin-

817 2140 966 2179 gulorum
977 2140 1125 2171 versatili
1129 2152 1279 2182 suspensa
1290 2141 1489 2172 lihrmnento.

823 2189 897 2222 Alia
915 2189 974 2223 illa
994 2191 1134 2236 qu‘estio
1160 2200 1209 2223 est
1222 2216 1231 2231 ,
1249 2204 1291 2224 an
1310 2192 1491 2224 commode

822 2250 1035 2275 commentus
1049 2243 1090 2276 sit
1102 2243 1231 2276 Plinius
1241 2243 1308 2276 tale
1320 2244 1353 2276 in
1368 2252 1491 2278 natura

822 2294 924 2340 hujus
942 2295 1046 2328 fontis
1064 2296 1309 2329 libramentum
1328 2308 1336 2336 ;
1359 2297 1402 2330 de
1420 2310 1490 2343 quo

822 2347 981 2392 equidem
998 2348 1218 2382 vehementer
1237 2349 1370 2382 dubito.
1387 2349 1430 2382 G.
1445 2370 1490 2374 ——

822 2401 891 2433 Nos
904 2400 1008 2433 hodie
1022 2401 1105 2434 talia
1121 2402 1252 2435 nescire
1265 2427 1274 2442 ‚
1292 2415 1361 2434 11011
1380 2410 1491 2446 potest

822 2453 1027 2499 nobisturpe
1038 2466 1124 2493 esse,
1137 2455 1247 2492 fateri,
1259 2467 1365 2500 quum
1377 2454 1487 2499 ipsum

821 2505 968 2538 Plinium
989 2505 1145 2540 additum
1171 2506 1256 2539 illud
1281 2509 1384 2538 nescio
1403 2510 1492 2549 quod

822 2557 967 2603 alicujus
977 2559 1198 2603 ignorationis
1207 2566 1403 2604 suspectum
1414 2559 1489 2591 red—

821 2609 891 2642 dat.
911 2611 951 2642 E.
968 2632 1014 2636 -—-
1031 2615 1239 2655 strangulat,
1262 2624 1299 2643 os
1319 2619 1351 2643 ct
1372 2611 1487 2644 fauces

821 2663 922 2695 fontis
937 2663 1133 2709 adstringit,
1149 2664 1289 2709 impedit
1304 2664 1487 2708 quominus

822 2728 909 2759 aqua
932 2725 1147 2761 prorumpat.
1170 2718 1230 2748 En.

1515 820 1555 841 10
