1742 2989
164 1634 200 1664 ‘2¹1

215 164 303 210 288
631 162 678 204 C.
715 160 938 202 PLINII
973 160 1097 201 LIB.
1134 160 1185 201 V.

214 247 415 298 sterium,
441 242 559 303 quod
586 240 711 302 plura
733 256 891 301 genera
913 239 1256 293 exercitationis,
1276 238 1508 300 pluresque
1533 241 1613 283 cir-

215 319 335 363 culos
361 317 490 377 capit.
519 317 611 359 Nec
637 313 789 374 procul
820 329 844 356 a
872 311 1043 355 balineo
1072 311 1219 363 scalae,
1245 328 1340 371 quae
1366 312 1409 354 in
1436 321 1611 372 crypto-

216 393 435 453 porticum
456 389 625 439 ferunt‚
650 388 770 447 prius
796 385 849 428 ad
870 384 1015 428 diaetas
1040 394 1138 428 tres.
1165 387 1329 428 Harum
1355 383 1435 426 alia
1462 383 1616 426 areolae

217 465 303 518 illi,
330 465 373 507 in
409 478 494 523 qua
525 460 690 521 platani
717 469 925 519 quatuor,
950 456 1032 500 alia
1062 466 1213 518 prato,
1248 455 1329 499 alia
1362 454 1497 498 vineis
1531 455 1615 497 im-

152 556 166 561 ·’
218 539 378 590 minet,
404 535 680 593 diversasque
706 531 796 576 caeli
823 541 990 590 partes,
1017 539 1065 573 ut
1090 539 1342 589 prospectus
1359 565 1369 584 ‚
1393 528 1538 571 habet.
1564 530 1617 570 In

218 626 386 654 summa
402 606 730 669 cryptoporticu
745 603 995 647 cubiculum
1007 636 1018 657 ‚
1031 618 1083 645 ex
1096 603 1187 662 ipsa
1204 600 1530 661 cryptoporticu
1545 615 1619 641 ex-

217 684 351 727 cisum
362 717 372 736 ,
386 680 505 742 quod
520 677 861 739 hippodromum
873 711 884 731 ‚
898 677 1063 729 vineas,
1079 684 1246 718 montes
1259 710 1270 728 ‚
1286 675 1494 716 intuetur.
1513 674 1619 715 Jun-

220 757 338 817 gitur
363 751 612 797 cubiculum
636 751 815 794 obvium
835 748 913 792 soli
930 784 941 804 ⁷
967 749 1154 791 maxime
1180 748 1378 791 hiberno.
1400 747 1512 788 Hinc
1535 745 1620 788 ori-

219 840 292 873 tur
317 829 462 882 diaeta,
489 842 583 886 quae
607 823 716 867 villae
741 821 1083 883 hippodromum
1109 821 1311 864 adnectit.
1338 823 1439 863 Haec
1465 819 1618 874 facies,

156 922 170 926 ‘¹
221 903 290 946 hic
318 902 433 943 visus
460 915 483 942 a
510 898 664 941 fronte.
692 898 730 940 A
751 895 883 938 latere
906 896 1049 938 aestiva
1071 894 1418 954 cryptoporticus
1440 894 1482 934 in
1503 891 1621 934 edito

222 977 386 1036 posita;
418 990 512 1034 quae
541 988 630 1015 non
661 970 882 1030 adspicere
918 969 1090 1023 vineas,
1120 967 1194 1010 sed
1223 976 1400 1025 tangere
1430 963 1619 1007 videtur.

222 1052 273 1092 In
308 1047 449 1091 media
475 1044 713 1088 triclinium
743 1042 1075 1086 saluberrimum
1108 1040 1316 1083 adflatum
1348 1054 1399 1080 ex
1423 1037 1622 1097 Apenni-

222 1123 289 1166 nis
313 1120 497 1164 vallibus
526 1118 682 1178 recipit
709 1133 718 1160 :
747 1125 845 1176 post
872 1114 1088 1158 latissimis
1120 1112 1317 1157 fenestris
1341 1112 1507 1165 vineas,
1531 1108 1624 1153 val-

223 1197 285 1239 vis
310 1210 431 1254 aeque
457 1193 627 1242 vineas,
652 1189 725 1233 sed
752 1205 829 1248 per
854 1186 1249 1248 cryptoporticum,
1275 1184 1397 1244 quasi
1422 1182 1625 1226 admittit.

227 1271 264 1312 A
299 1267 431 1310 latere
468 1262 670 1318 triclinii,
704 1261 821 1322 quod
856 1260 1054 1304 fenestris
1088 1268 1235 1312 caret,
1268 1256 1389 1300 scalae
1427 1255 1628 1299 convivio

227 1339 349 1383 utilia
382 1337 613 1381 secretiore
646 1335 814 1378 ambitu
847 1342 1101 1394 suggerunt.
1142 1335 1191 1375 In
1230 1331 1316 1374 fine
1348 1328 1625 1381 cubiculum;

227 1414 296 1456 cui
317 1428 405 1454 non
427 1411 571 1453 minus
589 1406 835 1468 jucundum
855 1415 1132 1466 prospectum
1151 1403 1497 1465 cryptoporticus
1520 1401 1628 1460 ipsa⁷

226 1502 356 1546 quain
380 1485 514 1526 vineae
540 1481 749 1541 praebent.
772 1479 929 1523 Subest
947 1478 1316 1539 cryptoporticus,
1335 1474 1628 1518 subterraneae

228 1556 397 1611 similis3
414 1565 558 1599 aestate
582 1552 749 1596 incluso
768 1551 928 1611 frigore
955 1552 1086 1610 riget,
1100 1558 1390 1607 contentaque
1411 1562 1509 1589 aere
1530 1561 1627 1599 suo,

230 1647 310 1673 nec
336 1628 552 1672 desiderat
578 1641 726 1680 auras,
753 1641 831 1667 nec
850 1623 1051 1667 admittit.
1073 1625 1172 1665 Post
1196 1632 1426 1679 utramque
1452 1627 1625 1678 crypto-

230 1704 447 1764 porticum
463 1735 473 1754 ,
500 1698 615 1743 unde
642 1697 880 1741 triclinium
905 1696 1062 1739 desinit
1077 1730 1088 1749 ,
1111 1694 1264 1754 incipit
1287 1692 1502 1752 porticus;
1529 1699 1629 1732 ante

231 1775 425 1819 medium
451 1772 566 1816 diem
583 1806 594 1825 ⁷
614 1770 815 1823 hiberna3
838 1768 1044 1812 inclinato
1067 1767 1155 1820 die,
1176 1767 1334 1809 aestiva.
1358 1765 1452 1806 Hac
1470 1761 1630 1805 adeun-

232 1859 305 1892 tur
329 1849 463 1891 diaetae
488 1846 605 1899 duae,
624 1859 810 1904 quarum
834 1843 877 1884 in
899 1841 1033 1884 altera
1056 1838 1255 1883 cubicula
1275 1846 1479 1897 quatuor,
1498 1833 1633 1877 altera

234 1985 330 2015 Rom.
355 1982 583 2025 Spheristerion
598 2003 606 2018 ,
628 1979 716 2020 quod
728 1979 837 2019 pl'ura.
859 1975 902 2007 H.
1016 1976 1276 2015 -Diversasque
1289 1972 1373 2007 cccli,
1389 1977 1454 2001 etc.
1468 1969 1565 2000 Rom.
1579 1968 1633 1998 Di-

236 2056 280 2059 a*
305 2037 454 2066 Circulos.
482 2032 565 2063 Uria
592 2028 784 2061 ludentium
816 2027 903 2072 pila,
970 2040 1142 2069 versasque
1168 2027 1237 2056 coeli
1263 2024 1366 2066 parcis
1394 2032 1429 2052 uc
1448 2028 1634 2063 prospectus

237 2084 374 2133 [σφαίρᾳ.
393 2097 409 2117 a
431 2097 498 2129 qua
519 2084 688 2128 σῳαιρίζεω
706 2088 753 2113 est
771 2082 841 2123 pila
862 2083 907 2111 lu·
971 2082 1080 2117 habet,
1098 2087 1134 2111 ut
1151 2076 1276 2110 Medic.
1290 2076 1333 2107 H.

238 2142 328 2177 dere,
350 2140 430 2181 etc.)
445 2148 553 2180 eoque
569 2142 665 2167 motu
681 2146 804 2178 corpus
818 2145 909 2165 exer·
1022 2144 1074 2174 29.
1101 2133 1154 2161 Ex
1171 2129 1345 2170 Apenninis
1360 2127 1497 2157 vallibus
1514 2124 1633 2165 recipit.

239 2191 402 2224 centium.
424 2190 473 2220 De
493 2186 719 2233 sphaeristerio
742 2193 773 2218 et
799 2185 908 2217 diver·
974 2185 1069 2216 Rom.
1103 2185 1156 2212 Ecc
1186 2181 1360 2223 Apenninis
1385 2179 1523 2209 vallibus
1550 2176 1636 2206 acci-

240 2245 335 2277 sitate
366 2243 504 2274 lusuum
523 2240 647 2271 horum
674 2237 745 2270 vid.
769 2238 907 2269 Mercu·
967 2238 1027 2278 pit.
1040 2235 1080 2266 H.

241 2296 315 2329 rial.
338 2294 379 2327 cle
397 2301 469 2326 arte
486 2299 657 2338 gymnast.
675 2291 690 2322 I
705 2315 713 2329 ,
730 2302 749 2333 9
764 2315 772 2329 ,
794 2290 827 2321 it.
849 2289 884 2320 II
898 2313 906 2328 ‚
1021 2288 1074 2320 3ο.
1104 2287 1275 2317 Secretiore
1303 2284 1424 2314 ambitu
1456 2289 1634 2324 suggerunt.

244 2355 260 2390 ᾗ
275 2374 283 2388 ,
300 2356 331 2380 et
349 2347 379 2380 5.
403 2346 446 2378 G.
974 2341 1070 2371 Rom.
1093 2339 1263 2369 Secreciore
1285 2338 1374 2367 aditu
1398 2342 1575 2377 suggerunt.
1590 2331 1635 2363 Η.

291 2421 335 2425 -ῆ
349 2401 460 2430 Scalce.
482 2397 559 2428 Non
578 2408 664 2440 opus
683 2402 751 2434 est,
766 2403 800 2426 ut
816 2392 911 2426 intel·
974 2413 1019 2417 —
1031 2392 1083 2425 Sic
1109 2391 1164 2424 alii
1190 2390 1291 2422 etiam
1317 2386 1416 2419 libri:
1432 2398 1495 2418 nec
1520 2383 1635 2429 displi-

244 2454 391 2497 ligamus
409 2448 535 2495 gradus
553 2449 587 2480 in
602 2448 675 2491 ipsa
688 2446 912 2479 :edificatione
976 2452 1040 2478 cet.
1068 2445 1101 2477 S.
1129 2463 1174 2467 —
1200 2443 1248 2474 Ex
1268 2440 1373 2473 verbo
1400 2440 1518 2470 ambitu
1547 2436 1637 2469 colli-

244 2504 511 2549 comprehensos
542 2513 580 2533 ac
612 2507 720 2532 tectos
744 2505 913 2543 :possunt
977 2504 1062 2542 gunt
1081 2521 1089 2536 ‚
1126 2507 1182 2528 eas
1212 2492 1372 2525 habuisse
1401 2491 1547 2522 formam
1581 2500 1638 2520 co-

245 2570 317 2591 esse
336 2555 462 2602 gradus
479 2554 582 2587 etiam
606 2551 800 2585 subdivales
813 2576 820 2590 ‚
842 2550 913 2596 qui·
978 2550 1096 2583 chleae.
1116 2548 1182 2580 ΕΒ.

245 2608 504 2642 busdiversaein
516 2606 636 2640 eodem
656 2604 743 2637 colle
754 2604 911 2650 planities
1025 2621 1069 2626 —-
1095 2603 1224 2643 Frigore
1248 2599 1326 2640 riget
1349 2593 1572 2640 hyperbolice
1590 2592 1637 2625 di-

243 2665 449 2708 junguntur.
469 2660 511 2691 G.
979 2663 1073 2687 ctum
1089 2678 1096 2685 .
1117 2652 1219 2684 habet
1240 2649 1357 2692 frigus.
1380 2648 1445 2679 ΕΒ.
