1742 2989
219 197 309 244 256
635 204 685 246 C.
724 203 946 246 PLINII
980 203 1107 246 LIB.
1144 202 1232 245 IV.

172 294 190 321 :3
218 280 454 343 periclitati
478 299 650 340 sumus,
674 300 911 344 rursusque
931 284 1233 344 processimus·
1258 281 1525 327 Profuerunt
1545 298 1620 325 no-

216 354 282 399 bis
307 355 525 400 bonorum
555 358 777 412 amicitiae,
802 367 845 401 ct
870 357 1127 411 obfuerunt,
1153 357 1400 415 iterumque
1422 365 1617 415 prosunt.

216 428 261 472 Si
294 439 519 490 computes
550 447 716 487 annos,
744 432 952 491 exiguum
982 440 1156 490 tempus
1187 447 1195 473 :
1228 430 1262 472 si
1298 429 1410 472 vices
1440 445 1617 484 reruni,

170 503 191 533 ⁶
215 519 353 548 aevum
396 514 534 565 putes.
565 504 698 561 Quod
726 513 870 565 potest
898 520 988 547 esse
1014 503 1303 557 documento,
1329 500 1438 544 nihil
1463 501 1621 561 despe-

218 597 336 637 rare,
364 580 470 624 nulli
500 580 561 623 rei
588 579 749 634 fidere,
776 594 913 638 quum
937 576 1161 621 videamus
1190 586 1253 620 tot
1275 576 1505 619 varietates
1532 583 1620 617 tam

173 659 192 691 7
216 653 397 697 volubili
420 652 524 696 orbe
548 651 801 712 circumagi.
823 650 937 694 Mihi
962 659 1108 693 autem
1132 648 1342 693 familiare
1362 657 1449 703 est,
1469 663 1622 690 omnes

217 726 503 786 cogitationes
530 741 648 768 meas
674 734 819 768 tecum
845 723 1195 779 communicare,
1220 721 1459 781 iisdemque
1485 729 1527 763 te
1553 718 1621 762 vel

218 799 444 859 praeceptis
471 797 536 840 vel
566 795 773 857 exemplis
802 812 1006 851 monere,
1029 796 1188 856 quihus
1217 796 1306 856 ipse
1332 811 1401 838 me
1430 808 1619 837 moneo:

217 887 313 932 quae
338 870 449 914 ratio
472 870 603 930 hujus
625 869 816 931 epistolae
839 870 935 914 fuit.
952 869 1075 914 Vale.

212 1017 409 1057 processisse,
420 1025 528 1058 quum
536 1012 736 1059 eloquentiae
745 1024 887 1045 munere
953 1013 1107 1043 bonorum
1125 1018 1207 1042 nata
1224 1010 1278 1042 sit.
1299 1009 1430 1042 Placuit
1447 1021 1488 1042 ea
1506 1007 1621 1041 Cortio

216 1075 249 1100 et
271 1067 432 1101 laudibus
455 1067 572 1112 plures
595 1065 758 1110 deinceps
779 1065 888 1097 hono·
953 1071 986 1097 et
1010 1062 1161 1108 Gierigio
1181 1074 1190 1095 ;
1209 1075 1271 1108 pro
1290 1074 1371 1101 sua,
1391 1061 1533 1106 opinor,
1554 1059 1623 1092 Pli-

215 1132 269 1154 res
282 1145 291 1160 ‚
303 1117 888 1161 Quaesturam‚Tribunatum‚Prae-
952 1117 1030 1149 nius
1045 1128 1115 1148 non
1132 1122 1344 1159 agnosceret.
1364 1115 1397 1147 S.

216 1182 329 1206 turam
350 1179 633 1218 consequeretur.
654 1172 693 1205 E.
1000 1171 1033 1201 6.
1057 1173 1166 1200 Potest
1187 1181 1251 1200 esse
1275 1170 1473 1199 documento.
1493 1163 1622 1197 Admo-

263 1227 296 1260 5,
311 1227 504 1270 Proficerlmt
520 1227 610 1257 nobis
630 1227 804 1264 bonorum,
818 1232 883 1257 etc.
953 1234 1035 1255 nere
1065 1233 1129 1254 nos
1159 1227 1283 1266 potest.
1306 1220 1347 1251 E.
1368 1239 1413 1243 ——
1444 1219 1621 1249 Varietates

214 1279 313 1311 Rom.
324 1279 518 1322 Profuerunt
525 1280 614 1310 nobis
625 1278 776 1309 amiciciae
790 1279 886 1308 bono·
951 1274 1037 1307 varii
1052 1286 1149 1307 casus
1163 1274 1228 1307 En.
1243 1293 1287 1298 —ss
1301 1273 1393 1304 Nihil
1400 1295 1499 1303 .....
1502 1272 1620 1314 fidere.

215 1344 285 1362 rum
303 1341 333 1363 ec
344 1332 528 1375 obficermzc,
550 1333 724 1373 iterumque
736 1339 883 1373 prosunt.
951 1326 1100 1360 Videtur
1118 1326 1175 1360 hie
1194 1324 1325 1371 aliquid
1346 1323 1463 1357 deesse
1482 1321 1526 1355 ad
1545 1334 1622 1355 sen-

218 1382 346 1416 Deinde
357 1410 366 1426 ‚
379 1394 589 1427 cevumpntes.
606 1383 649 1415 H.
664 1403 709 1407 -
722 1382 811 1415 Hinc
829 1394 885 1426 ap·
952 1393 1009 1413 sus
1034 1379 1280 1425 integritatem.
1300 1378 1392 1411 Num
1419 1382 1497 1422 post
1514 1376 1622 1420 fidere

216 1444 332 1480 paret,
360 1435 451 1469 unde
471 1436 506 1469 in
532 1436 604 1470 aliis
632 1435 765 1468 iteratio
792 1434 886 1468 vocis
952 1432 1078 1466 excidit
1096 1435 1205 1464 decere
1217 1438 1232 1463 .³
1244 1432 1278 1465 S.

225 1573 886 1589 mmmswsmxmmmW-snmmxm
894 1573 1185 1585 mmmmm
1192 1568 1497 1582 „mv-‘55⁸2u35m.
1505 1565 1607 1577 ‚v—W-

818 1721 1017 1775 XXV.

221 1885 358 1919 Narrat
371 1882 555 1927 evenisse,
568 1881 670 1930 quod
686 1879 732 1916 dc
751 1879 945 1915 tabellaria
959 1879 1039 1926 lege
1054 1875 1297 1926 praedixerat:
1314 1872 1399 1909 etin
1412 1870 1620 1907 scurriliter

297 1947 468 1983 ludentes
489 1946 691 1983 invehitur.
712 1948 801 1982 Haec
821 1943 979 1993 epistola
996 1941 1136 1991 pendet
1157 1953 1203 1977 cx
1222 1942 1278 1976 III
1291 1968 1300 1984 ‚
1317 1951 1375 1987 ep.
1397 1949 1455 1972 20.
1473 1938 1540 1972 En.

377 2095 416 2123 C.
457 2092 690 2122 PLINIUS
726 2090 931 2119 MESSIO
967 2086 1201 2116 MAXIMO
1237 2068 1258 2086 *⁵
1289 2083 1391 2112 SUO
1427 2082 1459 2109 S.

283 2226 571 2267 Scmpsmffl
603 2220 704 2273 tibi,
725 2216 962 2261 verendum
992 2231 1103 2267 esse,
1131 2229 1185 2255 ne
1215 2229 1266 2254 ex
1294 2210 1433 2253 tacitis
1462 2207 1618 2251 suffra-

221 2297 302 2357 giis
325 2294 483 2338 vitium
504 2291 679 2352 aliquod
700 2292 922 2333 exsisteret
945 2306 953 2331 :
978 2288 1140 2331 factum
1161 2295 1238 2328 est.
1255 2283 1468 2329 Proximis
1488 2281 1619 2324 comi-

222 2371 292 2414 tiis
323 2370 366 2412 in
399 2366 658 2428 quibusdam
692 2363 857 2407 tabellis
889 2361 1024 2405 multa
1053 2357 1294 2420 jocularia,
1326 2365 1457 2415 atque
1488 2354 1615 2397 etiam

223 2443 334 2487 focda
369 2442 512 2494 dictu3
541 2440 585 2481 in
616 2454 703 2481 una
731 2454 833 2480 vero
862 2453 942 2496 pro
977 2433 1309 2478 candidatorum
1344 2426 1617 2478 nominibus,

178 2540 195 2558 a
223 2516 561 2576 suffragatorum
591 2513 768 2554 nomina
797 2511 971 2552 inventa
998 2516 1113 2551 sunt.
1144 2502 1388 2549 Excanduit
1414 2508 1614 2552 senatus,

269 2658 377 2690 XXV.
392 2656 406 2671 *
425 2656 473 2687 De
493 2657 605 2687 Messio
628 2654 772 2686 Mai-imo
789 2665 819 2684 v.
844 2650 884 2683 acl
1004 2661 1032 2680 1.
1053 2649 1244 2689 Scripseram
1261 2646 1326 2676 tibi.
1345 2643 1455 2687 Supra
1471 2640 1527 2673 lib.
1547 2640 1613 2679 III,

223 2711 275 2743 ΠΙ
288 2735 295 2749 ,
310 2722 364 2754 ep.
386 2721 438 2741 20.
453 2708 517 2740 En.
955 2701 1052 2747 epist.
1074 2713 1126 2732 20.
1142 2698 1183 2731 G.
