1757 2880
463 111 553 153 AD
584 111 619 152 J.
654 110 705 151 A.
742 106 1168 151 ERNESTIUM.
1410 119 1499 147 va

98 195 251 230 delicias
271 192 319 227 ad
337 190 410 228 alia
427 191 555 226 omnia
576 189 713 237 petitas
741 188 932 224 novimus.
952 188 1011 221 An
1028 186 1079 220 ita
1099 196 1245 233 pauper
1263 191 1317 219 est
1333 184 1477 220 Plinius
1489 213 1499 229 ‚

99 264 143 291 ut
158 255 276 291 solius
289 253 470 301 augendae
485 250 666 288 orationis
682 258 715 286 et
730 249 887 297 epitheti
901 259 1033 283 caussa
1049 246 1322 293 superstitiom's
1339 245 1501 280 mentio-

100 329 186 352 nem
210 313 484 349 inculcaverit?
500 312 576 348 Sed
597 313 671 347 hoc
694 311 774 358 ipse
798 309 910 345 sentit
937 308 996 343 vir
1016 307 1153 343 doctus
1174 320 1181 341 ε
1207 314 1242 341 et
1264 307 1361 341 lianc
1384 306 1505 353 ipsam

101 375 278 412 mutandi
296 387 468 411 caussam
493 374 608 409 fuisse
625 379 735 422 putat
755 368 1068 417 descriptoribus.
1094 369 1236 404 Contra
1258 367 1361 415 apud
1382 368 1508 402 Petro-

101 437 208 474 nium
230 449 260 472 c.
280 437 454 472 CXVIII.
481 437 649 470 Deorum
679 434 746 468 illa
764 432 994 474 ministeria,
1014 442 1083 477 per
1107 443 1190 477 quae
1205 429 1510 477 proecipitcmdus

104 506 159 534 est
178 499 272 533 liber
290 504 410 545 poetae
430 497 582 544 spiritus
595 521 606 536 ,
629 493 790 542 simplici
814 492 1035 539 conjectura
1051 518 1062 533 ,
1082 504 1159 538 qua
1179 502 1306 525 severe
1329 489 1425 525 adeo
1447 489 1510 524 in-

104 558 257 595 terdicit
286 557 393 600 aliis,
416 557 456 591 in
481 556 660 603 mysteria
694 562 882 590 mutatum
905 553 957 597 it,
988 552 1029 587 in
1054 565 1132 601 quo
1162 551 1289 587 minus
1313 551 1429 586 etiam
1453 550 1509 586 illi

104 619 304 656 assentiar.
328 617 517 654 Nimirum
534 629 660 665 neque
680 616 744 652 ille
762 615 975 661 GronoviO,
997 613 1230 657 Schwarzio,
1252 612 1369 658 mihi,
1391 624 1513 662 quum

107 694 152 717 ex
169 680 321 728 optimis
340 679 454 714 libris

158 743 188 777 L
200 770 211 786 ,
237 747 271 785 4,
297 740 455 789 legimus
473 740 621 775 domini
637 739 783 774 scientis
795 766 804 782 ,
825 737 930 786 quod
949 749 1077 773 severe
1095 735 1273 781 damnat,
1297 748 1423 785 neque
1442 748 1514 785 pu-

108 811 183 849 tat,
205 805 424 838 Romanum
441 813 672 849 quemquam
693 799 745 835 sic
761 799 871 848 loqui
890 799 1074 849 potuisse.
1090 798 1161 834 Sed

161 867 212 907 L,
246 863 267 900 5
284 891 294 908 ,
328 862 467 899 retinet
495 863 716 911 vulgatum,
740 863 844 910 quod
871 862 919 896 sit
955 861 1180 896 detestanda
1208 859 1390 903 avaritia,
1424 865 1516 903 etc.,

109 925 258 975 aitque,
281 925 360 961 sine
384 923 462 959 ulla
490 923 717 959 difficultate
746 930 843 958 recte
869 933 980 969 posse
1003 921 1155 969 exponi.
1182 921 1325 956 Vellem
1357 918 1517 955 fecisset.

111 990 209 1024 Nam
223 985 450 1022 laborarunt
467 984 660 1021 Livineius
672 1011 681 1027 ,
698 984 854 1032 Lipsius
870 1011 878 1026 ‚
896 983 1056 1030 reliqui,
1075 981 1141 1030 qui
1157 994 1230 1029 quo
1244 982 1313 1024 sit,
1331 979 1518 1015 maluere:

111 1047 302 1085 laboravit
318 1047 541 1082 Perizonius
558 1046 620 1082 cui
630 1044 836 1080 videbatur
851 1044 1054 1093 legendum
1070 1043 1215 1091 quofit.
1233 1041 1329 1077 Vide
1347 1044 1370 1078 ὦ
1382 1047 1523 1091 φιλότης,

114 1123 162 1146 an
183 1122 267 1144 non

166 1173 216 1207 LI
229 1199 238 1215 ,
261 1183 292 1214 1,
315 1169 521 1217 legendum
542 1170 589 1204 sit
608 1170 715 1203 Idem
737 1176 815 1201 tam
827 1179 974 1214 parcus
992 1167 1058 1200 es?
1076 1165 1247 1201 Verbum
1269 1177 1307 1198 es
1327 1163 1439 1198 facile
1459 1162 1523 1197 ab-

117 1233 261 1282 sorpsit
277 1231 424 1281 syllaba
439 1230 672 1279 praecedens.
688 1231 934 1276 Quamquam
951 1227 1094 1263 arctior
1110 1226 1152 1261 [it
1172 1225 1348 1261 transitio
1368 1223 1505 1272 ellipsi-

169 1296 234 1338 LI,
252 1307 288 1329 2.
303 1305 348 1329 ex
365 1293 476 1328 MSS.
496 1290 602 1326 dedit
622 1292 810 1337 Magnum
831 1289 988 1334 rejicere
1001 1288 1162 1335 aliquid,
1182 1294 1267 1332 eto,
1289 1284 1345 1321 Cl.
1362 1288 1525 1322 Arntze-

118 1355 204 1392 nius
220 1382 230 1398 ,
251 1362 287 1390 et
310 1353 348 1389 in
368 1354 453 1388 loco
474 1360 610 1388 vexato

171 1418 252 1459 LII,
271 1428 308 1460 2,
324 1417 447 1461 Quum
464 1415 618 1449 deorum
630 1413 711 1460 lpse
723 1410 801 1447 hon
813 1412 866 1446 sis
880 1413 1053 1458 adeptus,
1069 1410 1108 1445 in
1127 1423 1206 1458 quo
1224 1409 1438 1445 adsentitur
1454 1409 1527 1444 Ce-

122 1478 196 1514 leb.
215 1477 445 1515 Schwarzio.
461 1479 573 1512 Juvat
590 1475 880 1523 explicationem
899 1481 1072 1509 nostram
1091 1472 1206 1516 illud,
1227 1471 1333 1519 quod
1353 1471 1530 1506 observat

122 1540 180 1575 vir
199 1539 531 1590 diligentissimus,
553 1538 627 1573 Dec·
644 1538 743 1585 plur·
770 1544 805 1571 et
826 1536 917 1570 Deis
936 1535 975 1569 in
995 1534 1103 1570 libris
1125 1532 1294 1581 antiquis
1315 1532 1494 1567 inveniri.

175 1604 268 1647 LII,
293 1601 325 1637 5.
350 1603 422 1636 Pro
444 1601 613 1645 abjectas
629 1599 718 1647 legit
735 1596 965 1633 Arntzcnius
995 1595 1150 1644 optimis
1174 1593 1396 1630 auctoribus
1423 1592 1530 1638 obje-

125 1671 218 1707 ctas,
246 1670 283 1698 et
298 1661 428 1710 jungit
449 1660 726 1707 cumflammis.

179 1726 283 1768 LVI,
310 1736 344 1758 2.
373 1725 501 1768 Quum
525 1722 684 1769 scripsi,
712 1734 792 1756 non
814 1720 943 1756 statim
963 1719 1012 1754 ad
1037 1731 1173 1755 manus
1196 1730 1276 1754 esse
1296 1717 1533 1763 exemplum,

128 1785 193 1820 ubi
210 1798 297 1821 mem
318 1797 390 1832 pro
403 1796 531 1818 norme
544 1790 725 1830 ponatur,
744 1781 903 1817 alterius
919 1780 1088 1816 auctoris
1103 1779 1252 1826 putavi,
1270 1786 1304 1813 et
1319 1776 1534 1812 indubium.

129 1844 311 1893 Alioquin
333 1844 432 1879 enim
453 1851 535 1878 erat
550 1843 589 1878 in
606 1842 784 1891 proximo
796 1868 806 1885 ,
826 1854 963 1891 nempe
979 1841 1107 1876 XLIX
1119 1867 1128 1884 ,
1151 1845 1185 1884 4,
1204 1838 1270 1874 ubi
1287 1839 1367 1885 ipse
1384 1836 1472 1872 dedi
1492 1849 1537 1872 ex

130 1906 296 1942 editione
314 1906 479 1941 Salmur.
499 1905 610 1950 1671,
631 1917 674 1939 12
688 1933 696 1949 ,
714 1917 805 1939 num
823 1903 1106 1938 remissionibus
1124 1900 1434 1948 tuz'sfrequentia,
1451 1907 1538 1943 etc.,

132 1969 219 2012 Quo
236 1967 275 2002 in
293 1966 379 2003 loco
403 1979 481 2002 non
502 1966 598 2001 illud
618 1966 736 2001 modo
753 1965 970 2000 membrum
984 1991 993 2007 ,
1015 1964 1083 1999 sed
1100 1962 1249 2010 reliqua
1269 1960 1398 1996 omnia
1415 1973 1539 1995 anum

132 2029 320 2076 incipiunt
333 2029 369 2064 in
385 2029 554 2076 antiquis
570 2027 821 2063 editionibus.
840 2026 996 2061 Minime
1009 2033 1134 2070 autem
1149 2023 1349 2071 probabile
1359 2030 1434 2067 est,
1451 2035 1541 2056 num

134 2090 327 2138 posituros
348 2090 464 2125 fnisse
484 2089 628 2137 primos
650 2087 835 2131 editores,
858 2087 889 2122 si
906 2086 1142 2122 invenissent
1165 2098 1240 2120 non
1262 2085 1299 2119 in
1319 2084 1398 2120 suis
1420 2083 1541 2118 libris.

136 2153 280 2186 Verum
290 2150 424 2194 Faber,
437 2150 516 2193 alii,
534 2158 569 2185 et
582 2150 742 2199 jam,Cl.
756 2148 986 2183 Arntzenius
1004 2148 1057 2182 ibi
1075 2158 1231 2194 quoque
1245 2158 1318 2180 non
1335 2143 1541 2179 dederunt.

137 2212 206 2249 Hic
227 2224 352 2246 nonne
379 2225 420 2247 ea
450 2224 583 2247 caussa
612 2212 729 2259 magis
754 2210 914 2259 placuit,
936 2210 1026 2256 quia
1050 2209 1100 2243 ob
1128 2215 1349 2255 sequentem
1374 2206 1545 2240 vocalem

138 2273 248 2309 facile
274 2273 374 2307 inter
392 2272 614 2308 dictandum
634 2271 809 2307 excidere
831 2271 1001 2318 potuisse
1021 2270 1232 2305 encliticam
1249 2282 1295 2303 ne
1316 2267 1543 2303 arbitraban

139 2335 329 2370 Caeterum
359 2333 528 2379 ejusdem
548 2333 706 2379 originis
719 2361 728 2377 ,
752 2340 852 2368 certe
872 2331 1161 2379 significationis
1175 2359 1183 2374 ,
1203 2329 1452 2376 ejusdemque
1470 2327 1546 2363 fere

139 2394 470 2445 pronuntiationis
495 2395 679 2430 vocabula
706 2408 795 2429 num
819 2401 853 2429 ct
879 2407 953 2428 non
975 2393 1025 2428 ita
1048 2394 1200 2428 misceri
1227 2399 1372 2427 certum
1399 2398 1475 2434 est,
1503 2397 1546 2425 ut

142 2456 205 2492 vix
227 2468 401 2502 unquam
422 2456 461 2490 in
483 2455 845 2504 interrogationibus
866 2463 1011 2490 certum
1026 2455 1098 2499 sit,
1122 2462 1210 2490 utra
1233 2454 1279 2488 sit
1298 2452 1543 2500 praeferenda.

143 2517 227 2551 Non
246 2515 319 2551 hoc
339 2516 535 2551 intellectu
554 2516 719 2551 occurrit
739 2516 853 2550 etiam
873 2517 1019 2561 LVIII,
1044 2517 1087 2561 3,
1113 2515 1152 2550 it.
1175 2515 1325 2558 LXIII,
1349 2514 1382 2549 3.

195 2577 319 2619 LVII,
352 2582 387 2619 4.
421 2579 495 2613 Pro
520 2578 643 2612 sexies
676 2577 834 2623 conjicit
860 2576 917 2613 vir
945 2578 1001 2614 Cl.
1030 2578 1186 2625 septies,
1220 2584 1261 2611 ut
1288 2574 1476 2612 referatur
1501 2574 1546 2610 ad
