1742 2989
627 203 971 245 EPISTOLA
1016 203 1156 245 vill.

1538 217 1586 244 21

188 284 254 327 his
283 284 462 335 caussis,
496 282 613 342 quod
640 299 728 326 non
760 283 905 339 ludos⁷
923 293 995 327 aut
1024 282 1307 344 gladiatore5‚
1325 282 1399 328 sed
1425 299 1596 326 annuos
1627 314 1665 334 ,ο

188 365 387 416 sumptus
423 356 467 398 in
500 354 706 399 alimenta
740 357 1034 416 ingenuorum
1064 355 1394 416 pollicebamur.
1427 355 1593 399 Oculo-

188 446 285 472 rum
318 445 452 489 ΡΟΓΓΟ
485 439 524 472 Gt
557 429 729 472 aurium
763 429 1013 490 VOlUPtZUCS
1046 429 1154 473 adeo
1188 446 1277 472 non
1313 438 1443 490 egent
1473 445 1596 472 conl-

187 501 466 544 mendatione
481 536 492 553 ,
515 511 563 544 ut
584 519 672 544 non
698 512 786 545 tam
815 503 985 546 incitari
1009 503 1197 546 debeant
1221 503 1442 557 oratione,
1463 519 1595 563 quam

187 576 366 634 reprimi
388 584 465 618 :ut
496 591 599 618 vero
631 574 785 636 aliquis
813 575 999 620 libenter
1026 576 1300 620 educationis
1328 576 1504 620 taedium
1532 575 1596 619 la·-

187 647 427 708 boremque
457 649 686 709 suscipiat,
721 666 809 692 non
845 649 1033 709 praemiis
1074 649 1230 703 modo,
1267 665 1417 692 verum
1465 650 1596 693 etiam

186 722 410 781 exquisitis
435 721 815 766 adhortationibus
843 722 1168 783 impetrandum
1198 732 1259 765 est
1283 739 1292 765 :
1316 739 1415 766 nam
1443 724 1476 766 si
1505 739 1597 766 me-

185 793 271 837 slici
299 794 516 849 salubres,
542 795 615 838 sed
642 795 867 856 voluptate
897 806 1093 840 carentes
1118 796 1269 850 cibos,
1298 795 1599 841 blandioribus

186 867 387 928 alloquiis
428 878 787 929 prosequuntur3
829 879 996 930 quanto
1046 871 1184 931 magis
1233 869 1379 913 decuit
1424 868 1599 930 publice

185 941 504 997 consulentem,
527 942 807 986 utilissimum
830 960 1012 998 munus,
1033 942 1105 987 sed
1135 960 1220 986 non
1248 943 1429 1003 perinde
1454 960 1599 1004 popu-

186 1013 297 1070 lare,
325 1016 530 1059 comitate
563 1017 773 1059 orationis
803 1016 1040 1061 inducere?
1068 1017 1309 1077 praesertini
1334 1034 1472 1077 quum
1504 1018 1600 1059 eni-

188 1133 234 1162 {ia
255 1142 377 1163 nostra.
399 1132 497 1164 Rom.
522 1141 674 1173 tantoque
696 1133 861 1162 laudatior

186 1186 403 1229 'nullificentia
420 1194 541 1215 HOSU'II.
560 1183 604 1215 Ii.

237 1249 286 1268 10.
312 1239 435 1274 Ludos,
461 1247 519 1268 auc
537 1237 736 1279 gladiatores
758 1235 860 1280 vulgo

184 1288 384 1332 promittere
401 1289 574 1327 solebant,
586 1288 645 1333 qui
663 1287 808 1321 influere
825 1288 858 1320 in

185 1342 318 1373 animos
341 1341 571 1374 multitudinis
591 1341 769 1373 volebant.
792 1340 858 1375 Sed

184 1402 300 1427 noster
314 1395 430 1427 utilius
446 1394 626 1439 pecuniam
642 1406 739 1426 suam
755 1393 859 1426 collo-

185 1460 263 1480 care
292 1447 422 1486 voluit,
448 1447 589 1494 Trajani
615 1446 857 1479 liberalitatem

183 1500 334 1533 imitatus
349 1525 357 1539 ,
374 1500 433 1545 qui
452 1500 581 1544 primus
598 1502 752 1532 alimenta
772 1502 858 1542 inge-

184 1567 318 1584 nuorum
334 1552 430 1586 dedit
443 1578 450 1592 ‚
465 1565 535 1585 non
551 1552 655 1585 modo
671 1553 784 1585 Romae
800 1552 859 1585 sed

184 1606 218 1638 in
238 1606 312 1639 aliis
330 1618 469 1651 quoque
487 1605 592 1638 Italiae
612 1604 761 1651 oppidis.
787 1605 854 1638 ΕΙ).

186 1680 230 1684 ——
245 1664 282 1690 In
295 1661 448 1691 alimenta
462 1661 682 1702 ingenuorum.
698 1659 737 1690 In
753 1658 859 1691 veteri

184 1713 346 1756 Inseript.
363 1711 455 1757 apud
472 1711 573 1745 Grut.
593 1724 626 1756 p.
651 1711 751 1750 1028,
769 1723 803 1742 n.
825 1711 859 1750 5,

183 1764 241 1807 (de
257 1766 356 1810 eujus
369 1765 512 1798 (liversis
523 1764 686 1809 exemplis
700 1772 731 1797 et
747 1764 860 1797 lectio-

183 1818 285 1850 nibus
307 1819 361 1850 Jo.
386 1818 568 1850 Massonus
600 1817 632 1848 in
658 1817 754 1862 praef.
780 1817 859 1848 vitae

183 1870 297 1913 Plinii)
308 1883 342 1903 IN
358 1881 523 1902 ΑιιΜΕΝΤ.
536 1880 687 1902 szuon.
700 1880 742 1900 ΕΤ
756 1880 860 1901 PUEL-

184 1935 264 1955 LAR.
282 1934 382 1955 PLEB.
398 1934 480 1955 URB.
496 1922 583 1954 H-S.
601 1946 607 1952 .
625 1933 676 1953 .1N
695 1932 861 1954 TUTELAM

182 1986 418 2007 fflnmoTHECAE
429 1987 493 2007 u-s.
507 1973 661 2007 c...Add.
676 1974 766 2006 infra
775 1974 859 2014 VII,

191 2029 228 2061 18
243 2052 251 2067 ‚
276 2040 305 2060 2.
324 2027 368 2060 G.

236 2092 286 2112 12.
304 2082 470 2111 lnducere.
490 2079 540 2111 Ex
558 2091 599 2111 eo
617 2077 710 2110 vocis
727 2090 790 2110 usu
806 2091 859 2111 ac-

186 2131 382 2176 cipiendum
401 2157 409 2171 ,
447 2144 516 2176 quo
547 2133 701 2163 inducunt
733 2130 858 2163 medici

185 2184 307 2228 pilulas
334 2197 420 2217 auro
441 2185 494 2216 vel
518 2192 681 2229 argentm
704 2191 740 2216 ut
765 2186 857 2216 indu-

186 2247 299 2268 fflmcm·
316 2245 431 2270 crusta
450 2237 500 2270 vel
520 2235 663 2269 tectorio
684 2237 832 2282 parietes
847 2262 855 2277 ‚

163 2297 221 2321 ‘'ut
247 2289 424 2334 pigmento
448 2289 571 2322 tabulae
600 2300 607 2321 ε
639 2288 855 2322 medicorum

185 2349 301 2386 aperta
326 2342 381 2374 hic
402 2342 553 2380 menti03
578 2340 621 2373 de
645 2342 771 2386 quibus
791 2343 857 2374 Lu-

185 2402 272 2427 cret.
286 2395 316 2435 I,
329 2396 410 2437 935,
422 2402 453 2427 et
467 2394 531 2433 IV,
552 2394 589 2426 13
606 2405 612 2425 ε
631 2394 737 2427 “Nam
749 2394 855 2428 veluti

186 2447 301 2490 pueris
341 2446 511 2480 absinthia
551 2453 636 2478 tetra
680 2445 856 2479 medentes

184 2500 301 2539 Quum
314 2500 397 2533 dare
408 2507 577 2533 conantur
590 2499 687 2543 prius
702 2512 781 2531 oras
798 2512 859 2545 po-

184 2553 262 2585 cula
272 2553 403 2586 circum
415 2552 628 2595 Contingunt
641 2552 748 2583 mellis
762 2552 856 2585 dulci

186 2603 344 2650 flavoque
354 2606 486 2650 liquore
494 2630 501 2643 ‚
511 2612 561 2637 etc
569 2630 575 2636 .
584 2620 595 2632 n
607 2607 739 2637 Poterat
753 2605 818 2638 etia
824 2619 856 2638 m

187 2657 348 2690 inducunt.
367 2658 410 2690 G.
427 2678 472 2682 —
489 2658 675 2701 Argutatus
689 2665 761 2690 erat
776 2670 854 2690 cum

185 2707 259 2742 aliis
276 2709 313 2744 h.
331 2711 353 2744 l.
371 2711 545 2744 Gesnerus
562 2734 571 2750 ,
590 2710 649 2755 qui
670 2719 853 2744 monuerat

925 1143 1045 1163 vocem
1062 1131 1153 1163 illam
1171 1145 1212 1164 eo
1226 1144 1329 1165 sensu
1344 1131 1598 1178 accipiendam,

924 1196 994 1228 quo
1009 1184 1295 1217 induczmtniedici
1310 1185 1434 1230 pilulas
1449 1197 1534 1217 auro
1547 1185 1599 1217 vel

924 1244 1069 1281 argento
1085 1261 1093 1276 ‚
1113 1244 1170 1269 aut
1195 1240 1389 1269 inducuntur
1411 1245 1526 1270 crusta
1545 1237 1600 1270 vel

924 1289 1066 1321 tectorio
1086 1289 1232 1333 parietes
1250 1314 1258 1328 ‚
1276 1290 1330 1322 vel
1350 1290 1527 1335 pigmento
1547 1297 1598 1322 ta-

923 1341 1023 1373 bulae.
1036 1341 1102 1375 Sed
1114 1342 1357 1386 simpliciorem
1371 1355 1507 1375 sensum
1520 1355 1600 1375 con-

922 1401 1033 1427 textus
1052 1393 1166 1427 docet.
1189 1395 1236 1427 Ut
1262 1395 1353 1427 enim
1380 1396 1417 1427 in
1443 1395 1598 1440 prothesi

923 1447 1050 1480 Plinius
1068 1446 1201 1480 dixerat
1219 1451 1303 1480 cibos
1321 1451 1471 1491 alloquiis
1486 1461 1599 1491 prose-

923 1502 996 1542 qui,
1026 1499 1072 1533 ita
1097 1500 1132 1532 in
1160 1500 1324 1546 apodosi,
1350 1514 1484 1538 munus,
1516 1513 1535 1533 a
1562 1513 1597 1533 se

922 1554 1138 1598 propositum
1158 1580 1166 1594 ,
1192 1557 1343 1586 comitate
1371 1556 1527 1585 orationz's
1553 1556 1600 1584 in-

923 1607 1059 1644 ducere,
1091 1606 1127 1639 h.
1154 1620 1183 1640 e.
1212 1607 1257 1640 ita
1288 1606 1470 1646 exhibere,
1502 1614 1539 1638 ut
1565 1606 1600 1638 id

924 1658 1026 1693 simul
1045 1660 1201 1693 oratione
1221 1659 1348 1692 blanda
1367 1667 1399 1691 et
1418 1659 1507 1692 comi
1524 1672 1602 1705 pro-

922 1713 1078 1756 sequaris
1098 1721 1130 1745 et
1151 1711 1385 1745 commendes.
1408 1712 1482 1744 Hoc
1505 1711 1595 1743 enini

923 1777 1050 1798 munus
1063 1790 1071 1804 ,
1084 1778 1154 1810 quo
1168 1778 1304 1798 annuos
1316 1772 1473 1809 sumptus
1490 1764 1522 1795 in
1539 1763 1598 1795 ali-

924 1826 1039 1851 menta
1073 1818 1303 1862 ingenuorum
1341 1817 1567 1862 pollicebatur
1589 1842 1598 1855 ,

923 1869 1078 1914 quianon
1094 1879 1165 1903 erat
1178 1873 1351 1913 populare,
1370 1869 1405 1902 h.
1423 1882 1453 1901 e.
1468 1882 1536 1901 non
1553 1869 1597 1902 ita

923 1929 1059 1966 gratum
1079 1923 1208 1968 populo
1223 1947 1231 1962 ‚
1253 1930 1289 1954 ut
1306 1934 1453 1954 munera
1467 1920 1599 1965 gladia-

923 1975 1009 2007 toria
1025 1983 1084 2008 aut
1100 1974 1171 2008 ludi
1188 1975 1367 2008 oculorum
1386 1974 1598 2019 auriumque

923 2027 1155 2072 voluptatibus
1170 2028 1355 2060 servientes
1367 2052 1375 2067 ,
1388 2029 1500 2070 egebat
1515 2039 1599 2057 com-

922 2083 1126 2112 mendacione
1136 2082 1360 2112 etincitatione
1370 2081 1513 2122 quadam.
1526 2092 1597 2109 ora-

923 2134 1035 2171 tionis,
1058 2140 1094 2165 ut
1112 2140 1203 2165 recte
1228 2132 1442 2178 acciperetur
1462 2139 1494 2164 et
1520 2131 1595 2176 pla-

922 2193 1025 2217 ceret.
1054 2186 1094 2217 E.
1124 2206 1170 2209 -
1198 2185 1329 2218 Placuit
1361 2184 1482 2217 eadem
1508 2184 1595 2216 ratio

921 2238 952 2269 J.
966 2239 1006 2269 A.
1023 2237 1180 2270 Ernestio
1197 2249 1204 2269 :
1222 2237 1291 2270 vid.
1302 2237 1447 2270 Gesneri
1462 2235 1505 2269 ad
1518 2248 1595 2268 euin

922 2290 1062 2334 epistola
1074 2290 1240 2323 Plinianis
1251 2289 1400 2335 praefixa.
1412 2289 1529 2321 Altera
1539 2288 1596 2320 illa

922 2342 1156 2387 interpretatio
1169 2368 1177 2382 ‚
1208 2343 1324 2387 inepta
1349 2342 1459 2386 magis
1489 2353 1592 2386 quam

922 2402 1058 2439 arguta,
1070 2407 1087 2429 a
1101 2396 1268 2440 gravitate
1284 2394 1449 2428 orationis
1466 2394 1593 2426 m'rrum

922 2455 1091 2493 quantum
1108 2448 1283 2480 abhorret.
1301 2448 1336 2481 S.
1358 2468 1403 2471 ——-
1423 2449 1520 2488 Quod
1532 2460 1592 2489 pav

923 2503 1059 2533 rentibus
1074 2504 1182 2534 datur.
1199 2500 1327 2532 Plinius
1342 2499 1504 2532 alimenta
1518 2512 1595 2544 pro-

922 2554 1013 2587 misit
1033 2553 1147 2598 pueris
1167 2553 1326 2598 ingenuis
1350 2564 1356 2584 :
1378 2552 1445 2585 hoc
1465 2564 1593 2584 munna

922 2606 1060 2652 proprie
1071 2605 1115 2638 ad
1128 2618 1248 2638 eorum
1263 2613 1419 2649 parentes
1431 2605 1592 2650 pertinet,

921 2659 979 2704 qui
1008 2658 1213 2692 alendorum
1238 2658 1425 2690 liberorum
1452 2669 1592 2689 suorum

922 2723 1025 2745 onere
1043 2711 1239 2744 levarentur
1259 2722 1266 2743 :
1286 2710 1352 2744 hoc
1372 2713 1453 2742 orbis
1470 2709 1591 2747 etiam,

1625 601 1661 622 11

1627 749 1664 770 12
